3008 4904
288 287 362 360 260
599 279 730 366 ilium
755 275 945 380 [tumba
969 273 1121 380 fingite·

286 471 362 542 Alio
386 481 416 538 in
440 489 577 556 tempore
599 488 764 538 memorata
789 481 914 537 ardente
934 479 1019 550 vrbe,
1041 497 1110 536 cum
1132 479 1270 537 monachi
1294 478 1445 540 serenum

288 570 383 628 sancti
402 571 440 626 ad
459 569 562 626 villam
581 568 743 638 deferrent,
758 569 886 624 occurrit
904 569 1025 640 quidam
1044 569 1094 641 qui
1113 585 1211 642 nuper
1229 570 1351 626 domum
1372 569 1446 642 pul-

288 659 392 716 chram
414 658 614 727 edificauerat,
634 665 664 714 et
683 657 857 712 exclamans
876 655 972 712 dixit:
991 654 1038 712 ‘O
1057 665 1160 713 sancte
1177 665 1263 729 pater
1283 665 1312 712 et
1334 667 1447 729 pastor

289 745 437 816 Oswalde,
468 763 538 802 ecce
568 746 692 802 domum
724 759 823 800 meam
850 743 1008 799 voracibus
1038 742 1168 800 llammis
1198 743 1360 800 obnoxiam
1386 744 1446 799 tibi

257 835 377 908 ¹:dono,
405 841 435 889 et
461 833 527 889 iure
553 841 701 906 perpetuo
726 831 941 904 possidendam
966 831 1022 887 sub
1047 840 1098 887 tuo
1122 831 1255 887 dominio
1280 848 1382 904 pono:
1408 841 1445 888 tu

288 939 363 990 eam,
386 921 411 976 si
437 921 543 995 placet,
568 937 585 975 a
610 920 744 992 presenti
769 919 903 992 periculo
928 917 1056 974 liberare
1075 917 1228 990 digneris!
1265 917 1447 974 Introducto

287 1008 387 1083 itaque
407 1007 438 1065 in
460 1009 582 1064 domum
603 1005 683 1064 illam
710 1005 830 1076 feretro,
852 1014 883 1063 et
907 1007 998 1062 domo
1019 1004 1116 1062 vicina
1136 1007 1206 1079 igne
1225 1005 1347 1078 penitus
1367 1024 1447 1062 con-

287 1106 417 1169 sumpta,
442 1097 509 1152 aula
532 1095 611 1168 patri
637 1093 780 1151 Oswaldo
811 1093 1020 1150 commendata
1051 1109 1107 1148 nec
1137 1094 1175 1149 ab
1205 1091 1275 1166 igne
1304 1093 1447 1166 contingi

288 1184 393 1256 potuit,
419 1199 475 1240 nec
502 1183 596 1239 vllum
625 1181 785 1255 vestigium
815 1181 892 1254 ignis
916 1182 947 1238 in
973 1197 1010 1236 ea
1037 1182 1158 1238 resedit
1232 1169 1321 1241 Seua
1345 1183 1447 1254 pesti·

243 1289 275 1327 ro
288 1271 380 1329 lentia
403 1269 648 1343 Wigorniensem
677 1267 861 1342 prouinciam
884 1269 949 1326 vice
974 1269 1102 1340 quadam
1130 1269 1327 1340 depopulans,
1355 1269 1447 1326 viros

287 1375 322 1415 ac
357 1357 508 1428 mulieres,
544 1357 670 1414 iuuenes
705 1365 735 1413 et
770 1355 912 1429 paruulos
947 1355 1068 1412 interitu
1107 1357 1265 1428 repentino
1302 1355 1445 1414 inuoluit.

288 1445 490 1502 Ambulantes
505 1446 684 1518 quandoque
701 1453 751 1500 aut
767 1453 881 1500 stantes
898 1441 996 1500 subito
1014 1443 1167 1514 cadebant,
1180 1451 1210 1499 et
1223 1443 1446 1516 impenitentes

287 1532 450 1590 inconfessi
476 1533 662 1605 expirabant.
700 1529 840 1588 Monachi
860 1548 933 1588 vero
954 1547 1023 1587 cum
1046 1531 1156 1588 feretro
1180 1532 1275 1587 sancti
1296 1531 1445 1588 antistitis

286 1638 344 1694 per
373 1619 527 1677 circuitum
549 1619 632 1676 vrbis
660 1619 786 1675 letanias
810 1627 967 1674 cantantes
998 1637 1053 1692 pro
1080 1619 1176 1674 salute
1200 1618 1303 1692 populi
1328 1619 1445 1676 deuote

243 1731 272 1784 ¹5
288 1707 504 1781 supplicabant
542 1707 580 1762 Et
605 1723 675 1763 ecce
700 1706 857 1763 confestim
882 1705 1054 1778 pestilentia
1078 1715 1139 1762 tota
1163 1724 1225 1762 non
1251 1707 1348 1762 solum
1371 1705 1444 1762 Wi-

287 1795 423 1868 gorniam
448 1794 568 1868 penitus
590 1793 717 1866 reliquit,
743 1795 798 1851 sed
823 1802 853 1851 et
876 1793 963 1850 villas
988 1793 1243 1864 circumiacenteS,
1264 1795 1303 1851 de
1328 1793 1443 1868 quibus

286 1883 385 1940 incole
406 1900 495 1956 opem
516 1880 612 1940 sancti
631 1881 829 1955 implorantes
848 1882 1046 1938 aduenerant.

761 2195 786 2256 tl
798 2193 937 2252 Narrabo
945 2191 964 2252 ¹.

322 2321 510 2392 Amonius
530 2333 694 2391 monachus
714 2333 744 2390 in
765 2333 940 2408 episcopum
960 2333 1137 2409 postulatus,
1156 2343 1185 2391 et
1207 2351 1224 2390 a
1246 2335 1437 2392 multitudine

287 2423 397 2479 ciuium
423 2431 536 2496 captus,
561 2422 678 2479 dicebat
703 2421 893 2495 acquiescere
919 2439 953 2478 se
977 2423 1100 2478 omnino
1125 2439 1185 2478 non
1210 2439 1302 2496 posse
1327 2432 1360 2479 vt
1388 2423 1437 2480 vel

242 2537 276 2576 20
288 2511 384 2567 exiret
405 2511 443 2568 de
462 2509 631 2567 solitudine.
668 2509 805 2583 Cumque
822 2511 939 2567 videret
957 2527 991 2567 se
1011 2527 1071 2566 non
1090 2527 1183 2583 posse
1199 2512 1339 2582 euadere,
1357 2509 1438 2567 serm

287 2598 439 2656 sinistram
462 2614 566 2653 aurem
586 2597 736 2666 radicitus,
758 2597 873 2655 cunctis
894 2597 1074 2666 videntibus,
1094 2596 1198 2667 secuit,
1216 2597 1340 2654 dicens:
1362 2597 1437 2654 ‘Vel

286 2703 367 2742 nunc
383 2687 508 2759 probate
525 2703 574 2741 me
594 2703 653 2740 non
672 2703 772 2758 posse,
789 2687 868 2758 quod
887 2685 1004 2759 cupitis,
1017 2685 1153 2758 implere,
1166 2685 1236 2757 quia
1249 2685 1346 2742 nullus
1364 2703 1438 2742 aure

286 2773 405 2847 precisa
427 2774 517 2829 debet
538 2771 687 2828 ordinari'
724 2773 774 2829 Ad
799 2774 855 2830 hoc
880 2773 1043 2846 episcopus
1066 2773 1236 2829 Dorotheus
1262 2774 1435 2846 respondit:

286 2860 332 2916 ‘A
356 2860 457 2917 Iudeis
477 2859 526 2917 lex
549 2859 606 2916 ista
626 2870 771 2916 seruatur.
810 2859 873 2933 Ego
892 2869 993 2917 autem
1011 2860 1035 2917 si
1054 2860 1198 2917 dederitis
1213 2859 1285 2916 mihi
1305 2861 1438 2934 aliquem

241 2972 272 3024 ²5
287 2948 377 3004 etiam
396 2947 518 3005 naribus
537 2955 704 3004 truncatum
714 2948 733 3018 ²,
752 2949 806 3004 sed
832 2949 966 3005 moribus
990 2948 1127 3022 probum,
1152 2963 1212 3004 non
1237 2965 1308 3004 eum
1333 2949 1437 3006 dubito

286 3036 385 3092 facere
409 3035 601 3108 episcopum?
637 3035 714 3092 Cum
741 3053 813 3108 ergo
837 3037 898 3092 vim
924 3035 1035 3092 inferre
1059 3043 1252 3108 temptarent,
1272 3035 1369 3094 imtus
1391 3055 1437 3094 re·

286 3123 426 3196 spondit:
456 3123 505 3178 ‘Si
530 3140 580 3179 me
603 3123 681 3178 vltra
705 3121 870 3195 coegeritis,
895 3123 984 3180 etiam
1012 3123 1145 3197 linguam
1176 3140 1285 3190 meam,
1311 3135 1438 3198 propter
1477 3141 1478 3163 ¹

286 3227 377 3283 quam
402 3209 474 3267 mihi
500 3209 618 3266 molesti
643 3211 725 3279 estis,
750 3211 920 3268 abscidam!
957 3211 1043 3267 Tunc
1070 3211 1248 3267 dimiserunt
1272 3228 1352 3268 eum.
1393 3213 1437 3269 De
1476 3237 1477 3244 κ

285 3297 343 3354 isto
364 3297 438 3353 dixit
459 3299 564 3353 beatus
588 3295 744 3370 Euagrius,
765 3316 800 3355 se
825 3299 978 3356 neminem
1003 3299 1117 3356 vidisse
1141 3298 1192 3372 qui
1213 3300 1255 3355 sic
1277 3299 1436 3372 passiones
1475 3317 1476 3324 ¹

241 3413 272 3464 30
285 3401 446 3457 corporeas
463 3387 624 3456 superauit
662 3385 788 3458 ltaque'
806 3404 873 3443 cum
887 3387 1037 3460 quedam⁴
1055 3385 1214 3444 delectatio
1229 3386 1359 3444 carnalis
1373 3405 1435 3444 cor·
1474 3383 1475 3403 ¹

285 3472 443 3546 pusculum
454 3471 519 3528 eius
529 3473 595 3529 sine
603 3473 663 3528 vlla
675 3473 900 3531 intermissione
909 3483 1041 3541 vexaret,
1050 3471 1209 3531 candenti⁸
1221 3474 1300 3530 ferro
1313 3477 1435 3550 propria

285 3561 421 3618 membra
434 3559 571 3629 laniabat,
584 3569 615 3617 vt
629 3579 667 3617 ex
679 3561 761 3618 omni
775 3570 858 3635 parte
872 3579 994 3636 semper
1005 3561 1156 3619 ulceribus
1168 3561 1277 3636 plenus
1289 3573 1374 3620 esset
1384 3564 1402 3620 ⁸.
1471 3608 1472 3640 ,

283 3741 468 3841 ¹¹Emec
485 3741 550 3793 Bell.
562 3741 700 3806 XVll.69.
768 3743 985 3793 ’VB.truncum.
1051 3743 1132 3794 ⁸V13.
1147 3743 1193 3794 lta.
1259 3743 1433 3794 ⁴0minvss.

309 3810 538 3926 tanaus

319 3937 430 3999 Exultet
450 3950 555 4012 spiritus
571 3957 660 3998 noster
677 3949 703 3998 in
721 3950 771 3998 deo
788 3948 894 3998 salutari
911 3956 1010 4009 nostro,
1028 3947 1071 4011 qui
1091 3949 1240 3998 recordatus
1259 3949 1432 4000 misericordie
1467 3924 1468 3962 ¹

282 4031 339 4072 sue.
354 4017 461 4066 donauit
476 4017 552 4064 nobis
567 4015 716 4064 Oswaldum
733 4017 865 4064 doctorem
881 4015 995 4071 iusticie:
1012 4015 1084 4063 cuius
1100 4015 1287 4064 intercessione
1303 4024 1330 4064 et
1342 4017 1431 4078 (preci⁴
1466 4025 1467 4040 ¹

283 4082 332 4131 bus
355 4083 504 4138 commlissa
529 4081 662 4143 indulgeat
687 4083 744 4143 pius
767 4081 881 4142 crimina,
904 4087 931 4130 et
955 4081 1125 4147 sempiter(na
1147 4081 1290 4144 proincius
1312 4081 1432 4145 largiatur
1465 4105 1466 4120 l

283 4148 389 4212 premia.
424 4147 455 4195 V.
474 4147 527 4196 Ora
539 4161 587 4208 pro
598 4147 679 4196 nobis.

319 4207 398 4272 Deus
420 4223 464 4284 qui
489 4222 563 4271 nobis
587 4228 703 4271 sanctum
729 4221 877 4284 pontificem
900 4221 1052 4272 Oswaldum
1074 4221 1167 4271 salutis
1190 4229 1279 4272 eterne
1302 4223 1428 4272 doctorem

283 4288 403 4349 tribuisti,
420 4289 535 4337 concede
554 4288 694 4350 propicius,
712 4297 741 4337 ut
758 4289 829 4338 cuius
847 4290 995 4338 memoriam
1012 4289 1119 4352 agimus,
1138 4289 1194 4338 eius
1214 4303 1319 4352 aemper
1336 4287 1427 4338 mentis

283 4355 435 4406 adiuuemur
445 4361 472 4403 et
483 4353 611 4416 precibus,
622 4369 678 4418 per.
