3036 4878
261 339 331 414 712
680 315 884 417 muman
911 317 987 394 111.

292 517 342 572 DE
360 527 487 572 DUOBUS
506 527 683 572 FRATRIBUS
701 527 919 572 uunrzmmus
936 527 981 570 AD
1000 527 1078 584 uult,
1098 527 1180 580 Quos
1198 528 1233 571 lli
1252 527 1389 574 SPIRITU

324 615 488 660 coenobia·
505 614 573 660 DUO
591 615 748 658 FLASCULA
766 615 995 672 AESCONDISSEg
1021 615 1061 658 ET
1079 615 1123 660 DE
1142 605 1236 671 OBBA,
1254 615 1356 661 cutus

640 701 713 746 runt
732 703 770 746 S!
787 701 880 746 sema
898 702 1029 746 lNFle'l'·

329 789 354 844 E
379 789 502 859 quodam
526 784 697 846 monasterio
720 789 778 845 duo
801 789 901 846 fratres
924 789 1101 846 exierant-ut
1131 790 1168 845 ad
1198 789 1244 844 dei
1272 789 1424 848 famulum

363 873 508 928 uenientes
529 873 567 928 ab
587 891 623 929 eo
642 874 729 930 uerba
749 873 845 929 diuine
865 873 1048 929 institutionis
1068 874 1205 928 audirent
1243 874 1426 931 Detulerant
1509 951 1513 960 Ι

259 969 354 1014 autem
367 973 462 1012 secum
479 957 536 1012 duo
553 957 669 1014 flascula
686 958 770 1028 piena
785 967 871 1029 pom:
890 968 919 1014 et
935 958 1045 1024 eadent,
1057 966 1208 1028 antequam
1224 971 1426 1026 pemenerunt

259 1042 297 1096 ad
309 1041 400 1096 uirum
413 1051 551 1105 sanctum,
565 1051 746 1112 reposueruut
765 1041 793 1095 in
813 1041 918 1108 sabulo,
931 1051 958 1096 et
978 1040 1131 1110 cespitibus
1149 1041 1371 1108 absconderunt,
1384 1053 1424 1097 ut

233 1139 247 1188 5
260 1141 294 1181 ex
305 1123 347 1180 eis
360 1123 388 1178 in
400 1123 491 1178 reditu
504 1139 556 1178 suo
567 1124 703 1180 haberent
719 1123 834 1194 aliquod
849 1123 955 1178 itineris
968 1123 1128 1194 laborisque
1141 1123 1280 1178 solatium.
1316 1123 1423 1179 Vene-

260 1217 324 1262 rant
342 1205 380 1262 ad
397 1206 512 1261 beatum
530 1207 717 1262 Guthlacum:
736 1207 860 1278 dumque
872 1205 926 1260 illis
944 1207 1022 1262 uerbi
1039 1205 1150 1262 celestis
1162 1205 1296 1276 pabulum
1312 1205 1423 1262 minis-

261 1299 356 1358 traret,
378 1289 407 1344 in
428 1289 491 1359 ipso
512 1289 649 1344 sermonis
673 1305 791 1344 ucursu
815 1289 938 1360 quadam
956 1299 1067 1344 matura
1090 1289 1229 1358 grauitate
1253 1289 1422 1358 subridens,

262 1373 382 1443 ‘Quare
398 1371 497 1442 inquit,
515 1371 590 1428 lilioli
609 1371 674 1440 mei,
690 1389 747 1427 non
766 1371 897 1428 attulistis
915 1373 1061 1428 uobiscum
1080 1370 1128 1426 illa
1144 1373 1201 1427 duo
1218 1371 1345 1440 flascula,
1359 1391 1422 1444 que

260 1454 409 1526 operuistis
421 1454 510 1524 glebis
527 1464 555 1511 et
574 1455 672 1510 sabulo
687 1453 828 1510 iniodistis
838 1451 866 1510 l'
903 1456 967 1524 Quo
983 1454 1079 1511 audito
1096 1454 1134 1510 illi
1153 1455 1309 1526 stupefacti,
1323 1457 1420 1512 territi

218 1552 249 1589 ro
261 1547 290 1594 et
303 1535 419 1604 confusi,
432 1537 543 1608 culpam
558 1537 726 1594 confitentes
738 1537 850 1593 uenum
867 1547 964 1609 petunt
975 1555 983 1607 3
1002 1548 1032 1594 et
1044 1537 1179 1595 lioentiati
1195 1540 1232 1594 ab
1248 1557 1290 1604 eo,
1303 1549 1331 1594 et
1347 1557 1421 1596 cum

261 1619 465 1676 benedictionis
483 1619 579 1690 gracia
597 1620 768 1689 recedentes,
787 1619 940 1676 dicebant:
958 1621 1057 1686 ‘Vere
1075 1621 1122 1676 hic
1140 1633 1184 1676 est
1202 1622 1347 1692 propheta,
1369 1625 1420 1678 cui

261 1703 375 1775 spiritus
394 1703 440 1760 dei
461 1703 592 1760 uniuersa
610 1703 840 1760 reuelat.’-Non
859 1703 950 1758 solum
970 1714 1066 1760 autem
1085 1704 1141 1758 iam
1162 1705 1199 1760 de
1217 1705 1321 1776 populo
1337 1707 1421 1762 Mer-

261 1789 376 1856 ciorum,
396 1787 447 1844 sed
465 1787 502 1842 de
520 1787 635 1842 remotis
657 1787 801 1844 Britannis
820 1786 949 1859 partibus
970 1787 1044 1844 lama
1063 1787 1186 1843 hominis
1206 1789 1252 1844 dei
1273 1789 1421 1847 errcimbat

262 1889 361 1928 omnes
373 1870 419 1942 qui
433 1870 478 1926 uel
490 1871 590 1925 morbo
603 1871 776 1937 laborabant,
789 1869 834 1926 uel
846 1870 970 1938 maligno
983 1869 1080 1942 spiritu
1089 1871 1270 1938 uexabantur,
1283 1873 1329 1927 uel
1341 1889 1419 1944 quos

218 1969 248 2021 ¹⁵
262 1953 436 2010 necessitatis
448 1953 577 2023 augustia
589 1954 649 2008 siue
662 1953 769 2024 peccati
783 1953 894 2008 sarcina
903 1955 1095 2024 pregrauabat.
1122 1955 1278 2024 Reportent
1289 1955 1419 2011 uniuersi

261 2049 290 2094 et
312 2035 414 2107 singuli
436 2037 472 2092 de
496 2035 675 2092 tribulatione
695 2036 838 2102 solacium,
858 2035 1004 2091 consilium
1029 2035 1058 2092 in
1082 2037 1231 2107 ambiguis,
1254 2037 1291 2092 de
1315 2038 1421 2095 dolore

262 2119 405 2190 gaudium,
418 2120 454 2175 de
466 2130 583 2191 peccato
595 2117 681 2175 etiam
693 2129 742 2174 aut
753 2119 878 2189 corporis
890 2117 1030 2176 anxietate
1042 2119 1204 2174 remedium.
1236 2121 1304 2175 Erat
1317 2131 1419 2177 autem

263 2201 294 2257 iu
307 2204 355 2258 illa
366 2201 539 2258 confluentia
557 2203 723 2274 populorum
740 2203 855 2273 quidam
874 2203 960 2258 Obba
977 2201 1098 2270 nomine,
1111 2219 1206 2260 comes
1225 2203 1298 2260 illius
1316 2206 1418 2273 magni

263 2285 352 2342 exulis
370 2285 559 2354 Aethelbaldi,
572 2285 620 2356 qui
637 2285 675 2342 ad
692 2285 748 2340 boc
766 2283 924 2356 specialiter
935 2285 994 2341 ibat
1013 2295 1042 2340 ut
1061 2302 1092 2342 se
1108 2285 1160 2340 uin'
1176 2286 1222 2341 dei
1240 2287 1419 2343 orationibus

221 2389 252 2426 ro
264 2369 484 2426 commendaret.
521 2367 645 2439 Contigit
665 2385 739 2424 uero.
751 2379 782 2423 ut
801 2384 832 2424 se
854 2367 927 2424 illius
948 2367 1070 2424 hominis
1092 2367 1157 2438 pedi
1177 2369 1258 2440 spina
1276 2370 1419 2426 uirulenta

265 2451 399 2522 infigeret,
412 2469 446 2507 ac
458 2453 560 2522 pedem
573 2451 660 2522 ipsius
673 2451 811 2522 usquead
829 2461 933 2507 mutem
944 2451 1094 2508 enormiter
1106 2453 1294 2509 transforaret.
1331 2453 1418 2524 Cepit

264 2533 358 2604 itaque
370 2551 435 2590 eum
453 2534 534 2589 dolor
551 2533 732 2590 intolerabilis
751 2535 871 2602 anxiare,
884 2535 1014 2606 cepitque
1030 2551 1049 2590 a
1066 2535 1162 2605 planta
1179 2535 1260 2606 pedis
1275 2553 1364 2608 usque
1376 2538 1418 2592 ad

262 2616 374 2672 lumbos
391 2625 471 2672 tanto
489 2627 597 2672 tumore
620 2630 788 2687 turgescere,
809 2626 839 2672 ut
859 2616 896 2672 de
919 2617 978 2672 uita
999 2617 1086 2687 ipsius
1104 2628 1217 2690 possent
1242 2637 1341 2675 onmes
1365 2619 1416 2690 qui

263 2700 380 2755 aderant
399 2699 557 2769 desperare.
593 2699 721 2756 Audiens
739 2701 794 2755 hoc
811 2700 911 2755 beatus
930 2700 1093 2765 Gutblacus,
1107 2700 1182 2757 iubet
1194 2718 1260 2756 eum
1271 2702 1363 2758 afferri
1375 2703 1418 2758 ad

220 2803 250 2852 ²5
264 2798 313 2852 se;
332 2791 360 2838 et
372 2797 477 2838 exuens
489 2781 609 2838 cilicium
623 2783 651 2838 in
663 2799 720 2855 quo
732 2783 838 2838 solebat
854 2799 943 2850 orare,
957 2781 1048 2854 ipsum
1061 2782 1262 2840 circumdedit:
1281 2784 1417 2856 dictoque

265 2864 351 2922 cicius
365 2865 446 2936 spina
458 2865 539 2937 quasi
554 2866 658 2936 sagitte
672 2865 777 2921 emissa
789 2865 826 2920 ab
842 2883 909 2920 arcu
926 2864 962 2921 de
974 2867 1047 2934 pede
1059 2866 1133 2922 illius
1151 2867 1297 2938 prosiluit;
1315 2869 1417 2924 subse·

264 2947 360 3019 ditque
373 2949 402 3004 in
414 2958 557 3004 momento
572 2958 674 3018 tumor,
686 2959 715 3004 et
727 2947 832 3004 doloris
844 2949 975 3018 angustia
987 2949 1155 3020 conquieuit.
1192 2951 1242 3006 Ille
1254 2969 1320 3006 uero
1333 2950 1419 3022 plene

264 3031 411 3087 ualitudini
424 3031 574 3098 restitutus,
588 3048 652 3089 cum
668 3029 825 3102 graciarum
843 3031 953 3089 actione
971 3033 1042 3088 letus
1054 3043 1083 3090 et
1095 3033 1241 3090 incolumis
1251 3035 1290 3089 ed
1301 3033 1419 3105 propria

262 3113 406 3170 remeauit.

297 3235 348 3288 Da
366 3246 587 3291 oanruarroun
605 3245 698 3290 uuam
718 3236 888 3291 Goruucr
906 3247 947 3292 an
965 3247 1115 3293 uerseoro
1134 3237 1261 3304 Hunos,
1279 3247 1320 3292 nr
1336 3248 1381 3292 nu

365 3323 542 3393 Wrurruno,
561 3333 656 3379 curus
674 3333 824 3378 ansanus
843 3333 949 3378 urana
967 3333 1106 3379 seuerus
1124 3325 1319 3380 Gurumcus

578 3421 705 3466 senum
724 3420 914 3464 Ruuuuatm
932 3421 1103 3466 OOGNOUl'l'.

221 3519 253 3568 30
336 3505 440 3562 Vidam
452 3509 600 3580 episcopus
615 3509 719 3566 liedda
735 3509 857 3576 nornine,
870 3509 946 3564 lama
962 3507 1034 3566 tanti
1052 3509 1175 3566 bominis
1192 3521 1278 3582 atque
1291 3511 1416 3568 miracu-

371 3590 462 3645 lorum
479 3591 569 3660 gloria
586 3592 732 3662 excitatus,
749 3592 880 3648 ueniebat
903 3594 999 3649 uidere
1020 3593 1289 3650 desideratissimam
1310 3594 1416 3651 faciem

265 3675 337 3733 tanti
361 3673 421 3730 uiri.
458 3675 530 3730 Cum
554 3693 621 3746 ergo
640 3688 716 3733 esset
735 3675 765 3730 in
788 3677 843 3743 uia,
865 3676 956 3732 clerici
977 3677 1037 3734 eius
1057 3689 1189 3748 ceperunt
1208 3677 1245 3732 de
1265 3679 1418 3735 sanctitate

266 3760 342 3817 beati
356 3757 496 3828 Guthlaci‚
509 3759 546 3814 de
558 3759 720 3816 austeritate
732 3759 790 3815 uite
801 3759 869 3827 eius,
883 3761 919 3816 de
936 3761 1094 3816 bumilitate
1111 3771 1139 3816 et
1158 3761 1320 3832 prudencia,
1334 3779 1368 3817 ac
1380 3765 1419 3820 de

267 3841 409 3899 miraculis
428 3842 553 3898 conferre
571 3842 608 3898 ad
627 3841 756 3908 inuicem,
774 3842 954 3914 diuinamque
972 3843 1000 3898 in
1018 3861 1054 3899 eo
1075 3843 1255 3914 magnificare
1274 3843 1416 3902 uirtutem.

224 3937 253 3988 35
268 3928 338 3982 Erat
346 3927 474 3982 intereos
485 3927 602 3998 quidam
612 3925 725 3982 nomine
735 3925 903 3994 Wiliridus¹,
912 3927 959 3998 qui
969 3927 1043 3998 cepit
1051 3928 1175 3998 quadam
1183 3944 1256 3982 uana
1265 3928 1417 3986 iactatione

268 4011 370 4077 dicere,
383 4009 411 4064 in
424 4009 549 4078 proximo
561 4025 592 4063 se
604 4007 739 4064 sciturum
752 4009 774 4064 si
787 4009 852 4064 talis
866 4020 941 4065 esset
954 4011 1065 4081 qualem
1079 4027 1144 4066 eum
1159 4010 1235 4065 lama
1252 4011 1416 4082 predicaret.

268 4095 358 4163 ‘Ego,
382 4092 481 4163 inquit,
505 4093 554 4148 diu
578 4103 759 4148 conuersatus
784 4109 845 4149 sum
870 4094 947 4163 apud
971 4096 1080 4162 scotos,
1103 4093 1150 4148 ubi
1174 4093 1232 4149 uidi
1257 4096 1416 4164 pseudoan-

268 4175 410 4231 achoritas
429 4174 606 4231 simulatione
625 4175 784 4232 sanctitatis
801 4175 922 4247 speciem
938 4176 1146 4247 pretendentes,
1158 4177 1229 4233 alios
1245 4176 1332 4232 etiam
1350 4179 1415 4233 noui

267 4267 366 4314 sancte
382 4257 525 4327 religionis
544 4257 707 4315 uerissimos
724 4259 904 4332 professores.
939 4261 1001 4316 Vsu
1017 4277 1084 4332 ergo
1097 4271 1126 4316 et
1137 4259 1314 4332 experientia
1326 4261 1413 4317 xiam

751 4351 760 4382 ¹
776 4353 811 4405 ol.
824 4351 940 4420 wigfrid.
