3036 4878
310 311 385 399 690
745 299 948 402 duumuir
978 302 1052 377 lli.

310 504 477 562 sanctissimi
493 503 614 562 martiris
631 519 734 560 nornen
750 512 779 559 et
794 503 882 560 uitam
898 513 927 559 et
943 503 1063 574 patriam
1080 513 1110 560 et
1126 513 1256 575 parentes
1273 511 1303 558 et
1320 501 1473 574 passionis

309 589 428 660 gloriam
447 600 475 645 et
497 587 694 643 miraculorum
712 587 835 656 insignia
853 587 975 642 breuiter
992 597 1128 642 annotata
1145 597 1328 657 cognoscant,
1347 597 1380 641 et
1403 603 1473 642 cum

310 672 364 728 ista
389 688 445 726 non
469 671 589 728 uiderint
614 687 667 726 nec
691 669 840 738 audierint,
864 687 898 726 ex
923 671 1009 726 nostri
1034 671 1118 727 officii
1143 672 1207 726 stilo
1230 669 1359 725 veritatis
1386 671 1473 725 testi-

309 754 404 810 monio
420 755 545 822 credant,
558 763 587 810 et
602 753 647 810 dei
664 753 828 824 operationi,
841 771 859 808 a
875 771 933 826 quo
947 755 1024 810 bona
1039 755 1137 810 omnia
1149 754 1226 820 liunt,
1239 763 1268 808 et
1280 753 1411 808 martiris
1425 754 1471 808 sui

281 851 296 902 5
310 837 479 894 Freemundi
493 837 598 894 meritis
609 847 638 893 et
650 836 780 893 laudibus
792 837 950 893 deuotiores
962 837 1075 908 pietatis
1088 839 1193 894 cultum
1204 836 1365 892 exhibeant.

373 971 544 1042 Emporibus
567 987 665 1042 regum
689 970 867 1042 antiquorum
896 981 958 1026 erat
984 971 1100 1042 quidam
1128 988 1177 1026 rex
1200 969 1231 1025 in
1255 969 1369 1039 Anglia,
1399 969 1471 1025 Offa

407 1055 529 1110 nomine.
567 1055 623 1110 Hic
643 1052 696 1109 sibi
718 1053 844 1124 reginam
863 1053 1006 1126 quandam
1029 1053 1171 1110 Botildant
1190 1053 1313 1120 nomine,
1333 1069 1470 1107 sororem

310 1137 384 1193 beati
402 1136 565 1193 Eadmundi
582 1135 655 1206 regis
673 1147 702 1192 et
721 1136 851 1206 martiris,
864 1136 1053 1192 coniunxerat.
1088 1138 1116 1192 A
1132 1136 1260 1207 primeua
1277 1144 1352 1190 etate
1372 1153 1471 1206 usque

310 1222 347 1278 ed
359 1220 532 1291 decrepitam
545 1219 583 1275 hii
596 1220 678 1275 simul
691 1219 825 1286 uicerant,
835 1220 887 1275 scd
899 1220 983 1290 prolis
996 1219 1068 1275 inter
1077 1237 1108 1275 se
1120 1220 1339 1275 consolationem
1351 1219 1470 1274 hahere

266 1325 298 1362 ro
310 1320 366 1360 non
383 1313 521 1374 poterant.
558 1303 669 1358 Eadem
687 1313 855 1374 tempestate
874 1303 904 1358 in
921 1303 1022 1359 eadem
1041 1303 1186 1373 prouincia
1202 1303 1318 1373 quidam
1334 1303 1468 1372 Algarus

309 1385 431 1453 nomine,
444 1387 689 1441 uxorem-nomine
704 1387 834 1441 Thouam
853 1385 1026 1456 habuitque
1042 1386 1103 1442 uiro
1119 1402 1170 1440 suo
1186 1384 1275 1440 filium
1292 1387 1468 1456 procreauit.

310 1471 368 1525 Hic
380 1468 466 1524 tercia
478 1469 525 1524 die
538 1469 692 1524 natiuitatis
707 1485 757 1524 sue
776 1479 874 1525 contra
888 1481 988 1525 nature
1004 1470 1118 1524 modum
1136 1467 1182 1524 dei
1201 1470 1345 1524 uoluntate
1360 1467 1469 1539 loque·

309 1553 366 1608 lam
378 1551 475 1618 edidit,
488 1561 515 1607 et
528 1553 564 1608 de
577 1551 684 1623 prelato
697 1568 763 1621 rege
776 1552 842 1608 Offa
859 1551 1037 1623 prophetauit
1054 1551 1129 1623 quod
1146 1550 1174 1605 in
1189 1551 1288 1607 ultimo
1305 1553 1469 1607 senectutis

309 1646 435 1706 tempore
456 1635 543 1690 lilium
564 1653 598 1690 er
619 1651 704 1690 uxore
725 1651 777 1690 sua
800 1645 967 1706 procrearet,
989 1651 1074 1706 quem
1096 1636 1166 1690 deus
1186 1635 1225 1689 ad
1247 1633 1312 1690 fidei
1332 1634 1469 1704 graciam

266 1742 296 1794 ¹5
310 1717 433 1789 eligeret,
449 1728 478 1773 et
494 1717 541 1789 qui
559 1728 668 1788 patrem
686 1735 767 1774 suum
784 1717 986 1773 incredulitatis
1004 1717 1107 1787 frigore
1122 1718 1267 1772 detentum
1284 1733 1348 1772 cum
1368 1729 1469 1773 matre

310 1819 361 1858 sua
378 1802 415 1858 sd
429 1800 561 1872 baptismi
576 1799 709 1870 graciam,
722 1817 787 1855 cum
803 1801 926 1856 maxima
940 1799 1066 1856 eiusdem
1084 1799 1176 1871 gentis
1193 1799 1380 1866 multitudine,
1396 1817 1469 1854 con-

309 1895 439 1954 uerteret,
456 1893 484 1939 et
504 1883 533 1938 in
554 1883 678 1939 iniancia
697 1900 748 1939 sua
767 1883 892 1954 leprosos
913 1883 1062 1939 mundaret
1081 1893 1110 1939 et
1129 1899 1211 1939 cecos
1233 1882 1415 1951 illuminaret,
1438 1897 1469 1938 et

309 1969 430 2025 eandem
449 1967 569 2040 patriam
587 1967 625 2024 ab
642 1967 766 2023 hostium
781 1967 959 2022 immanitate
971 1966 1122 2033 liberaret;
1147 1966 1177 2021 in
1196 1965 1275 2022 cuius
1294 1977 1356 2022 ortu
1375 1984 1469 2038 super

307 2052 429 2110 eandem
447 2050 562 2106 domum
581 2049 610 2106 in
634 2067 691 2122 qua
711 2067 781 2121 puer
801 2061 970 2118 nasceretur,
991 2067 1088 2106 arcum
1108 2049 1160 2106 celi
1183 2065 1286 2106 nouem
1306 2049 1409 2106 diebus
1436 2062 1469 2106 et

267 2155 297 2190 so
310 2133 427 2190 totidem
437 2134 565 2189 noctibus
578 2133 614 2188 ad
628 2133 784 2188 sanctitatis
797 2131 857 2189 eius
870 2133 1060 2189 testimonium
1077 2132 1178 2203 iugiter
1192 2143 1318 2189 constare
1331 2133 1468 2203 predixit.

310 2217 374 2286 Quo
389 2217 473 2286 dicto,
487 2215 516 2270 in
533 2225 629 2271 sancte
645 2215 778 2272 trinitatis
795 2215 972 2272 confessione
986 2215 1157 2287 baptismum
1174 2216 1262 2286 petiit,
1274 2226 1302 2271 et
1318 2217 1463 2287 optinuit;

308 2311 338 2358 et
352 2299 479 2371 predicto
494 2299 571 2370 quod
582 2299 707 2370 prefatus
722 2315 792 2370 puer
808 2299 1001 2354 Freemundus
1018 2309 1184 2355 uocaretur:
1205 2300 1301 2354 statim
1321 2309 1353 2354 ut
1367 2299 1465 2371 bapti·

308 2393 386 2439 tatus
406 2383 466 2448 fuit,
487 2384 619 2454 paruulus
640 2383 719 2438 obiit.
756 2383 863 2453 Elapso
884 2383 978 2454 itaque
999 2393 1125 2453 tempore
1145 2381 1217 2440 sicut
1237 2401 1307 2455 puer
1327 2383 1462 2453 predixit,

308 2466 406 2536 regina
429 2467 566 2536 concepit,
589 2476 618 2522 et
642 2465 715 2522 sicut
738 2464 824 2521 etiam
848 2465 877 2521 in
901 2465 1027 2535 sompnis
1051 2476 1246 2536 preostensam
1270 2465 1367 2533 iuerat,
1393 2482 1463 2535 pro-

266 2571 295 2623 ²5
310 2549 426 2604 missum
451 2569 470 2605 a
494 2549 547 2604 deo
571 2549 780 2605 Freemundum
808 2548 869 2605 sine
893 2566 996 2619 magno
1024 2547 1214 2620 parturitionis
1240 2549 1335 2604 dolore
1359 2549 1462 2604 edidit.

309 2633 400 2703 Super
421 2631 495 2686 hunc
515 2632 605 2702 igitur,
628 2633 700 2688 sicut
721 2649 790 2704 puer
809 2633 1034 2704 prophetauerat,
1055 2633 1127 2688 lucis
1148 2633 1299 2702 columpna
1319 2633 1462 2704 apparuit,

307 2724 337 2771 et
356 2713 444 2787 ipsius
462 2715 595 2770 noticiam
612 2725 641 2772 et
658 2715 815 2772 sanctitatis
833 2716 945 2771 laudem
963 2715 1180 2786 circumquaque
1195 2715 1315 2772 diffudit.
1380 2701 1465 2770 Puer

309 2799 511 2866 Freemundus,
531 2816 595 2854 cum
616 2799 653 2854 ad
677 2798 857 2869 intelligibilis
880 2799 964 2854 etatis
989 2816 1078 2854 annos
1103 2799 1239 2870 peruenit,
1265 2799 1302 2854 ab
1325 2799 1462 2870 episcopo

310 2881 387 2938 Eswi
407 2881 538 2954 baptismi
557 2882 681 2952 graciam
697 2882 820 2953 expetiit,
837 2893 864 2938 et
880 2882 1071 2938 nescientibus
1087 2893 1166 2954 patre
1183 2893 1211 2937 et
1229 2895 1319 2937 matre
1337 2883 1461 2938 eandem

266 2986 299 3038 30
310 2967 448 3036 suscepit;
468 2965 560 3036 plures
580 2982 647 3020 uero
665 2965 845 3036 prouectioris
861 2965 943 3020 etatis
959 2965 1089 3021 homines
1105 2965 1191 3036 signis
1206 2965 1340 3038 predictis
1356 2983 1463 3036 prouo-

310 3059 398 3118 catos,
411 3048 537 3104 eiusdem
549 3049 643 3118 gracie
659 3048 751 3104 socios
768 3048 874 3104 habuit.
912 3048 1047 3119 Baptismi
1066 3049 1160 3121 itaque
1174 3049 1270 3119 gracia
1284 3047 1463 3118 sublimatus,

310 3133 347 3188 de
371 3132 472 3187 uirtute
497 3133 525 3186 in
550 3131 681 3187 uirtutem
705 3131 835 3199 excreuit,
859 3132 984 3202 leprosos
1009 3131 1165 3200 mandauit,
1187 3131 1264 3188 uarie
1288 3131 1463 3189 infirmitatis

310 3215 460 3271 incomodo
488 3217 646 3286 depressos,
671 3213 801 3271 inuocato
827 3214 931 3271 Christi
955 3215 1068 3272 nomine
1091 3216 1215 3282 curauit3
1243 3225 1409 3286 patremque
1434 3229 1461 3272 et

310 3307 429 3352 matrem
454 3299 514 3354 eius
542 3299 685 3371 hucusque
711 3298 873 3368 gentilitatis
897 3316 991 3354 errore
1014 3299 1173 3368 depressos,
1197 3308 1340 3352 tantorum
1367 3300 1461 3369 prodi·

265 3398 296 3449 35
310 3379 419 3450 giorum
435 3380 626 3450 magnitudine
643 3381 680 3437 ad
700 3381 805 3436 Christi
825 3382 918 3451 fidem,
934 3400 998 3437 cum
1016 3381 1123 3438 infinita
1141 3381 1275 3437 nobilium
1290 3393 1319 3436 et
1336 3382 1460 3453 plebium

310 3463 496 3530 multitudine,
519 3463 663 3520 conuertit
701 3465 759 3536 Ipsi
784 3482 859 3532 uero,
883 3467 965 3520 etatis
986 3466 1124 3536 grauitate
1145 3463 1271 3534 depressi
1285 3473 1322 3520 et
1344 3482 1460 3537 corpore

311 3543 471 3600 infirmitate
493 3547 616 3616 inualidi,
636 3556 700 3618 post
718 3559 865 3618 acceptam
885 3547 989 3603 Christi
1008 3549 1132 3618 graciam
1150 3547 1208 3616 regi
1230 3547 1327 3603 celesti
1345 3551 1459 3604 tandem

311 3628 432 3683 militare
450 3631 576 3685 uolentes
595 3647 613 3686 a
632 3631 689 3685 suis
702 3631 858 3687 ‘consilium
879 3631 916 3686 de
934 3631 1013 3701 regni
1036 3631 1225 3686 incolumitate
1247 3631 1413 3702 suscipiunt,
1434 3645 1460 3688 ct

312 3711 398 3767 filium
411 3730 493 3767 suum
505 3715 529 3768 F
530 3713 719 3779 rcemundum,
731 3711 839 3769 iusticie
851 3715 994 3781 cultorem,
1004 3713 1083 3784 pacis
1094 3723 1123 3768 et
1135 3712 1285 3767 concordie
1297 3725 1459 3782 amatorem,

265 3817 299 3870 40
312 3794 418 3850 uiribus
432 3795 582 3866 insignem,
595 3796 659 3851 licet
676 3796 826 3866 plurimum
839 3797 1005 3853 renitentem
1018 3797 1055 3851 ad
1072 3794 1151 3866 regni
1166 3795 1208 3850 sui
1225 3796 1360 3866 regirnem
1373 3800 1460 3852 multa

312 3893 394 3946 prece
410 3889 581 3947 preostenso,
599 3877 754 3948 ingruentis
772 3877 946 3935 necessitatis
964 3879 1071 3934 ratione
1089 3896 1153 3933 cum
1171 3878 1327 3934 anncorum
1345 3882 1460 3936 consilio

310 3971 518 4030 promouerunt.

318 4088 433 4212 HAc
453 4090 621 4146 necessitate
637 4091 807 4161 compulsus,
822 4107 878 4146 non
897 4109 947 4147 sue
963 4091 1014 4146 sed
1031 4101 1179 4162 parentum
1197 4109 1310 4148 suorum
1326 4093 1460 4148 uoluntati

425 4173 609 4236 satisfaciens,
622 4173 700 4243 regni
717 4175 826 4244 apicem
843 4191 919 4229 anno
937 4174 1047 4244 integro
1061 4184 1090 4230 et
1103 4173 1222 4230 dimidio
1238 4175 1368 4229 nobiliter
1382 4176 1458 4238 rexit,

265 4273 298 4321 45
312 4269 448 4322 pauperes
465 4255 544 4322 iuuit,
559 4256 637 4325 pacis
657 4257 781 4326 graciam
803 4255 887 4324 auxit,
903 4257 1060 4328 iniquorum
1080 4258 1284 4313 contumaciam
1301 4257 1456 4312 debellauit.

312 4333 434 4387 Deitatis
446 4351 542 4391 amore
553 4347 714 4406 preucntus,
727 4337 808 4394 huius
824 4340 938 4396 honoris
955 4342 1065 4396 culmen
1082 4341 1111 4396 in
1123 4340 1257 4396 nichilum
1269 4340 1361 4396 duxit:
1381 4351 1409 4396 et
1421 4357 1456 4396 ne
1471 4352 1474 4356 ’
