3036 4878
67 293 142 348 ns.
155 295 278 348 mnis.
291 311 312 348 2·
326 295 362 362 a]
462 277 566 368 utta
590 278 650 370 ὓ.
668 278 870 377 mantas.
1168 304 1238 384 705

61 480 191 550 ·Helye,
210 491 296 553 atque
319 479 510 552 importabiles
530 481 721 540 abstinendas
742 482 944 541 uenerabilium
968 494 1079 556 patrum
1100 486 1147 558 qui
1172 485 1239 544 olim

73 566 327 620 conuersabantur
342 564 370 620 in
384 564 457 620 Sithi
467 564 484 622 ¹.
520 567 591 622 Erat
605 566 682 622 enirn
698 566 837 624 diabolice
852 567 1044 640 persuasionis
1061 569 1193 639 intencio,
1209 579 1240 626 ut

71 647 130 702 ille
151 665 266 718 prorsus
287 666 305 704 a
325 649 498 705 comestione
519 660 650 717 cessaret,
672 651 782 723 sibique
801 651 901 708 mortis
920 651 1041 709 exicium
1060 653 1240 710 diuturnitate

73 731 182 786 ieiunii
201 741 374 802 prouocaret.
413 732 443 788 Si
461 732 537 788 enim
558 733 692 789 ieiunium
713 733 839 804 regulam
857 736 995 791 modestis
1014 745 1043 793 et
1064 737 1240 794 discretionis

74 805 206 882 excedit,
224 815 316 870 subito
330 815 444 885 languet
461 833 572 886 corpus,
590 816 683 872 deficit
703 817 825 888 spiritus,
841 819 965 874 aulertur
981 820 1100 876 orationi
1114 822 1240 889 affectus,
1254 833 1269 886 5

76 898 245 967 operationi
267 897 392 965 effectus,
410 899 512 968 caligat
534 899 777 970 contemplationis
801 903 907 970 oculus,
926 911 964 969 et,
983 913 1013 958 ut
1034 905 1122 960 multa
1143 906 1240 975 paucis

78 981 239 1048 includam,
252 981 328 1052 apud
344 999 375 1038 se
393 981 536 1038 homicida
551 992 603 1050 est,
615 984 691 1053 apud
705 984 790 1039 deum
809 985 969 1055 sacrilegus,
983 995 1011 1040 et
1028 996 1124 1042 eterne
1141 987 1240 1044 mortis

78 1063 307 1133 dampnabiliter
324 1081 397 1120 reus.
435 1065 598 1135 Intelligens
614 1075 709 1121 autem
727 1067 875 1122 homodei
892 1067 1031 1124 diabolice
1046 1070 1239 1140 temptationis

79 1145 235 1214 astuciam,
255 1145 387 1202 inuncata
408 1146 512 1204 Christi
538 1148 640 1204 uirtute
664 1149 820 1219 psallebat:
850 1149 992 1221 ‘Exurgat
1012 1151 1082 1208 deus
1105 1162 1134 1207 et
1158 1151 1239 1208 dissi·

80 1239 191 1301 pentur
204 1229 309 1285 inimici
325 1231 395 1299 eius,
412 1240 441 1285 et
456 1231 564 1300 fugiant
579 1231 626 1302 qui
642 1232 762 1287 oderunt
778 1250 843 1289 eum
860 1250 879 1289 a
893 1234 965 1289 facie
983 1235 1060 1290 eius!
1099 1235 1157 1290 Illis
1173 1252 1239 1305 ergo
1255 1257 1286 1295 ro

82 1312 331 1380 euanescentibus,
355 1313 495 1384 flebilique
519 1315 627 1370 ulutatu
651 1325 679 1370 et
703 1315 852 1372 mestuosis
876 1318 1034 1388 planctibus
1060 1318 1240 1389 implentibus

80 1396 241 1466 regionem,
263 1398 362 1452 beatus
385 1397 542 1452 Guthlacus
560 1398 656 1452 omnia
674 1398 809 1470 deinceps
828 1400 932 1455 diaboli
951 1411 1156 1472 temptamenta
1173 1420 1239 1458 con·

81 1479 325 1550 tempsit-Sane
342 1481 429 1535 multe
447 1491 513 1540 sunt
533 1481 639 1536 astucie
661 1484 788 1549 sathane,
810 1483 846 1538 de
868 1483 968 1554 quibus
990 1486 1134 1556 apostolus
1156 1485 1239 1542 dicit:

84 1564 174 1620 ‘Non
198 1562 360 1632 ignoramus
383 1563 507 1620 astuciae
531 1565 665 1620 sathane.¹
704 1567 854 1636 Propterea
881 1568 979 1638 paucis
1003 1569 1102 1624 diebus
1127 1569 1239 1640 elapsis,

83 1645 181 1702 noctis
211 1646 379 1718 intempeste
408 1647 524 1703 silencio
552 1647 631 1703 irruit
654 1648 683 1703 in
711 1649 854 1710 hominem
883 1651 928 1706 dei
954 1651 1063 1707 infinita
1087 1653 1239 1708 demonum
1256 1673 1284 1725 ¹⁵

83 1730 258 1797 multitudo;
279 1747 296 1786 a
313 1741 386 1787 terra
405 1731 548 1803 usquead
566 1733 657 1788 celum
676 1742 751 1788 totus
768 1750 817 1788 aer
836 1732 1004 1804 implebatur
1019 1737 1192 1805 prestigiosis
1211 1747 1239 1792 et

83 1814 241 1869 larualibus
265 1816 417 1870 demonum
441 1815 546 1872 ionius.
583 1815 707 1887 Rapiunt
726 1833 796 1872 eum
820 1816 935 1887 spiritus
959 1819 1137 1888 monstruosi,
1162 1829 1240 1875 extra

85 1897 189 1953 cellam
210 1897 326 1965 ducunt,
349 1901 477 1954 membra
499 1899 559 1954 eius
583 1899 707 1970 alligant,
732 1899 878 1971 ipsumque
903 1901 1052 1972 paludibus
1076 1903 1187 1958 cenosis
1211 1913 1239 1958 et

84 1981 236 2052 profundis
266 1981 441 2051 immergunt
480 1982 562 2037 lllum
587 1982 687 2038 iterum
711 1993 898 2053 asportantes,
923 2001 974 2054 per
996 1985 1150 2056 asperrima
1176 1987 1240 2041 loca

85 2065 213 2132 trahunt,
234 2075 262 2120 et
280 2082 330 2135 per
348 2064 551 2121 inextricabiles
570 2066 696 2137 neptium
715 2065 877 2122 densitates.
914 2069 1041 2140 Cumque
1061 2086 1127 2139 pars
1147 2069 1239 2125 noctis
1254 2089 1285 2126 ao

87 2149 184 2205 adhuc
205 2148 327 2203 maxima
349 2159 517 2219 superesset,
539 2149 643 2210 instant
664 2150 827 2212 uerberibus
849 2160 877 2205 et
898 2153 1045 2212 tormentis
1066 2163 1096 2208 ut
1118 2153 1239 2209 insulam

86 2231 272 2288 festinancius
285 2231 412 2301 deserat;
432 2233 530 2288 mortis
543 2232 666 2288 immane
682 2232 852 2303 supplicium
866 2233 958 2288 eidem
976 2236 1133 2291 terribiliter
1147 2237 1239 2292 inten-

87 2325 192 2381 tantes,
207 2315 231 2370 si
249 2333 267 2370 a
283 2315 346 2371 loco
362 2315 563 2371 dominationis
581 2333 631 2371 sue
645 2314 850 2386 ‚tempestiuust
861 2334 918 2373 non
937 2318 1057 2374 recedat.
1095 2321 1161 2390 lpse
1174 2337 1240 2376 uero

86 2399 177 2456 nichil
207 2399 307 2467 sciens,
332 2399 418 2454 nichil
449 2399 571 2470 sapiens,
596 2399 680 2454 nichil
711 2400 846 2462 inuocans
876 2409 969 2470 preter
999 2401 1150 2472 Christum,
1175 2420 1239 2458 cum

88 2481 237 2556 psalmista
258 2482 388 2538 dicebat:
418 2482 623 2538 ‘Prouidebam
646 2484 789 2538 dominum
809 2483 840 2540 in
861 2495 1014 2556 conspectu
1036 2503 1099 2542 meo
1121 2505 1239 2559 semper,
1255 2510 1285 2561 ²⁵

88 2567 223 2640 quoniam
248 2584 266 2622 a
290 2567 396 2622 dextris
421 2576 465 2622 est
492 2565 579 2622 michi
604 2583 640 2622 ne
669 2569 863 2624 commonear!
903 2569 1117 2626 Nobilissimam
1146 2571 1241 2643 itaque

89 2651 206 2706 cedrum
227 2659 349 2704 uestram
369 2649 462 2704 nullus
482 2647 699 2719 temptationum
721 2649 856 2720 incursus,
875 2651 968 2708 nullus
992 2654 1103 2710 hostilis
1122 2654 1240 2710 turbinis

88 2743 180 2790 terror
197 2732 286 2803 potuit
304 2731 447 2788 inclinare.
486 2732 592 2788 Crescit
612 2732 743 2789 Guthlaci
763 2733 908 2804 paciencia
926 2735 1059 2791 lacessita
1077 2737 1192 2804 iniuriis,
1212 2747 1240 2793 et

89 2816 226 2873 molestiis
238 2815 342 2870 afflicta
353 2815 520 2886 grandescit.
547 2815 665 2870 ‘Beatus
677 2815 763 2870 homo
772 2816 851 2872 cuius
863 2827 906 2872 est
918 2834 1020 2873 nomen
1030 2820 1135 2874 domini
1148 2821 1240 2890 spes’3

90 2901 216 2967 ‘beatus
228 2899 401 2967 domine,uir
413 2899 491 2954 cuius
502 2908 546 2955 est
559 2899 691 2954 auxilium
704 2916 722 2953 a
733 2899 779 2954 te!
817 2899 962 2955 Fundatus
974 2901 1048 2955 enim
1061 2901 1088 2956 in
1102 2903 1158 2957 fide
1170 2913 1198 2959 et
1211 2903 1240 2958 in
1253 2924 1287 2975 go

90 3000 187 3039 amore
200 2981 312 3051 Christi,
326 2983 485 3038 ‘crescebat
498 2992 642 3053 tamquam
655 2982 795 3037 edificium
811 2982 952 3053 spirituale
966 2984 993 3037 in
1007 2984 1143 3054 templum
1160 3003 1240 3041 sanc·

91 3077 152 3124 tum
168 3065 196 3120 in
209 3064 341 3120 domino.¹
379 3067 405 3121 Ο
420 3067 539 3136 abyssus
553 3065 727 3134 iudiciorum,
739 3083 757 3122 ο
769 3065 830 3121 sons
846 3066 1037 3122 misericordie
1055 3068 1143 3123 deus!
1170 3068 1240 3140 Quis

92 3153 165 3205 hanc
184 3149 317 3216 abyssum
334 3148 523 3203 considerauit
537 3159 566 3204 et
585 3165 641 3204 non
663 3147 791 3219 expauit?
828 3148 899 3216 Quis
917 3149 953 3204 de
969 3149 1024 3204 hoc
1042 3151 1119 3205 fonte
1136 3151 1240 3207 dulcis-

93 3235 164 3290 simo
176 3230 247 3286 bibit
259 3241 286 3286 et
299 3241 327 3286 te
339 3248 395 3286 non
408 3231 536 3287 amauit?
573 3233 605 3286 ln
624 3242 672 3287 tuo
687 3247 792 3300 amore,
805 3231 927 3298 domine,
940 3231 1036 3288 omnia
1051 3234 1105 3288 hec
1122 3233 1240 3290 sustinet

92 3316 208 3382 fortiter,
220 3313 372 3385 pacienter,
384 3323 413 3370 et
429 3314 557 3371 dulciter.
593 3315 721 3386 Cumque
737 3323 811 3370 esset
824 3314 925 3369 ‘homo
937 3314 1035 3370 similis
1052 3317 1135 3373 nohis
1150 3317 1240 3388 passi·
1254 3337 1285 3389 35

93 3399 172 3464 bilis,'
181 3397 296 3452 omnino
307 3397 438 3454 deficeret
452 3398 480 3452 in
493 3397 570 3454 duris
579 3408 607 3453 et
620 3398 649 3453 in
661 3397 780 3453 miseriis
795 3414 851 3452 non
863 3397 1035 3466 subsisteret,
1044 3399 1098 3455 nisi
1112 3400 1241 3458 Christus

93 3482 232 3538 habitaret
253 3481 281 3535 in
301 3497 343 3535 eo.
379 3479 549 3551 Accepimus
573 3481 650 3536 enim
675 3480 712 3536 ab
733 3481 870 3553 apostolo,
893 3481 1037 3537 Christum
1062 3483 1189 3540 habitare
1212 3484 1241 3539 in

96 3564 224 3620 cordibus
242 3563 354 3632 nostris,
373 3563 570 3634 perspiritum
588 3572 725 3632 sanctum,
744 3562 791 3634 qui
807 3565 892 3620 datus
911 3575 956 3620 est
977 3565 1068 3622 nobis.
1104 3567 1242 3623 Videntes

95 3659 187 3704 autem
200 3646 358 3717 spirituales
369 3645 496 3717 nequicie
510 3646 586 3718 quod
598 3645 686 3701 nichil
701 3646 884 3717 proficiebant
900 3647 1036 3704 aduersus
1048 3651 1240 3704 constanciam

94 3731 145 3786 uiri
163 3729 227 3785 dei:
254 3741 429 3785 assumentes
447 3746 520 3797 eum,
542 3729 659 3798 flagellis
679 3729 783 3798 ferreis,
804 3739 832 3784 et
850 3730 997 3785 horrendis
1015 3731 1122 3806 alarum
1141 3731 1240 3786 strido-
1253 3753 1287 3804 40

96 3815 170 3870 ribus
183 3811 275 3883 ipsum
288 3822 418 3882 torquent
430 3820 458 3867 et
470 3812 595 3867 cruciant
606 3829 613 3878 ;
632 3813 753 3868 eundem
769 3812 890 3882 denique
907 3813 1070 3867 subuectum
1089 3813 1125 3868 ad
1140 3815 1241 3881 nubes,

97 3895 351 3967 inseptemtrionali
362 3896 447 3967 plaga
456 3896 508 3951 celi
518 3895 699 3951 constituunt.
729 3894 810 3965 Cepit
820 3910 932 3965 quoque
941 3904 1000 3949 tota
1009 3895 1061 3950 celi
1070 3895 1157 3951 iacies
1167 3898 1242 3953 nube

97 3979 246 4050 caliginosa
265 3977 431 4048 nigrescere,
450 3977 669 4033 innumerabiles
687 3976 763 4032 enim
781 3986 872 4031 turine
890 3977 1076 4047 malignorum
1094 3977 1240 4049 spirituum

97 4063 255 4128 confluunt3
274 4070 389 4131 captum
404 4061 517 4132 rapiunt
531 4071 559 4118 et
575 4062 613 4116 ad
630 4061 726 4116 lauces
743 4058 851 4128 inferni,
867 4058 1063 4115 miserabiliter
1081 4060 1241 4131 affligendo,

97 4145 256 4218 perducunt.
293 4145 414 4200 Sanctus
437 4161 504 4200 uero
529 4145 686 4200 Guthlacus
709 4142 826 4199 fetorem
850 4141 978 4198 senciens
1002 4143 1188 4213 gehennalem
1211 4155 1239 4201 et
1253 4163 1285 4214 45

338 4307 421 4364 ²MS.
433 4309 512 4364 erut.
740 4307 800 4360 ¹T.
812 4309 844 4360 E.
855 4307 1012 4376 tempestiue.

131 4419 197 4465 vol..
206 4419 240 4462 11.
648 4415 665 4459 Ζ
677 4422 690 4460 2
