3008 4904
391 325 466 419 me
490 323 657 416 aanor
683 323 917 418 0110110111.
1160 349 1231 424 237

52 530 164 586 dixit:
200 527 285 584 ‘Non
310 527 428 584 intretis
451 526 483 584 111
508 527 660 585 ciuitatem
686 529 792 584 istam?
829 528 915 586 Tunc
940 527 981 586 illi
1006 528 1119 587 reuersi
1143 527 1174 586 in
1196 546 1230 586 se

53 618 237 674 dixerunt:
266 616 343 673 ‘Pro
364 616 490 673 ueritate
516 632 573 672 uos
598 615 762 688 culpabiles
786 633 911 673 sumus:
943 619 1046 690 utquid
1075 635 1147 690 ergo
1174 635 1231 675 nos

54 705 153 778 ipsos
178 705 398 762 iustificamusi
435 705 508 761 Esto
524 705 593 776 quia
614 703 655 760 illi
675 721 732 760 nos
750 703 860 761 iniuste
876 705 1230 762 excommunicauerunt:

56 792 225 865 numquid
244 801 275 848 et
293 791 350 848 iste
368 792 535 866 propheta?
561 810 631 848 ecce
652 792 733 848 enim
754 793 830 848 deus
852 793 996 849 reuelauit
1017 793 1046 849 ei
1065 794 1103 849 de
1125 793 1229 850 nobis!

57 881 101 936 Et
123 880 399 952 reprehenderunt
418 882 599 952 semetipsos
612 879 699 935 ualde
712 881 750 935 de
764 880 851 952 culpa
865 897 954 952 quam
967 881 1107 937 fecerant.
1144 880 1229 938 Tunc
1244 893 1259 946 5

54 969 185 1024 uidens
202 967 252 1039 qui
270 968 360 1023 corda
377 967 460 1023 nouit
472 967 541 1040 quia
560 985 593 1023 se
610 983 665 1039 pro
676 967 802 1024 ueritate
815 967 978 1040 culpabiles
992 969 1131 1036 fecerant,
1145 986 1230 1024 reue·

56 1055 140 1112 lauit
171 1057 318 1127 episcopo
340 1055 528 1128 Epiphanio:
556 1057 608 1128 qui
632 1054 713 1111 misit
737 1056 891 1112 adducens
916 1073 978 1123 eoa,
999 1064 1029 1112 et
1050 1056 1230 1125 consolatus,
1254 1089 1261 1104 ι

56 1142 212 1214 suscepit
235 1159 289 1198 eos
306 1141 337 1197 in
357 1141 585 1212 communione;
612 1151 642 1199 et
661 1141 781 1215 scripsit
798 1143 1026 1216 archiepiscopo
1044 1143 1230 1202 Alexandrie

57 1231 201 1292 dicens;
221 1229 367 1303 ‘Suscipe
379 1229 457 1287 filios
470 1241 545 1299 tuos,
559 1230 627 1303 quia
640 1231 671 1288 in
684 1230 809 1288 ueritate
822 1231 1024 1304 penitenciam
1036 1232 1208 1304 egerunt¹.’]

363 1528 387 1590 il
407 1515 462 1585 Ds
479 1544 597 1584 snucrn
616 1513 777 1586 0511111111
794 1527 947 1584 1111011111.

68 1664 216 1794 ΒΕ111
233 1665 317 1737 virgo
335 1665 499 1734 Osmanna,
515 1666 596 1722 clara
613 1665 708 1739 stirpe
726 1683 760 1722 ac
780 1666 872 1739 regali
891 1666 1142 1724 Hiberniensium
1161 1685 1229 1741 pro·
1245 1683 1276 1720 ro

173 1753 285 1825 genita,
308 1753 456 1810 mandatis
480 1753 593 1810 domini
617 1771 634 1810 a
659 1753 786 1826 pueritia
806 1754 894 1810 tacito
916 1756 1006 1811 corde
1026 1756 1177 1822 credebat,
1199 1764 1229 1812 et

63 1840 163 1912 quasi
185 1857 291 1897 aurum
311 1841 439 1898 electum
458 1842 591 1914 probata,
607 1841 669 1898 suis
687 1841 870 1914 parentibus,
883 1859 952 1899 cum
972 1850 1075 1898 essent
1093 1843 1229 1914 gentiles,

64 1945 141 1984 eam
157 1928 336 2000 cogentibus
349 1947 388 1985 ne
400 1928 577 1985 christicolis
590 1930 735 1999 crederet,
748 1929 942 2001 obiurganter
953 1929 1098 1998 obstabat,
1108 1930 1229 1987 dicens:

67 2015 165 2084 ‘Cur,
185 2015 291 2072 insana
309 2033 393 2088 gens,
407 2017 515 2073 vestris
534 2017 625 2073 mutis
643 2016 740 2086 idolis,
760 2016 802 2072 nil
822 2019 931 2074 obesse
949 2034 1005 2074 nec
1024 2016 1161 2072 auxiliari
1178 2035 1228 2074 va·

67 2102 220 2172 lentibus,
233 2120 282 2159 me
299 2103 347 2159 dei
365 2104 519 2160 cultricem
536 2113 624 2177 caput
641 2103 785 2161 inclinare
801 2103 988 2177 compellitis,
1002 2103 1144 2176 legesque
1161 2121 1228 2176 pro·
1245 2121 1274 2171 15

67 2188 199 2260 phanas
211 2207 353 2247 exercere
366 2191 509 2248 iubetis?’
546 2191 634 2261 Quod
648 2191 804 2248 audientes
821 2200 964 2265 parentes
979 2190 1044 2247 eius
1061 2193 1229 2264 stupebant,

66 2284 168 2349 atque
181 2277 257 2333 alter
269 2279 306 2333 ad
318 2278 443 2334 alterum
453 2279 587 2336 dicebat:
608 2278 702 2349 ‘Quid
712 2279 848 2336 dicemus
858 2280 896 2335 de
909 2278 959 2335 illa
971 2279 1030 2335 iarn
1044 2278 1112 2335 fidei
1126 2289 1229 2336 nostre

68 2367 201 2436 penitus
218 2365 391 2423 obstantel'
428 2366 504 2422 Cum
517 2376 617 2422 autem
631 2367 752 2422 tandem
764 2367 902 2423 viderent
920 2369 1037 2424 beatam
1050 2367 1197 2438 virginem
1211 2384 1229 2424 a

68 2452 121 2506 via
134 2452 274 2509 veritatis
292 2452 372 2510 nolle
391 2454 532 2526 separari,
546 2471 613 2510 eam
631 2453 748 2510 cuidam
765 2453 856 2510 nobili
873 2455 904 2510 in
922 2453 1143 2510 matrimonium
1156 2455 1229 2512 dare

68 2539 227 2608 volebant,
246 2549 277 2596 vt
299 2541 407 2612 gaudio
424 2550 546 2598 vacaret
566 2550 596 2597 et
618 2541 796 2598 christianos
814 2543 882 2598 odio
904 2541 1035 2598 haberet.
1073 2541 1161 2612 Quod
1179 2541 1275 2598 111110

71 2625 259 2700 intelligens,
272 2637 413 2700 parentes
426 2637 456 2686 et
468 2630 596 2701 patriam
609 2629 776 2701 dereliquit,
789 2637 819 2686 et
836 2637 991 2701 assumpta
1007 2646 1110 2684 secum
1123 2629 1229 2685 ancilla

72 2715 204 2771 nornine
216 2715 372 2786 Aelitenis,
384 2715 528 2773 transito⁸
541 2715 616 2772 mari
634 2716 665 2772 in
685 2717 790 2774 siluam
805 2716 888 2772 iuxta
901 2715 1032 2788 Ligerim
1046 2715 1179 2785 fluuium,
1191 2716 1229 2773 ab
1289 2726 1292 2732 '

73 2801 237 2859 hominurn
256 2802 437 2859 habitatione
459 2813 613 2871 remotam,
633 2803 844 2860 domunculam
864 2821 903 2860 ex
921 2803 1000 2860 foliis
1023 2813 1053 2859 et
1073 2803 1229 2860 frondibus

73 2888 156 2958 fecit,
170 2899 202 2948 et
214 2889 331 2946 radices
343 2891 504 2948 herbarum
518 2899 548 2947 et
560 2891 629 2947 folia
641 2891 672 2946 in
682 2891 780 2947 cibum
793 2891 931 2963 sumpsit,
944 2900 1044 2948 vestes
1059 2907 1099 2947 ex
1114 2890 1229 2948 iuncis⁴

74 2985 106 3032 et
123 2978 310 3050 longioribus
324 2977 425 3034 herbis
443 2978 500 3036 sibi
517 2978 594 3036 fecit.
632 2977 704 3035 Post
721 2978 776 3036 hec
789 2996 871 3047 vero,
883 2981 956 3034 dum
969 2978 1090 3051 quidam
1104 2987 1229 3035 venator
1244 2993 1274 3044 ²5

74 3065 231 3134 pontificis
250 3082 318 3122 cum
340 3065 529 3123 multitudine
548 3083 654 3123 canum
677 3083 783 3138 aprum
801 3066 1008 3134 insectaretur,
1027 3083 1100 3138 aper
1118 3065 1170 3122 ille
1189 3067 1228 3123 ad

75 3153 166 3210 beate
190 3151 366 3209 Osmanne⁵
391 3153 591 3210 habitaculum
615 3154 805 3227 perueniens,
829 3163 898 3212 ante
923 3155 1017 3226 pedes
1044 3153 1118 3224 eius,
1143 3153 1228 3226 quasi

76 3239 317 3296 miscricordiam
336 3249 451 3313 petens,
463 3259 498 3298 se
514 3241 683 3313 prostrauit.
721 3241 819 3312 Quem
838 3257 907 3298 cum
919 3250 1045 3299 venator
1063 3241 1229 3298 adueniens

76 3328 199 3385 cultello
212 3327 347 3386 occidere
358 3328 457 3396 vellet,
470 3328 552 3385 nulla
562 3328 653 3401 gladii
666 3328 746 3385 acies
759 3342 858 3386 cutem
871 3329 937 3386 eius
952 3338 1111 3402 penetrare
1124 3329 1228 3403 potuit

77 3414 148 3484 Quo
165 3416 231 3472 viso
249 3417 286 3471 ad
305 3415 481 3489 episcopum
499 3432 640 3488 pergens,
653 3434 687 3473 se
706 3415 821 3488 magica
838 3425 902 3473 arte
920 3434 938 3473 a
954 3415 1071 3489 virgine
1089 3417 1227 3476 delusum
1241 3429 1274 3478 30

77 3501 174 3561 fuisse
191 3520 342 3574 asserens,
354 3511 461 3560 cuncta
473 3520 532 3577 que
543 3504 658 3562 viderat
670 3503 783 3560 studuit
795 3520 943 3562 enarrare.
980 3503 1128 3577 Pergente
1140 3503 1228 3561 illuc⁸

111 3649 120 3680 ²
139 3651 239 3702 Collect
251 3653 276 3700 in
289 3651 336 3706 T.:

113 3715 145 3777 Ο
155 3727 248 3775 Ositha
256 3727 369 3788 gloriosa
378 3727 456 3776 uariis
465 3726 609 3786 uirtutibus,
621 3727 645 3776 0
652 3726 723 3776 01101
731 3727 849 3788 speciosa
857 3727 953 3776 florens
964 3727 991 3774 in
1003 3726 1159 3776 celestibus:
1177 3727 1228 3776 Fac

80 3795 168 3842 uotiua
185 3793 302 3854 graciosa
319 3800 408 3842 nostra
427 3793 478 3842 tuis
496 3793 625 3856 precibus,
644 3792 778 3842 lucentiua
793 3793 891 3843 uiciosa
907 3799 1065 3842 commutans
1082 3793 1225 3844 uirtutibus.

79 3854 110 3906 V.
129 3859 183 3907 Ora
194 3875 242 3920 pro
253 3857 334 3908 nobis.

115 3922 194 3984 Deus
205 3931 250 3994 qui
261 3947 289 3980 es
301 3932 414 3981 omnium
429 3939 573 3981 sanctarum
585 3932 633 3981 iios
645 3931 782 3993 uirginum,
795 3932 828 3980 da
843 3931 918 3980 nobis
935 3931 961 3980 in
977 3937 1064 3980 sancte
1079 3929 1188 3992 uirginis
1200 3939 1227 3980 ct

82 3999 192 4047 martiris
217 4005 261 4047 tue
288 3997 380 4046 Osithe
405 4005 477 4047 sorte
503 3998 610 4060 censeri,
636 4004 673 4058 ut,
695 3998 767 4046 cuius
791 3996 925 4046 laudamus
949 3998 1075 4056 meritum,
1098 3996 1228 4046 imitemur

81 4063 239 4176 ¹exernplup.
272 4062 323 4124 Qui
339 4063 405 4112 uiuis
419 4071 447 4113 et
463 4077 557 4125 regnas
573 4077 631 4113 cum
648 4065 698 4113 deo
712 4069 786 4127 patre
805 4071 833 4112 et
850 4078 871 4112 s.
890 4062 952 4124 spir.
964 4063 1029 4112 deus
1047 4061 1228 4111 1111101100-

90 4141 169 4178 010111.
229 4143 295 4177 meu.

113 4193 122 4222 ¹
137 4195 270 4256 Abrldged
281 4194 346 4243 110111
357 4209 373 4242 a
386 4193 442 4242 Life
452 4193 550 4243 known
565 4201 593 4244 to
604 4193 648 4243 the
660 4193 726 4243 Boll.
738 4193 803 4242 from
815 4208 830 4241 a
842 4191 899 4243 MS.
910 4191 1083 4250 Anisolense3
1100 4207 1133 4240 an
1145 4191 1227 4254 older,

81 4257 185 4308 shorter
203 4258 266 4318 Life,
284 4259 311 4308 in
327 4259 472 4321 frequently
483 4261 529 4310 the
543 4274 615 4310 111010
627 4259 760 4317 words,is
775 4260 816 4309 ed.
828 4259 893 4308 from
906 4274 922 4307 1
935 4258 973 4307 St.
986 4258 1069 4308 Denis
1083 4257 1137 4307 MS.
1150 4259 1177 4307 in
1195 4259 1227 4308 Α.

83 4321 487 4447 {ifflhoseptiighipic'm
569 4323 628 4376 ⁸1.
639 4324 754 4376 11100111.
840 4323 1008 4374 ‘T.iunctis
1089 4323 1229 4374 ‘uberti
