3044 4894
408 304 483 399 Dr
507 302 671 394 &aaut
697 301 907 399 buthan.

554 549 578 606 ‘l
596 547 761 605 Narraaut

121 655 251 742 Legitur
259 669 341 727 enim
350 669 381 728 in
391 670 521 744 quodam
531 669 606 726 libro
616 671 655 728 de
665 669 814 727 miraculis
827 676 998 726 sanctorum
1006 667 1016 702 ¹
1025 669 1104 742 quod
1112 667 1233 740 quidam

82 757 226 830 magister
245 758 353 816 semum
372 758 467 816 sancti
480 758 682 816 Bartholomei
698 759 729 814 in
748 757 831 814 omni
846 775 925 816 anno
944 757 1137 829 solempniter
1156 755 1233 813 cele-

82 845 196 902 brabat.
233 845 288 904 Cui
300 845 464 919 predicanti
477 846 610 904 diabolus
622 845 653 902 in
666 845 767 919 specie
783 844 936 902 cuiusdam
954 845 1053 918 puelle
1071 843 1233 901 admodum

82 932 221 1004 speciose
233 934 377 1007 apparuit.
414 934 492 1005 Qui²
503 934 618 992 iniectis
629 933 660 990 in
675 951 743 992 earn
756 933 857 1003 oculis,
869 934 907 990 ad
920 932 1079 1006 prandium
1091 931 1234 988 inuitauit.

83 1019 143 1090 Qui
156 1022 227 1078 dum
239 1022 269 1078 in
283 1039 389 1080 mensa
400 1022 607 1092 consisterent,
620 1030 650 1080 et
661 1021 711 1078 illa
723 1021 754 1079 in
768 1037 902 1078 amorem
921 1037 1008 1078 suurn
1027 1037 1096 1077 euin
1116 1019 1234 1076 allicere
1247 1038 1262 1088 5

84 1107 238 1179 niteretur,
248 1111 353 1168 beatus
367 1110 595 1168 Bartholomeus
608 1109 638 1166 in
656 1108 758 1182 specie
773 1107 923 1182 peregrini
944 1126 999 1181 pre
1018 1107 1129 1164 foribus
1142 1107 1233 1176 affuit,

83 1205 114 1252 et
135 1205 167 1252 vt
185 1214 287 1254 amore
311 1197 406 1254 sancti
431 1197 634 1256 Bartholomei
659 1197 906 1267 introduceretur,
923 1195 1061 1254 obnixius
1083 1195 1232 1267 flagitauit.

84 1281 141 1340 Cui
164 1301 231 1339 cum
256 1285 343 1356 panis
364 1285 540 1356 mitteretur,
558 1285 607 1343 ille
636 1285 714 1342 hunc
736 1283 872 1358 accipere
899 1283 1055 1341 recusauit.
1105 1282 1234 1355 Rogauit

83 1371 205 1426 tamen⁸
217 1372 394 1444 magistrum
407 1389 463 1446 per
477 1373 617 1430 nuncium
629 1383 660 1430 vt
679 1372 735 1430 sibi
750 1372 864 1428 diceret
876 1371 947 1444 quid
960 1370 1056 1443 magis
1068 1369 1098 1426 in
1113 1370 1234 1426 homine

84 1457 241 1530 proprium
265 1477 335 1517 esse
356 1469 482 1533 putaret.
519 1461 626 1531 Quod⁴
644 1477 712 1516 cum
730 1459 780 1516 ille
798 1457 909 1516 risibile
928 1460 1050 1528 diceret,
1069 1458 1169 1530 puella
1187 1476 1234 1516 re·
1249 1475 1279 1511 ιο

83 1545 220 1618 spondit:
241 1546 356 1604 ‘Immo
375 1557 529 1620 peccatum
546 1565 614 1604 cum
631 1565 691 1620 quo
706 1547 796 1604 homo
811 1546 984 1619 concipitur,
997 1546 1127 1602 nascitur
1145 1555 1234 1618 atque

82 1633 172 1690 viuit¹
210 1634 264 1690 Cui
278 1635 506 1694 Bartholomeus
515 1636 669 1708 respondit
681 1636 762 1708 quod
770 1633 820 1691 ille
832 1635 909 1692 bene
919 1633 1016 1691 intulit
1030 1653 1037 1692 t
1060 1635 1114 1691 sed
1127 1634 1236 1691 mulier

83 1721 262 1793 profundius
285 1723 444 1796 indagauit
492 1723 632 1780 Secundo
657 1722 835 1796 peregrinus
859 1721 999 1795 magistro
1023 1721 1103 1778 misit
1122 1731 1154 1778 vt
1178 1721 1234 1779 sibi

83 1809 201 1866 diceret
213 1809 279 1882 quis
298 1810 381 1868 locus
393 1811 481 1868 vnius
499 1810 586 1883 pedis
598 1819 680 1868 esset
691 1811 741 1868 vbi
759 1812 834 1867 deus
853 1809 965 1867 maiora
981 1809 1122 1866 miracula
1134 1819 1234 1866 osten-

83 1896 187 1954 disset.
224 1898 278 1954 Cui
302 1915 370 1956 cum
394 1899 445 1956 ille
465 1899 596 1956 diceret:
624 1899 724 1956 ‘locus
744 1897 843 1954 crucis
861 1897 892 1954 in
913 1914 972 1969 quo
992 1898 1066 1954 deus
1091 1896 1235 1954 mirabilia
1250 1911 1278 1962 ¹5

82 1993 226 2057 operatus
243 1987 308 2053 est,'
327 1985 377 2044 illa
395 1987 452 2043 ait:
479 1986 596 2042 ‘Immo
615 1995 703 2058 caput
721 1985 860 2054 hominis,
879 1984 988 2058 inquo
1008 1983 1116 2057 [quasi]
1137 1983 1236 2042 minor

85 2073 218 2128 mundus
248 2072 366 2130 existit!
414 2074 617 2146 Vtrorumque
654 2074 834 2131 sententiam
865 2073 1019 2145 apostolus
1048 2072 1235 2145 approbauit.

87 2159 191 2216 Tertio
203 2160 330 2232 quesiuit
343 2169 453 2233 quanta
471 2161 611 2218 distantia
628 2170 709 2218 esset
727 2179 745 2217 a
762 2177 880 2218 summo
899 2159 983 2216 celo⁸
994 2177 1089 2232 vsque
1108 2161 1146 2216 ad
1164 2176 1234 2232 pro-

85 2246 214 2304 fundum
227 2248 345 2304 inferni.
382 2249 437 2306 Cui
445 2266 511 2305 cum
524 2249 668 2322 magister
680 2266 714 2306 se
722 2247 838 2306 nescire
851 2247 973 2318 diceret,
985 2247 1035 2304 illa
1047 2247 1106 2305 ait:
1126 2246 1234 2304 ‘Modo

85 2334 175 2392 video
188 2337 267 2407 quod
286 2337 464 2410 precipitor;
485 2338 540 2394 sed
558 2355 616 2409 ego
635 2337 690 2394 hoc
709 2335 788 2406 noui,
801 2335 871 2408 quia
890 2337 929 2392 de
947 2335 1040 2394 altero
1057 2336 1094 2392 ad
1108 2335 1234 2392 alterum
1249 2355 1280 2390 ao

84 2421 200 2480 decidi!
239 2423 362 2481 Etcum
381 2441 490 2497 magno
502 2424 610 2482 eiulatu
630 2441 664 2482 se
682 2423 713 2480 in
729 2423 861 2480 abissum
881 2422 1074 2496 precipitauit.
1111 2421 1235 2480 Etcum

83 2519 247 2583 quererent
266 2511 468 2584 peregrinum,
491 2513 614 2570 minime
634 2511 821 2568 inuenerunt.
894 2499 1086 2583 ‘Episcopus
1104 2509 1235 2583 quidam,

86 2597 257 2670 religiosam
279 2617 373 2671 agens
390 2599 490 2670 vitam,
512 2601 631 2658 beatum
648 2600 803 2656 Andream
824 2615 915 2670 supra
930 2607 1047 2656 eeteros
1065 2607 1184 2654 sanctos
1203 2598 1234 2654 in

84 2686 280 2744 veneratione
299 2687 435 2758 habebat,
454 2688 494 2744 ita
506 2689 585 2761 quod
604 2687 634 2744 in
655 2688 768 2744 cunctis
787 2686 851 2744 suis
869 2686 1009 2758 operibus
1023 2685 1101 2742 hunc
1113 2703 1235 2758 semper

83 2773 204 2830 titulum
224 2773 429 2846 preponebat:
450 2775 515 2832 ‘Ad
532 2777 678 2832 honorem
698 2775 746 2832 dei
766 2784 796 2831 et
820 2773 898 2832 beati
911 2774 1053 2830 Andree!
1091 2771 1234 2832 Inuidens
1249 2792 1278 2843 ²5

83 2861 175 2934 igitur
188 2871 290 2919 sancto
302 2862 365 2920 viro
378 2864 472 2920 hostis
485 2863 631 2936 antiquus,
644 2864 681 2920 ad
694 2880 763 2920 eum
777 2861 986 2934 decipiendum
1004 2869 1066 2918 tota
1077 2861 1234 2942 calliditate

83 2961 119 3002 se
146 2945 287 3004 contulit:
315 2961 410 3018 seque
429 2946 460 3003 in
478 2946 604 3004 sormam
623 2945 756 3004 mulieris
780 2945 981 3018 pulcherrime
1005 2944 1234 3002 transformauit.

82 3032 176 3090 Venit
193 3051 266 3106 ergo
284 3035 323 3090 ad
343 3033 483 3107 palatium
500 3033 642 3107 episcopi,
660 3051 802 3092 asserens
821 3051 855 3090 se
874 3033 953 3090 velle
973 3032 1107 3091 confiteri
1127 3033 1234 3090 eidem.

85 3119 212 3177 Mandat
227 3120 386 3194 episcopus
401 3131 433 3178 vt
452 3139 506 3178 suo
525 3120 733 3195 penitentiario
752 3122 935 3191 confiteatur,
954 3120 1000 3178 cui
1018 3119 1234 3193 plenitudinem

83 3207 251 3265 tradiderat
268 3210 434 3282 potestatis.
481 3209 650 3268 Renunciat
671 3210 721 3267 illa
738 3211 818 3282 quod
836 3209 909 3266 nulli
929 3208 1083 3266 hominum
1102 3207 1159 3264 nisi
1178 3207 1234 3266 sibi
1248 3228 1280 3278 30

86 3304 206 3354 secreta
224 3312 280 3353 sue
297 3297 478 3354 conscientie
497 3298 652 3354 reuelaret.
690 3298 801 3371 Sicque
817 3297 912 3354 victus
930 3297 1091 3370 episcopus
1109 3313 1176 3352 eam
1196 3296 1234 3352 ad

83 3402 119 3442 se
130 3383 235 3440 venire
248 3385 390 3458 precepit.
428 3384 483 3443 Cui
495 3385 560 3443 illa:
584 3387 591 3414 ‘
603 3385 747 3454 Obsecro,
762 3385 892 3455 domine,
905 3384 1050 3442 miserere
1064 3383 1132 3440 mei.
1171 3383 1234 3456 Ego

84 3471 169 3528 enim
188 3471 218 3526 in
231 3471 319 3528 annis
332 3472 564 3545 puellaribus,vt
577 3472 707 3542 cernitis,
717 3472 884 3542 constituta,
897 3480 954 3528 eta
967 3471 1097 3544 puericia
1110 3469 1234 3528 delicate

84 3558 208 3628 nutrita,
227 3577 343 3616 necnon
364 3569 395 3616 et
417 3560 500 3632 regia
519 3559 612 3634 stirpe
637 3559 801 3633 progenita,
821 3560 878 3618 huc
899 3559 929 3616 in
951 3557 1111 3632 peregrino
1133 3559 1234 3615 habitu

85 3647 151 3704 sola
163 3646 242 3702 veni.
280 3647 358 3704 Nam
371 3657 458 3720 pater
470 3665 556 3705 meus
569 3665 633 3717 rex,
645 3647 746 3720 vtique
758 3647 846 3705 valde
865 3655 982 3720 potens,
995 3646 1113 3702 cuidam
1126 3663 1234 3719 magno
1248 3665 1279 3715 35

85 3733 215 3808 principi
229 3751 278 3790 me
291 3735 409 3793 volebat
423 3735 453 3792 in
466 3735 635 3808 coniugium
648 3735 780 3792 sociare:
800 3735 847 3792 cui
860 3733 1001 3807 respondi
1014 3734 1094 3807 quod
1112 3751 1234 3790 omnem

85 3822 208 3878 thorum
221 3822 432 3880 abhominarer
448 3823 624 3893 maritalem,
637 3823 706 3896 quia
717 3822 919 3896 virginitatem
938 3839 1037 3878 meam
1051 3821 1170 3878 Christo
1189 3821 1233 3877 in·

82 3959 235 4022 Guthlacus,
246 3977 322 4024 quem
333 3963 421 4026 (mane
429 3966 467 4024 et)
477 3963 611 4028 uespe(re)
622 3963 756 4012 consueuit
766 3961 873 4025 angelus
882 3961 989 4027 ui(sere,
997 3961 1064 4025 cum)
1075 3975 1126 4022 quo
1135 3960 1233 4024 d(ulce)

82 4027 199 4154 ιὸἰῐῗὲῗξ
209 4029 372 4144 ἱῖὲὲυἰυω,
381 4029 534 4095 luturtorum
546 4033 583 4094 te)
593 4029 654 4078 fecit
666 4029 792 4092 prescium
802 4028 947 4090 secretique
956 4027 1060 4077 celestis
1068 4027 1234 4090 comeciam).

119 4161 197 4223 Deus
208 4173 251 4234 qui
264 4173 376 4234 glorioso
388 4173 529 4222 consessori
538 4181 583 4222 tuo
590 4179 667 4236 atque
676 4173 804 4222 sacerdoti
815 4172 941 4221 Guthlaco
949 4171 1078 4220 cotidiana
1086 4170 1235 4219 uisitacione

81 4239 208 4301 angelica,
221 4245 311 4287 eterna
321 4240 361 4288 sui
372 4239 467 4288 laboris
477 4240 574 4301 premia
586 4239 701 4288 reuelare
713 4240 833 4301 dignatus
848 4254 885 4300 es,
898 4245 984 4300 presta
998 4251 1137 4298 quesumus
1149 4243 1176 4285 ut
1188 4272 1194 4285 .
1209 4273 1216 4286 .
1229 4273 1235 4287 .

117 4305 125 4334 ¹
144 4303 184 4353 Ex
198 4304 259 4365 Leg.
272 4304 367 4366 Aurea,
380 4319 405 4367 p.
417 4319 473 4366 545.
547 4305 557 4334 ²
575 4306 602 4355 L.
611 4306 644 4354 Α
656 4320 739 4367 quam.
816 4305 826 4334 ¹
844 4305 872 4354 L.
883 4303 915 4352 A.
927 4311 989 4353 tum.
1063 4302 1072 4332 ⁴
1091 4303 1118 4351 L.
1131 4302 1162 4352 Α
1177 4303 1233 4352 Cui.

82 4387 106 4420 c.
120 4371 136 4420 i.
149 4371 196 4418 die
209 4369 314 4420 risibile.
380 4371 390 4402 ⁸
408 4371 436 4420 l..
450 4371 483 4420 A.
495 4371 552 4421 celi.
617 4369 627 4399 ⁸
644 4371 683 4421 Cl.
697 4371 819 4432 Legenda
829 4370 924 4431 Aurea,
938 4369 965 4419 S.
978 4369 1106 4428 Andreas,
1118 4383 1144 4431 p.
1160 4383 1198 4431 19.
