3012 4898
272 307 343 380 286
582 303 713 390 mour
738 297 929 403 ituatur
953 297 1104 404 abab.

270 519 412 576 magnum
425 512 546 560 centum
557 502 662 576 viginti
675 504 794 576 pedum.
833 503 871 560 Et
885 502 1020 560 videntes
1033 504 1089 560 hoc
1102 503 1211 560 fratres
1225 521 1298 561 cum
1312 521 1432 578 magno

270 601 393 664 stupore
404 591 559 648 dicebant:
574 591 657 646 ‘Non
668 591 818 647 credimus
827 592 906 664 quod
917 601 998 648 esset
1009 593 1098 648 homo
1108 591 1195 647 huius
1205 591 1430 665 longitudinis-⁹

271 678 309 735 Et
331 679 370 735 ait
390 678 550 736 Patricius:
570 678 619 735 ‘Si
638 677 799 746 volueritis,
818 679 956 736 videbitis
976 683 1063 735 eum’
1099 679 1139 735 At
1161 679 1202 735 illi
1224 681 1382 752 rogabant
1399 693 1431 737 vt

269 767 406 822 viderent
422 783 500 822 eum.
534 765 619 822 Tunc
638 765 766 839 signauit
779 765 925 822 Patricius
943 764 1047 822 baculo
1066 766 1280 839 sepulchrum:
1302 779 1335 824 et
1356 787 1431 827 ecce

240 854 316 924 qvir
334 853 410 910 mire
429 853 640 926 magnitudinis
659 853 797 920 surrexit,
815 853 938 910 dicens:
957 853 1057 910 ‘Bene
1075 853 1114 910 sit
1132 853 1195 922 tibi,
1206 854 1254 910 vir
1273 855 1335 924 dei,
1357 857 1431 929 quia

269 958 326 1014 per
338 959 429 998 vnarn
442 942 547 998 horam
564 957 582 998 a
595 940 684 1013 penis
696 940 828 997 liberasti
842 943 908 1010 me,'
922 949 952 997 et
965 939 1046 997 lleuit
1059 941 1265 1012 amarissime3
1284 952 1318 998 et
1330 944 1430 1003 dixit:

270 1029 320 1086 ‘Si
338 1029 413 1097 licet,
426 1029 547 1086 ambulo
559 1028 732 1085 vobiscum!
770 1027 808 1085 Et
825 1028 866 1084 ait
879 1027 1041 1085 Patricius:
1061 1028 1243 1085 ‘Ambulare
1261 1030 1430 1091 nobiscum

270 1133 331 1173 non
343 1126 439 1190 potes,
450 1133 504 1173 nec
518 1115 648 1188 expedit,
657 1115 726 1188 quia
739 1133 798 1171 non
811 1125 938 1189 possunt
952 1116 1089 1172 homines
1102 1116 1209 1173 faciem
1221 1127 1308 1174 tuam
1318 1119 1431 1176 videre

270 1221 325 1278 pre
340 1205 465 1262 timore:
485 1205 540 1262 sed
557 1204 646 1260 crede
661 1204 719 1260 deo
736 1203 801 1273 celi,
814 1212 844 1259 et
861 1205 1042 1276 baptismum
1058 1205 1169 1277 accipe,
1186 1211 1217 1261 et
1236 1222 1301 1260 non
1321 1223 1431 1264 reuer-

226 1317 258 1356 ιο
270 1293 342 1349 teris
361 1293 398 1348 ad
418 1293 482 1349 loca
500 1308 645 1365 penarum
664 1291 714 1348 vbi
732 1291 828 1362 luisti3
848 1301 878 1347 et
896 1291 994 1348 indica
1012 1291 1099 1346 nobis
1117 1291 1185 1364 quis
1203 1293 1256 1347 es!
1297 1291 1337 1349 Et
1357 1295 1429 1354 ille:

270 1379 351 1453 ‘Ego
363 1397 431 1436 sum
445 1379 542 1446 Glass,
555 1379 606 1452 qui
622 1378 664 1435 sui
680 1379 835 1452 porcarius
850 1378 942 1452 Logir
960 1380 1048 1452 regis,
1065 1388 1094 1434 et
1113 1377 1258 1451 iugulauit
1277 1397 1331 1437 me
1351 1381 1377 1437 F
1378 1383 1429 1440 ian

271 1467 388 1524 Maicon
401 1466 495 1539 [ante]
507 1467 515 1500 ¹
528 1483 625 1523 annos
638 1469 776 1523 centurn!
815 1466 851 1522 Et
862 1465 1023 1540 baptizauit
1036 1483 1106 1523 eum
1120 1465 1269 1524 Patricius
1279 1477 1313 1524 et
1323 1472 1430 1542 sepul-

270 1555 342 1611 chro
355 1571 409 1611 suo
422 1554 560 1611 restituit.
632 1541 768 1628 Quidam
777 1571 890 1610 cuneus
901 1554 1042 1610 laicorum
1053 1553 1195 1610 dixerunt
1207 1556 1246 1610 ad
1261 1557 1429 1614 mulierem

269 1643 419 1715 quandam
439 1641 532 1698 linum
551 1641 718 1698 lauantem:
739 1641 832 1698 ‘Cum
851 1641 908 1698 iste
922 1641 1066 1698 Patricius
1084 1642 1122 1697 ad
1140 1651 1169 1698 te
1181 1643 1313 1712 venerit,
1328 1647 1430 1702 exalta

226 1749 255 1802 ¹5
269 1746 374 1787 vocem
393 1738 475 1786 tuam
497 1738 528 1786 et
548 1728 596 1784 dic
614 1730 695 1801 quod
713 1738 827 1802 partem
848 1729 899 1785 lini
919 1729 961 1786 tui
984 1729 1074 1800 [sui]¹
1090 1728 1177 1784 furati
1195 1739 1276 1798 sunt,
1292 1741 1327 1788 et
1347 1733 1430 1789 illico

269 1817 520 1890 superuenientes
533 1816 704 1873 occidemus
716 1819 786 1874 eos.¹
812 1816 899 1887 Quod
909 1833 978 1872 curn
989 1816 1095 1872 mulier
1106 1815 1235 1883 lecisset,
1244 1828 1276 1874 et
1289 1819 1430 1876 lau-ones

268 1906 307 1962 de
328 1905 414 1962 siluis
432 1913 665 1977 prorumpentes
682 1903 751 1961 illos
769 1904 878 1977 dignos
896 1913 993 1960 morte
1012 1903 1203 1972 iudicassent,
1222 1915 1355 1963 sanctus
1376 1907 1431 1964 Pa·

268 1993 372 2050 tricius
393 1992 544 2065 quendam
566 1992 596 2048 in
618 1991 727 2048 eodem
752 1991 818 2048 loco
842 1991 993 2064 sepultum
1016 1991 1179 2062 suscitauit,
1205 1991 1254 2048 cui
1277 2003 1310 2049 et
1332 1995 1430 2052 dixit:

269 2079 333 2136 ‘Da
357 2079 561 2136 testimonium
580 2078 715 2135 veritatis
736 2079 775 2136 de
799 2078 899 2151 [hac]⁸
918 2079 1076 2153 questione
1097 2097 1157 2152 qua
1181 2081 1316 2152 populus
1339 2100 1429 2140 meus

225 2192 257 2228 ιο
269 2167 511 2241 blasphematur.¹
550 2165 719 2239 Respondit
731 2186 737 2223 :
758 2166 801 2222 ‘O
812 2175 914 2223 sancte
925 2166 1041 2235 Patrici,
1051 2166 1181 2239 populus
1191 2175 1261 2224 tuus
1274 2169 1430 2226 innocens

269 2265 325 2324 est,
348 2255 402 2311 sed
422 2255 530 2310 mulier
548 2253 598 2310 illa
619 2270 657 2310 ex
683 2253 807 2310 consilio
826 2253 968 2310 laicorum
988 2254 1082 2309 linum
1101 2271 1190 2310 suum
1209 2255 1378 2314 abscondit
1397 2259 1429 2314 in

270 2344 352 2417 ligno
365 2341 550 2416 propinquo!
588 2339 626 2396 Et
639 2341 678 2396 ita
692 2340 848 2398 inuentum
858 2349 913 2398 est.
951 2341 1061 2414 Sicque
1070 2341 1215 2398 Patricius
1228 2359 1298 2398 cum
1309 2346 1429 2417 populo

271 2449 327 2486 suo
336 2429 478 2487 liberatus
491 2437 546 2486 εει.
620 2419 692 2484 Μοε
705 2437 769 2484 erat
782 2437 885 2485 sancto
897 2428 1023 2485 Patricio
1034 2430 1114 2500 quod
1123 2429 1294 2501 ubicunque
1303 2433 1429 2490 videret

268 2518 300 2574 in
325 2518 373 2575 via
404 2517 523 2590 signum
555 2525 657 2572 sancte
688 2517 793 2584 crucis,
817 2515 977 2573 declinauit
1007 2517 1044 2572 ad
1075 2515 1156 2584 illud,
1179 2516 1218 2572 de
1242 2534 1337 2574 curru
1372 2538 1429 2577 suo

225 2629 254 2678 ²⁵
270 2605 466 2672 descendens,
488 2613 519 2661 vt
541 2621 631 2660 manu
653 2620 773 2660 crucem
794 2613 938 2677 tangeret.
976 2603 1112 2674 Quadam
1135 2613 1233 2661 autern
1255 2605 1306 2660 die
1329 2623 1428 2664 vnam

270 2711 398 2762 crucem,
417 2710 476 2766 que
496 2701 558 2749 erat
579 2691 661 2748 iuxta
681 2691 760 2748 viam
781 2690 846 2760 sita,
865 2709 925 2747 non
943 2691 1023 2757 vidit,
1043 2692 1097 2748 sed
1119 2701 1350 2765 pretergressus
1374 2707 1424 2752 est

269 2799 346 2840 earn.
382 2781 497 2854 Auriga
520 2789 620 2836 autern
644 2778 719 2835 vidit
743 2795 826 2836 eam:
855 2787 885 2834 et
909 2794 977 2834 cum
1002 2779 1162 2836 indicasset
1185 2778 1323 2847 Patricio,
1349 2784 1428 2840 vidit

269 2869 461 2943 sepulchrum
486 2868 568 2924 iuxta
592 2884 730 2924 crucem:
762 2875 792 2922 et
818 2865 1011 2938 interrogauit
1035 2867 1103 2938 quis
1127 2875 1207 2923 esset
1231 2865 1262 2922 in
1288 2885 1337 2924 eo.
1388 2871 1427 2928 Et

269 2956 442 3031 respondit:
475 2955 555 3028 ‘Ego
577 2955 697 3027 gentilis
721 2969 797 3024 sum,
820 2954 875 3009 sed
900 2953 1080 3010 christianus
1105 2955 1241 3027 sepultus
1261 2963 1310 3010 est
1338 2956 1428 3015 iuxta

223 3067 256 3118 30
271 3063 329 3115 me,
348 3044 433 3101 cuius
450 3053 545 3100 mater
561 3060 622 3099 non
640 3050 703 3098 erat
723 3041 753 3097 in
771 3041 925 3114 prouincia
943 3041 1064 3112 quando
1081 3050 1216 3098 mortuus
1230 3051 1260 3098 et
1277 3047 1426 3114 sepultus

269 3143 316 3192 est
329 3133 409 3189 filius
421 3131 505 3188 eius!
544 3129 689 3187 Patricius
705 3137 806 3186 autern
819 3130 935 3185 dicebat
948 3129 1028 3202 quod
1046 3128 1113 3185 ideo
1125 3145 1245 3185 crucem
1258 3129 1344 3186 illam
1361 3151 1426 3190 non

268 3221 342 3278 vidit
356 3219 425 3294 quia
440 3219 522 3276 iuxta
539 3217 683 3290 gentilem
697 3217 794 3289 posita
806 3225 878 3272 erat.
953 3203 1096 3284 Hircum,
1108 3218 1159 3289 qui
1172 3225 1274 3274 sancto
1290 3216 1426 3277 Patricio

269 3325 379 3380 aquam
404 3305 486 3364 suis*
510 3304 644 3364 humeris
662 3305 800 3374 vehebat,
820 3304 936 3360 furatus
959 3312 1006 3360 est
1024 3306 1070 3362 vir
1088 3305 1218 3376 quidam,
1236 3313 1265 3360 et
1291 3311 1426 3366 mandu-

269 3395 356 3464 cauit,
369 3403 398 3451 et
418 3402 523 3468 postea
541 3395 661 3466 negauit
678 3393 758 3465 quod
777 3391 861 3448 illum
879 3391 1068 3448 comedisset
1106 3391 1241 3464 Cumque
1252 3393 1423 3452 vehemen-

223 3504 253 3554 35
269 3483 386 3540 tissime
404 3481 567 3538 affirmaret
579 3482 659 3554 quod
676 3497 798 3536 manum
816 3497 902 3535 suam
914 3480 946 3535 in
960 3479 1075 3535 hircum
1089 3495 1148 3535 non
1162 3479 1303 3548 misisset,
1316 3481 1424 3539 hircus

268 3570 405 3645 proditor
426 3568 495 3626 surti
521 3587 560 3626 ex
585 3568 650 3625 eius
669 3577 774 3625 ventre
799 3567 931 3623 balatum
955 3567 1046 3622 dedit.
1119 3554 1203 3624 Cum
1221 3567 1252 3624 in
1272 3585 1333 3624 vno
1354 3571 1422 3626 loco

268 3659 419 3718 sedissent
445 3656 589 3714 Patricius
616 3665 646 3712 et
670 3654 792 3728 quidam
816 3654 863 3711 vir
887 3663 1009 3711 sanctus
1040 3654 1162 3710 nomine
1187 3653 1368 3726 Winnocus,
1393 3669 1422 3714 et
1492 3707 1493 3712 ,

269 3746 380 3806 mutuis
392 3747 492 3803 verbis
512 3745 549 3800 de
567 3745 625 3802 deo
643 3743 845 3816 loquerentur,
859 3741 985 3798 missum
1003 3751 1051 3798 est
1069 3741 1147 3798 inter
1165 3759 1218 3798 eos
1236 3743 1364 3814 pallium
1383 3748 1421 3802 de
1492 3764 1493 3790 l

268 3837 342 3894 celo.
386 3834 471 3891 Tunc
495 3831 590 3890 dixit⁶
614 3830 778 3888 Patricius:
810 3830 853 3886 ‘O
876 3829 1034 3898 Winnoce,
1058 3838 1143 3885 tuum
1163 3830 1287 3902 pallium
1308 3829 1431 3906 accipe,

221 3949 254 3998 40
268 3925 319 3999 qui
344 3941 400 3998 pro
424 3923 482 3978 deo
506 3919 607 3977 omnia
631 3918 735 3975 mundi
760 3917 922 3989 reliquisti.¹
972 3916 1026 3973 Cui
1055 3916 1122 3973 ille:
1154 3917 1198 3973 ⁴0
1223 3917 1342 3987 Patrici,
1368 3921 1420 3976 tibi

267 4032 286 4071 a
298 4014 356 4070 deo
369 4012 426 4068 hoc
438 4008 562 4084 pallium
575 4009 701 4064 missurn
714 4014 769 4076 est,
782 4004 843 4078 qui,
857 4021 925 4060 curn
943 4005 1036 4061 multa
1052 4005 1173 4074 habeas,
1187 4021 1305 4078 pauper
1317 4015 1417 4063 tamen
1492 4071 1493 4080 χ

269 4120 321 4174 εε;
341 4109 371 4158 ει
384 4117 453 4156 cum
465 4097 576 4154 multos
588 4093 708 4159 vestias,
721 4093 835 4149 nudum
847 4093 977 4166 teipsum
991 4091 1153 4164 relinquis!
1190 4091 1328 4165 Cumque
1339 4093 1420 4150 inter

269 4205 323 4251 eos
339 4188 389 4262 pia
404 4194 486 4244 esset
505 4183 665 4251 contentio,
678 4180 827 4239 eleuatum
840 4189 887 4238 est
903 4181 941 4236 ab
954 4181 999 4238 eis
1015 4179 1138 4256 pallium
1151 4178 1183 4235 in
1196 4179 1303 4249 celum,
1315 4191 1347 4238 et
1359 4182 1418 4237 duo

269 4382 439 4445 ¹T.E.post.
480 4379 556 4429 ’om
600 4374 859 4439 'soT.;om.inE.
899 4373 1165 4438 *Tauream
1198 4371 1418 4426 ‘auxitensis
1492 4373 1493 4376 ’
