3052 4896
433 310 508 403 bc
533 305 695 398 boatu
721 309 914 398 culcita
1181 333 1254 411 515

10 555 23 593 3.
106 507 247 569 mitteret.
283 512 337 570 Ait
355 513 436 571 enim
453 514 497 571 illi
515 514 546 571 in
558 513 674 572 visione
687 515 846 574 dominus:
870 516 1004 574 ‘Seruus
1022 532 1108 574 meus
1120 516 1255 575 ericus

10 651 14 654 .
106 595 218 669 frigore
241 603 396 671 cruciatur,
417 611 449 658 tu
467 620 541 660 vero
561 603 657 660 calide
681 604 729 660 hic
754 604 883 662 foueris:
911 622 1001 678 surge
1026 605 1197 678 quantotius
1222 613 1253 662 et

104 687 291 758 opertorium
299 689 355 746 hoc
365 689 629 748 cumfestiuatione
637 691 825 749 transmitte.¹
846 693 884 749 Et
893 691 1050 750 itafactum
1060 702 1114 751 est.
1171 680 1255 753 Cum

10 829 12 836 ,
105 775 203 831 semel
218 774 248 832 in
265 777 341 834 cella
355 779 466 835 sedens
485 795 590 852 capam
607 795 625 835 a
641 797 728 836 mure
745 797 896 838 corrosam
913 782 1036 852 videret,
1049 781 1109 838 ait:
1129 780 1255 838 ‘Pereat

10 857 15 864 ’
105 877 184 931 mus,
197 863 248 936 qui
267 864 307 920 ita
322 882 429 939 capam
448 883 548 923 meam
567 867 670 924 ledere
688 869 889 940 presumpsit.¹
928 868 966 924 Et
984 887 1054 926 ecce
1071 868 1149 925 dicto
1168 867 1284 930 citiusi

10 949 13 952 ’
105 964 176 1007 mus
189 951 227 1008 de
239 970 325 1010 muro
342 954 503 1027 prosiliens
522 955 632 1012 corruit
651 957 688 1012 ad
706 957 801 1028 pedes
820 957 885 1014 eius
904 965 934 1014 et
953 966 1090 1014 mortuus
1108 965 1163 1014 est
1199 956 1256 1013 Vir

10 1033 19 1102 f
104 1053 180 1109 ergo
199 1039 248 1096 dei
265 1041 466 1113 presbiterum
484 1042 609 1110 uocauit,
626 1051 657 1100 et
675 1043 744 1115 quia
762 1060 878 1100 murem
898 1043 1015 1101 incaute
1034 1043 1255 1102 maledictionis

10 1125 14 1131 '
104 1126 200 1182 verbo
212 1126 412 1186 interfecisset
425 1130 575 1186 humiliter
587 1129 742 1187 coufessus
756 1140 811 1188 est.
849 1131 904 1188 Cui
916 1131 1086 1205 presbiter:
1106 1131 1256 1198 ‘Vtinam‚

10 1215 12 1220 ’
104 1212 156 1280 ait,
169 1215 259 1271 simili
271 1217 462 1274 anathemate
475 1235 581 1274 omnes
594 1235 697 1274 mures
710 1218 841 1291 regionis
853 1219 942 1276 huius
959 1220 1090 1293 perdere
1103 1219 1254 1294 digneris.¹

104 1300 221 1373 ‘Absit
233 1303 328 1377 inquit
346 1304 404 1376 ille,
419 1307 475 1363 hoc
493 1324 511 1362 a
527 1324 585 1377 me,
599 1306 688 1364 nimis
706 1307 761 1365 hac
773 1325 833 1364 vna
844 1307 911 1365 vice
925 1308 955 1364 in
974 1309 1030 1366 hoc
1043 1327 1104 1366 vno
1122 1316 1254 1365 erratum
1270 1316 1301 1358 to

10 1395 11 1398 ’
105 1398 162 1446 est
189 1389 279 1463 Vere,
292 1393 318 1449 si
331 1411 392 1450 non
404 1394 435 1450 id
448 1393 606 1468 displicere
622 1396 778 1453 crederem
795 1397 919 1453 domino
932 1414 1009 1467 meo,
1022 1413 1078 1470 pro
1091 1397 1149 1454 isto
1165 1396 1255 1455 etiam

10 1479 12 1486 ’
105 1495 226 1535 orarem
248 1489 280 1536 vt
300 1481 428 1553 pristine
449 1483 658 1540 restitueretur
678 1482 757 1541 vite!
841 1472 965 1541 Lumen
990 1485 1112 1542 lucerne
1133 1502 1188 1542 sue
1207 1485 1255 1544 bis

10 1569 12 1574 '
105 1565 280 1636 extinctum,
301 1568 444 1627 diuinitus
468 1587 628 1627 accensum
653 1580 707 1628 est.
788 1559 911 1628 Accidit
930 1582 1030 1629 autem
1051 1581 1084 1629 vt
1104 1572 1256 1645 presbiter

11 1719 12 1722 Ἴ
104 1655 229 1726 quidam
249 1655 407 1715 Osbernus
427 1658 459 1714 in
481 1658 549 1731 ipso
569 1657 665 1715 noctis
690 1660 875 1731 crepusculo,
895 1660 1070 1733 quiescendi
1092 1661 1197 1735 gratia,
1216 1660 1254 1717 ad

10 1743 14 1750 '
105 1743 266 1800 ecclesiam
278 1743 440 1816 festinaret,
454 1755 483 1802 et
496 1763 566 1803 ecce
578 1744 652 1803 vidit
663 1747 821 1804 ecclesiam
835 1747 985 1805 immenso
1005 1747 1118 1805 lumine
1131 1748 1255 1805 chorus·
1270 1755 1300 1810 ¹5

10 1817 11 1840 ³
105 1839 225 1886 cantem
233 1830 250 1902 ¹,
258 1841 317 1889 vta
328 1831 402 1890 facie
415 1833 536 1890 flamme
548 1851 605 1906 per
613 1832 763 1891 fenestras
777 1835 963 1907 erumpentis
973 1835 1151 1892 cimiterium
1164 1852 1256 1892 omne

105 1918 323 1991 resplenderet.
373 1920 503 1994 Expauit
527 1921 626 1989 homo,
653 1928 684 1978 et
709 1922 840 1979 substitit
865 1932 894 1979 et
924 1922 1058 1995 psalmos
1078 1922 1255 1980 decantabit.

10 2075 11 2080 η
106 2005 181 2063 Post
192 2008 346 2080 paululum
358 2025 431 2066 vero
447 2008 571 2082 angelus
589 2008 620 2065 in
640 2009 761 2066 flamma
777 2009 856 2083 ignis
868 2027 924 2083 per
935 2009 1098 2067 fenestram
1111 2027 1255 2084 egressus

105 2103 163 2150 est.
200 2095 291 2152 Mane
309 2096 386 2153 facto
397 2096 515 2154 uocauit
532 2113 601 2154 eum
614 2095 661 2153 vir
676 2098 735 2168 dei,
749 2106 778 2154 et
796 2099 852 2156 ait:
874 2097 1027 2168 ‘Quenam
1046 2097 1095 2154 illa
1107 2097 1183 2154 visio
1200 2097 1254 2154 fuit

105 2199 198 2254 quam
211 2200 280 2240 sero
288 2183 396 2252 vidisti,
406 2183 546 2242 Osberne
555 2186 581 2242 i’
602 2183 657 2241 Cui
669 2184 736 2243 ille:
757 2185 939 2242 ‘flammam
949 2179 961 2212 ²
973 2185 1051 2259 iguis
1064 2202 1123 2241 non
1137 2183 1254 2255 modici,
1269 2197 1302 2240 aa

10 2273 12 2342 f
104 2269 156 2338 ait,
175 2269 253 2327 intra
272 2271 429 2328 ecclesiam
446 2271 526 2328 vidi!
564 2271 674 2343 ‘Bene,
687 2271 792 2346 inquit,
804 2272 914 2340 dixisti,
927 2272 998 2345 quia
1013 2272 1152 2329 dominus
1168 2289 1255 2330 meus

10 2429 11 2432 Ἴ
104 2357 190 2414 affuit
208 2366 238 2415 et
256 2359 426 2416 consolatus
444 2367 491 2416 est
513 2376 636 2416 seruum
657 2376 746 2416 suum
757 2379 765 2427 ;
790 2368 819 2417 et
841 2361 1062 2417 consolationes
1083 2359 1254 2417 huiusmodi

105 2443 303 2518 [frequenter]
317 2445 531 2504 subministrat.
562 2446 691 2504 Proinde
703 2447 786 2503 oraui
799 2447 953 2504 dominum
966 2464 1067 2504 meum
1080 2456 1112 2504 vt
1124 2447 1255 2521 aperiret

104 2533 209 2590 oculos
220 2542 287 2591 tuos
300 2535 338 2591 ad
351 2535 615 2608 contemplandum
629 2534 693 2604 hec,
701 2533 811 2608 vixque
824 2535 854 2592 id
867 2535 1030 2608 impetrare
1041 2535 1129 2592 valui.
1152 2535 1255 2594 Sedet

104 2621 165 2678 boc
182 2621 251 2678 noui
265 2622 335 2695 quia
347 2623 404 2679 hos
421 2623 520 2678 ethos
534 2622 668 2696 psalmos
685 2622 805 2678 interim
819 2622 1026 2680 decantaueris
1034 2633 1064 2680 et
1076 2632 1162 2680 extra
1174 2622 1254 2680 cimi-
1268 2635 1300 2690 ²⁵

104 2709 216 2766 terium
227 2709 352 2766 visionis
364 2708 573 2781 expectaueris
585 2709 696 2766 tinem!
772 2697 948 2767 Presbitero
962 2712 1092 2784 quodam
1104 2711 1135 2766 in
1149 2727 1255 2768 mensa

104 2795 268 2854 assistente
280 2797 346 2865 sibi,
359 2813 435 2870 aqua
447 2796 476 2852 in
490 2796 594 2853 vinum
607 2813 755 2853 conuersa
770 2806 824 2855 est.
872 2797 942 2855 Alia
958 2798 1024 2855 vice
1041 2814 1118 2870 aqua
1133 2799 1171 2854 ab
1187 2798 1256 2872 ipso

104 2885 220 2958 populo
232 2885 339 2952 oblata,
351 2884 413 2942 vini
426 2901 567 2957 saporem
580 2883 684 2953 induit,
697 2886 797 2941 colore
809 2885 937 2958 pristino
949 2885 1119 2942 nullatenus
1132 2894 1254 2942 mutato.

103 2972 196 3044 Aqua
213 2973 251 3028 ab
269 2972 336 3045 ipso
354 2971 510 3029 benedicta
528 2971 558 3027 in
577 2971 679 3028 vinum
699 2973 891 3042 conuertitur,
913 2980 943 3028 et
961 2972 1045 3045 quasi
1068 2973 1105 3029 ad
1125 2981 1253 3030 mortem

104 3067 211 3132 egrota
228 3058 300 3116 inde
317 3076 442 3116 sumens
460 3058 599 3116 continuo
618 3068 750 3116 sanatur.
789 3058 905 3116 Nobilis
927 3058 1066 3115 domina³
1084 3076 1152 3116 cum
1170 3058 1254 3115 omni
1267 3071 1301 3122 30

105 3147 249 3204 comitatu
266 3165 321 3204 suo
337 3163 406 3204 eum
419 3147 553 3214 visitans,
570 3146 635 3202 solo
653 3163 733 3219 pane
751 3163 769 3203 a
784 3155 889 3203 sancto
907 3147 1065 3203 benedicto
1081 3148 1129 3203 dei
1145 3145 1255 3204 seruo*

103 3234 205 3292 laute⁵
216 3234 327 3293 refecta
339 3243 404 3304 est;
424 3252 464 3291 ex
482 3235 566 3290 cuius
583 3233 716 3306 reliquiis
734 3234 820 3290 turba
831 3234 966 3291 virorum
982 3251 1043 3290 non
1063 3233 1181 3291 modica
1198 3251 1255 3308 pre

103 3322 219 3380 foribus
243 3331 354 3391 astans,
378 3339 449 3379 eum
470 3321 572 3378 videre
594 3329 624 3377 et
648 3321 758 3394 alloqui
782 3329 812 3378 et
832 3322 870 3378 ab
890 3339 929 3378 eo
955 3320 1092 3378 benedici
1113 3338 1255 3395 querens,

104 3412 244 3468 saciatur.
290 3409 575 3484 Quadragenarium,
605 3417 637 3466 vt
667 3409 828 3478 ferebatur,
858 3426 1018 3466 numerum
1049 3419 1254 3468 excesserunt.

103 3488 205 3573 Virgo
218 3500 347 3572 quedam
363 3516 460 3572 vsque
478 3500 516 3555 ad
535 3504 663 3553 mortem
682 3496 840 3564 infirmata,
860 3498 898 3553 de
918 3513 1047 3570 sompno
1064 3497 1200 3570 vigilans,
1214 3498 1254 3556 ait
1266 3509 1300 3563 35

103 3587 195 3646 matri
208 3604 279 3644 sue:
300 3587 405 3654 ‘Ecce,
417 3585 513 3659 gratia
525 3584 573 3642 dei
591 3593 621 3641 et
633 3583 729 3640 sancti
743 3584 847 3640 erici
857 3584 868 3617 ⁸
880 3583 981 3641 famuli
994 3585 1043 3641 dei
1056 3595 1159 3642 sanata
1177 3603 1254 3642 sum.

104 3675 147 3732 Vt
159 3674 240 3732 enim
253 3673 284 3731 in
297 3673 434 3747 sompnis
450 3673 548 3730 visum
562 3680 608 3729 est
621 3671 704 3741 mihi,
715 3670 784 3728 veni
797 3673 834 3728 ad
848 3688 927 3740 eum,
940 3681 969 3728 et
983 3681 1154 3746 susceptam
1167 3674 1254 3730 abeo

104 3780 214 3836 aquarn
231 3761 420 3818 benedictam
438 3760 469 3817 in
488 3760 577 3834 cipho
595 3777 632 3816 eo
649 3759 794 3816 offerente
813 3759 939 3832 gustaui,
952 3767 982 3816 et
993 3758 1159 3817 visceribus
1177 3759 1253 3816 meis

104 3859 136 3909 et
149 3849 266 3923 corpori
285 3865 353 3906 meo
371 3849 453 3906 salus
471 3848 578 3905 effecta
596 3855 650 3904 est
688 3847 726 3903 Et
743 3856 775 3904 vt
793 3846 906 3904 facilius
925 3848 1041 3916 credas,
1053 3847 1119 3904 talis
1139 3856 1169 3904 et
1185 3847 1253 3905 talis

104 3947 154 3997 est
170 3937 225 4007 vir,
242 3945 272 3994 et
290 3937 358 3994 talis
376 3945 406 3994 et
425 3936 492 3994 talis
515 3945 561 3993 est
580 3936 679 3992 locus.¹
760 3923 877 3992 Mulier
895 3934 1043 4006 quedam⁷
1062 3934 1140 3991 inter
1155 3943 1254 3991 cetera
1266 3950 1301 4002 40

106 4025 294 4094 munuscula,
318 4033 380 4081 tres
403 4040 500 4097 panes
523 4023 607 4096 [de]l
632 4021 757 4095 singulis
782 4021 947 4079 inmaturis
971 4020 1035 4077 viro
1060 4020 1109 4078 dei
1134 4019 1253 4079 mittere

105 4114 231 4184 solebat,
248 4121 279 4170 et
297 4110 345 4168 die
363 4113 493 4184 quadam
510 4127 567 4184 per
584 4112 734 4184 quendam
753 4125 916 4183 puerorum
935 4125 1058 4165 suorum
1076 4117 1139 4166 tres
1158 4124 1253 4181 panes

137 4247 426 4298 ¹E.c110rusehantem.
501 4243 560 4295 ²12.
572 4243 692 4295 Flamma.
766 4243 827 4296 'sc
842 4244 931 4293 Bence
943 4250 969 4292 et
980 4242 1047 4292 lilius
1059 4243 1114 4292 eius
1125 4242 1255 4294 Aluredus

10 4297 12 4324 ⁴
104 4315 140 4366 de
153 4314 293 4363 Lincolnia.
388 4310 445 4360 ¹E.
458 4311 500 4360 dei
512 4327 589 4361 senio
600 4311 743 4361 benedicto.
836 4309 891 4359 lE.
902 4310 986 4360 laude.
1076 4307 1130 4358 ⁸1⁸.
1144 4307 1254 4360 Wlfrici.

103 4378 168 4430 'se
181 4379 309 4442 Emelina,
321 4377 538 4428 materWillelmi
550 4377 582 4427 de
594 4376 721 4427 Chinnoc.
872 4373 974 4437 ⁸s0T.;
992 4388 1041 4424 om.
1053 4375 1081 4424 iu
1092 4373 1122 4426 E.

648 4485 667 4530 1.
678 4470 688 4527 l
699 4487 719 4528 a
