3044 4878
392 285 467 378 Da
490 282 657 373 &annu
681 283 907 386 bilttttbs
990 207 992 214 Ι
1178 311 1223 385 35

72 483 191 541 Christo
217 483 401 556 abscondita,
419 485 527 544 clarior
550 487 673 543 tandem
699 486 854 559 apparebit
878 503 947 542 cum
972 484 1039 560 ipso
1063 485 1095 542 in
1121 485 1225 560 gloria.

71 569 243 629 ¹Successit
261 573 344 631 enim
357 574 445 630 beate
459 573 644 646 Ethelburge
662 573 694 630 in
713 573 843 630 officium
861 573 1023 643 abbatisse,
1035 583 1066 630 et
1078 592 1174 647 vsque
1186 575 1225 632 ad

71 659 205 716 ultimam
220 669 407 718 senectutem
418 660 517 720 eidem
527 661 711 718 monasterio
722 660 939 729 strenuissime,
948 669 979 719 et
990 660 1021 720 in
1034 661 1226 720 obseruantia

71 746 231 819 discipline
253 747 401 822 regularis
418 757 449 805 et
469 748 500 806 in
524 766 628 806 earum
648 766 708 822 que
728 750 765 806 ad
787 765 964 805 communes
983 765 1056 806 vsus
1074 748 1227 822 pertinent

72 851 172 890 rerum
186 835 387 908 prouidentia,
400 835 517 908 prefuit,
537 845 566 893 et
580 835 789 892 exhortatione
803 844 941 892 materna
954 844 984 892 et
997 836 1225 895 conuersatione
1241 853 1255 903 5

71 922 207 993 angelica
219 940 328 981 omnes
343 924 381 980 ad
401 923 524 980 celestia
542 924 675 980 trahens
746 909 853 980 ‘Tres
872 923 953 979 enim
968 922 1081 981 semine
1099 940 1169 982 cece
1187 925 1226 980 ad

71 1009 237 1080 patrocinia
249 1011 340 1068 trium
353 1021 524 1068 sanctarum
536 1011 687 1082 virginum
706 1009 796 1068 simul
811 1009 1038 1081 conuenientes,
1052 1010 1169 1084 singule
1187 1011 1225 1068 ad

71 1095 206 1169 singulas
232 1106 304 1154 sunt
327 1097 514 1156 illuminate:
539 1115 599 1155 vna
618 1095 759 1155 videlicet
779 1099 817 1154 ad
840 1106 975 1155 sanctam
1002 1097 1226 1172 Ethelburgam,

71 1183 161 1242 altera
173 1186 214 1242 ad
227 1193 365 1242 sanctam
380 1184 565 1257 Hildelitam,
578 1184 666 1244 tertia
678 1186 716 1242 ad
729 1195 863 1243 sanctam
877 1184 1034 1242 Wlfildam
1044 1184 1062 1243 ⁸.

542 1325 566 1384 tl
585 1323 726 1382 Narratio
733 1323 754 1383 ⁴.

106 1406 226 1479 Sancto
245 1419 327 1478 enim
342 1421 502 1478 Pachomio
521 1420 660 1495 apparuit
682 1419 819 1478 diabolus
837 1418 868 1476 in
887 1419 988 1494 specie
1007 1419 1143 1479 mulieris
1160 1421 1224 1495 pul·
1240 1441 1271 1478 ιο

70 1507 228 1565 cherrime.
267 1507 365 1579 Quam
378 1507 429 1564 ille
441 1525 579 1575 cernens,
593 1517 623 1565 et
641 1509 821 1582 phantasma
841 1525 910 1566 esse
929 1524 1106 1582 agnoscens,
1121 1508 1225 1566 orabat

71 1594 205 1665 multum,
217 1604 252 1653 vt
264 1605 467 1654 euanesceret.
505 1595 560 1653 Cui
579 1595 637 1667 illa,
653 1595 779 1670 propius
796 1605 908 1663 astans,
921 1596 981 1653 ait:
1002 1595 1100 1667 ‘Quid
1118 1613 1224 1669 super·

71 1680 127 1740 ilue
146 1683 269 1740 laboras
282 1686 294 1740 i
322 1691 503 1757 potestatem
516 1683 618 1757 accepi
631 1701 649 1740 a
662 1682 783 1740 domino
796 1691 946 1756 temptare
959 1700 1036 1757 quos
1049 1683 1135 1741 volo!
1173 1683 1223 1740 Ad

70 1786 157 1842 quam
178 1771 249 1828 ille:
270 1770 365 1842 ‘Quid
383 1771 431 1828 vis
450 1772 560 1828 essei’
599 1770 637 1828 Et
654 1770 722 1828 illa:
742 1770 823 1844 ‘Ego
849 1788 918 1829 sum
937 1770 1034 1828 virtus
1055 1770 1173 1839 diaboli,
1193 1780 1224 1828 et

71 1857 195 1930 caligine
219 1857 382 1931 voluptatis
406 1857 561 1916 mortifere
588 1858 731 1915 mortales
755 1859 895 1916 inuoluo:
921 1859 976 1916 sed
1003 1857 1064 1914 tuis
1087 1858 1136 1916 vel
1161 1858 1224 1930 tibi,
1239 1878 1267 1932 ¹⁵

70 1955 194 2017 propter
216 1945 371 2002 Christum
390 1945 441 2019 qui
463 1946 644 2002 humanatus
665 1954 721 2014 est,
740 1945 983 2020 appropinquare
1004 1962 1066 2002 non
1088 1962 1222 2019 possum,

71 2029 131 2087 Sed
158 2033 297 2108 nunquid
322 2033 363 2088 ita
387 2050 511 2106 semper
534 2033 612 2091 erit?
636 2031 746 2090 Veniet
765 2041 887 2106 tempus
912 2043 982 2106 post
1002 2032 1116 2090 obitum
1137 2042 1222 2090 tuum

70 2119 189 2189 quando
211 2128 301 2192 prout
320 2119 439 2178 libuerit
461 2121 651 2178 debachabor
669 2119 747 2178 inter
765 2138 818 2178 eos
837 2137 914 2194 quos
932 2138 1013 2177 nunc
1035 2109 1221 2178 orationibus

70 2205 128 2262 tuis
147 2207 267 2264 munis?
306 2206 436 2264 Sanctus
447 2207 507 2265 ait:
528 2207 584 2264 ‘Et
597 2207 665 2280 quis
678 2207 755 2264 scit‘
773 2207 799 2266 si
818 2208 960 2266 meliores
979 2217 1050 2264 tunc
1069 2216 1158 2266 erunt
1170 2208 1221 2281 qui

71 2291 135 2349 illos
144 2295 350 2352 corroborent.
370 2294 447 2352 Nam
457 2303 489 2351 tu
500 2293 634 2368 prescire
645 2295 687 2351 nil
697 2296 820 2352 omnino
830 2296 970 2368 preuales
980 2296 1060 2369 quod
1071 2303 1118 2352 est
1128 2295 1221 2353 solius
1237 2314 1269 2351 ao

72 2379 135 2436 de'n’
172 2381 210 2438 Et
227 2382 297 2439 illa:
322 2381 470 2439 ‘Plurima
492 2392 594 2440 tamen
614 2381 735 2456 [futura]
754 2401 793 2440 ex
811 2383 1042 2456 precedentibus
1064 2400 1221 2456 cognosco.

72 2465 179 2526 Omnis
197 2469 280 2526 enim
299 2469 343 2528 rei
363 2469 544 2543 principium
563 2469 658 2527 tendit
677 2471 714 2526 ad
733 2479 928 2543 augmentum
947 2471 1040 2545 prius,
1053 2471 1164 2530 deinde
1182 2473 1220 2529 ad

73 2551 284 2615 detrimentum
294 2558 409 2632 vergit:
428 2557 471 2615 sic
483 2558 554 2614 etin
567 2558 622 2615 hac
632 2557 752 2615 vestra‘
765 2557 963 2632 professione,
972 2567 1003 2616 vt
1016 2557 1148 2616 conicio⁷
1160 2559 1220 2616 liet.

75 2641 149 2700 Nam
169 2644 249 2702 inter
270 2646 355 2702 initia
376 2663 431 2704 sua
450 2645 546 2720 signis
565 2654 595 2703 et
612 2644 773 2703 virtutibus
791 2646 931 2703 roborata
949 2647 1106 2704 succreuit.
1143 2645 1220 2704 Cum

75 2739 173 2788 autem
186 2749 349 2792 senescere
361 2733 484 2806 ceperit,
497 2741 549 2790 aut
566 2732 713 2806 temporis
730 2732 947 2807 diu[tu]mitate
966 2733 1154 2791 lassescens‘
1171 2742 1222 2790 aut
1237 2753 1267 2804 ²5

73 2818 252 2892 negligentia
277 2820 426 2893 torporis‘
445 2820 601 2890 deficiens,
621 2822 659 2877 ab
682 2820 878 2878 incrementis
900 2821 1031 2894 propriis
1053 2820 1221 2878 minuetur!

73 2903 142 2964 Post
160 2907 216 2966 hec
234 2907 416 2966 Pachomius
434 2908 582 2966 instanter
600 2910 704 2966 orabat
723 2917 755 2966 vt
773 2908 830 2966 sibi
849 2908 989 2966 dominus
1008 2909 1156 2966 reuelaret
1168 2909 1220 2981 qui

72 3003 163 3055 status
175 2996 393 3054 monachorum
406 3006 476 3070 post
488 3014 523 3054 se
534 2996 653 3054 iuturus
665 2997 713 3054 sit.
749 2995 807 3066 Qui
819 3013 875 3070 per
882 2996 1031 3054 visionem
1041 2995 1097 3052 sibi
1110 2995 1219 3052 saetam

71 3082 191 3140 edoctus
216 3084 365 3156 estquod
389 3083 571 3142 monasteria
590 3083 714 3157 quidem
739 3083 942 3156 multipliciter
962 3083 1167 3153 dilatarentur,
1190 3094 1220 3142 et

70 3169 203 3226 nonnulli
234 3171 286 3245 pie
317 3178 347 3227 et
377 3171 567 3230 continenter
595 3171 741 3241 viuerent,
772 3171 893 3244 plurimi
924 3189 997 3228 vero
1030 3170 1219 3244 negligerent
1234 3192 1267 3241 30

71 3271 213 3330 suamque
233 3257 364 3315 salutem
386 3259 557 3332 perderent,
574 3259 706 3316 maxime
718 3275 791 3316 vero
813 3275 869 3332 per
887 3259 1100 3332 negligentiam
1119 3260 1218 3332 prela-

71 3351 175 3414 torum,
188 3346 300 3419 quibus
312 3346 474 3419 primatum
488 3348 659 3405 tenentibus
674 3345 833 3403 ambitiosa
852 3345 904 3403 lite
918 3346 986 3420 quis
1004 3363 1109 3403 eorum
1123 3347 1219 3420 presit

71 3433 295 3491 contenderent
333 3432 388 3490 ‘Et
406 3435 648 3507 reprobabuntur
664 3433 735 3490 boni
755 3433 908 3507 prepositi,
921 3443 951 3490 et
971 3434 1042 3490 mali
1060 3435 1219 3508 eligentur.

73 3515 107 3573 Et
119 3528 188 3577 tunc
198 3519 303 3578 omnia
315 3537 467 3594 peneque
481 3521 592 3578 diuinis
609 3520 722 3594 regulis
741 3521 869 3578 subnixa
888 3529 967 3592 sunt,
980 3521 1120 3579 humanis
1138 3540 1219 3580 com·

72 3608 264 3666 mutabuntur
290 3607 460 3667 illecebris?
497 3607 582 3665 'lunc
604 3609 785 3665 Pachomius
810 3609 984 3667 exclamans
1005 3611 1042 3666 ad
1063 3611 1219 3667 dominum
1234 3629 1265 3682 35

72 3691 124 3751 ait:
144 3694 232 3753 ‘Heu
245 3712 308 3765 me,
321 3697 390 3768 quia
403 3694 513 3754 smstra
525 3696 676 3754 laborauit
697 3695 731 3754 Si
743 3696 825 3754 enim
839 3705 899 3752 tam
918 3698 1056 3771 peruersi
1067 3707 1156 3754 erunt
1168 3697 1219 3771 qui

73 3777 156 3838 futuri
177 3792 250 3840 sunt
272 3783 429 3856 prepositi,
441 3801 547 3842 eorum
561 3783 671 3841 subditi
690 3785 797 3857 quales
817 3787 940 3842 eruntl’
976 3783 1063 3842 Tunc
1082 3785 1220 3858 apparuit

101 3891 308 3946 'RedalV.1o.
443 3895 508 3948 'Ci
523 3897 549 3947 S.
564 3897 729 3960 Ethelburga.

100 3959 110 3989 ⁸
124 3959 262 4025 Antiphon
272 3961 300 4010 in
312 3962 357 4012 T.:

100 4023 145 4089 Ad
157 4042 272 4090 tumbam
284 4039 378 4090 dilecte
390 4039 534 4091 Hildelithe
550 4041 670 4091 dominus
685 4041 763 4092 soluit
778 4043 946 4104 compeditos,
960 4043 1035 4105 erigit
1047 4041 1134 4102 elisos,
1146 4051 1220 4093 sanat

72 4107 1054 4231 lilithtintinnis‘hill‘lt‘tllh‘tllttltt‘ll:
1081 4123 1219 4226 ‘dliii'

73 4235 179 4298 (Collect
190 4239 354 4302 destroyed.)
1071 4189 1089 4237 p

102 4301 253 4355 ‘Civium
264 4304 329 4354 Bell
340 4303 555 4366 xvir1.47;vit
566 4305 633 4355 Patr.
646 4307 702 4367 267.
770 4304 879 4354 ‘nsit
941 4302 1102 4370 ‘Enostra
1167 4303 1219 4357 τΕ.

73 4369 195 4420 conuicio.
261 4369 318 4422 ‘'l.
332 4369 361 4420 E.
375 4370 515 4422 lacescens.
581 4370 637 4419 ‘T.
650 4371 679 4422 E.
693 4371 825 4435 corporis;
842 4371 895 4421 VP.
910 4370 1068 4432 negligentie
1079 4379 1193 4434 torpore.

623 4465 674 4506 Μ
