3044 4894
249 273 324 368 Bt
348 273 511 364 &aaut
536 273 728 377 suranna
750 283 800 364 ur
822 275 1061 364 umatum.
1180 285 1224 351 61

80 475 237 534 interanea
250 486 354 534 essent
366 479 481 534 ruendo
495 477 647 534 conuulsa.
685 477 853 550 Episcopus
866 486 966 534 autem
979 480 1018 535 de
1035 495 1105 534 casu
1119 493 1186 534 meo
1200 485 1229 534 et

79 562 201 620 interitu
215 565 330 634 dolens,
340 565 428 638 capiti
442 582 510 621 meo
523 582 645 621 manum
660 565 827 637 [im]posuit
837 565 846 597 ¹
855 575 885 623 et
898 566 984 638 signo
997 565 1095 623 crucis
1108 582 1157 620 me
1170 564 1229 636 sig·

79 651 170 707 nauit.
197 652 343 726 Cumque,
352 653 418 709 fusa
430 652 575 722 oratione,
584 670 633 710 me
644 654 801 709 sedentem
811 663 842 710 et
854 653 935 726 loqui
944 655 1095 710 valentem
1104 653 1229 720 videret,

78 738 181 794 diuino
198 739 341 796 instinctu
358 741 538 807 admonitus,
555 740 748 812 interrogauit
767 757 816 796 me
835 758 874 797 an
892 759 942 797 me
960 758 1030 797 esse
1047 740 1228 813 baptizatum

78 827 194 899 absque
203 827 346 900 scrupulo
354 845 485 884 nossem.
508 827 563 884 Cui
573 845 641 885 cum
652 845 762 884 nomen
771 829 930 901 presbiteri
941 845 1028 901 aquo
1038 845 1086 884 me
1096 827 1228 900 baptiza·
1242 845 1256 894 5

78 922 142 968 tum
161 932 306 972 noueram
320 915 399 972 dixi:
420 915 478 971 “Si
490 917 527 972 ab
540 914 600 984 illo,
613 915 716 988 inquit,
726 917 880 972 sacerdote
893 915 1060 988 baptizatus
1073 933 1185 984 es,non
1195 933 1229 971 es

78 1001 213 1072 perfecte
234 1001 421 1075 baptizatus:
442 1003 519 1059 Noui
539 1019 669 1074 namque
689 1021 768 1072 eum,
787 1003 866 1076 quia,
886 1020 954 1060 cum
976 1012 1059 1059 esset
1079 1002 1230 1076 presbiter

78 1089 244 1156 ordinatus,
264 1090 443 1159 nullatenus,
462 1098 585 1163 propter
602 1089 714 1162 ingenii
733 1091 912 1160 tarditatem,
931 1091 1026 1164 potuit
1048 1088 1229 1146 catezizandi

77 1175 127 1232 vel
140 1176 312 1248 baptizandi
327 1177 526 1235 ministerium
539 1177 672 1246 discere;
692 1187 817 1250 propter
829 1179 908 1250 quod
922 1180 960 1234 ab
974 1177 1146 1234 huiusmodi
1160 1194 1228 1250 pre·

78 1263 252 1335 sumptione
277 1264 444 1331 ministerii,
467 1265 546 1338 quod
572 1264 748 1337 regulariter
774 1259 914 1337 implere'
931 1266 1081 1339 nequibat,
1106 1266 1228 1321 omnino
1245 1281 1274 1316 ro

78 1367 201 1406 cessare
227 1353 379 1424 precepi.”
427 1352 493 1422 Quo
529 1351 618 1422 dicto,
647 1353 753 1408 eadem
782 1353 855 1408 hora
882 1371 932 1409 me
956 1352 1141 1409 cathezizare
1162 1352 1229 1425 ipse

77 1440 212 1508 curauit;
232 1439 403 1512 factumque
422 1449 469 1496 est
480 1449 512 1496 vt
525 1440 703 1496 exsufflante
722 1440 772 1494 illo
791 1439 940 1496 infaciem
954 1457 1061 1507 meam,
1071 1439 1229 1496 confestim

77 1544 128 1582 me
143 1527 250 1582 melius
263 1527 376 1584 habere
388 1527 541 1583 sentirem.
578 1527 703 1583 Vocauit
722 1536 822 1583 autem
835 1527 995 1597 medicum,
1008 1535 1037 1584 et
1052 1527 1228 1584 dissolutam

78 1613 154 1670 mihi
173 1615 338 1687 emigranei
358 1616 524 1671 iuncturam
544 1631 727 1686 componere
749 1623 838 1686 atque
859 1615 980 1687 alligare
1000 1617 1106 1672 iussit:
1126 1623 1156 1671 et
1177 1632 1228 1670 ac·

77 1711 167 1773 cepta
180 1703 246 1758 eius
265 1701 472 1758 benedictione
487 1701 640 1770 conualui;
655 1710 684 1758 et
697 1719 753 1758 nec
767 1701 859 1758 multo
868 1710 938 1774 post
950 1701 1090 1774 baptismi
1102 1701 1228 1774 gratiam
1244 1716 1273 1766 15

76 1797 283 1861 consequutus
305 1791 389 1846 sum!
462 1777 602 1848 'Sancto
627 1789 708 1844 enim
733 1789 877 1861 episcopo
901 1797 1053 1862 presente,
1077 1805 1132 1845 vas
1156 1788 1227 1844 vino

77 1877 204 1948 plenum
223 1878 262 1932 ad
282 1885 393 1932 terram
415 1877 454 1934 de
475 1877 612 1933 manibus
634 1876 753 1932 incaute
774 1877 905 1933 tenentis
925 1876 1030 1932 cecidit
1046 1884 1077 1934 et
1094 1875 1227 1932 medium

76 1964 204 2037 crepuit,
225 1963 329 2020 vinum
348 1973 457 2032 tamen,
478 1965 559 2036 quod
578 1963 659 2019 intus
679 1971 751 2031 erat,
768 1962 887 2019 illesum
908 1962 1082 2035 permansit
1140 1951 1229 2019 que-

76 2069 151 2108 nem
164 2052 316 2124 quendam
329 2063 479 2108 mortuum
492 2051 571 2107 inter
582 2050 656 2107 alios
670 2067 756 2106 sacro
768 2050 908 2107 crismate
920 2049 1017 2106 liniuit
1030 2059 1060 2106 et
1076 2051 1115 2106 de
1134 2057 1230 2107 morte

76 2138 230 2196 advitam
253 2138 390 2196 restituit.
428 2137 610 2195 Demouium
629 2137 767 2194 similiter
785 2155 804 2193 a
825 2139 955 2211 quodam
977 2135 1108 2209 expulit;
1136 2145 1166 2192 et
1184 2137 1229 2192 in·
1245 2151 1275 2185 πο

77 2228 185 2284 firmos
198 2226 366 2298 ubicunque
381 2234 516 2299 repertos
526 2241 617 2282 sanos
625 2225 689 2282 suis
699 2225 840 2298 precibus
853 2234 883 2281 et
892 2224 1100 2281 benedictione
1113 2223 1229 2292 effecit;

76 2323 109 2372 et
129 2322 275 2387 quotquot
294 2315 507 2371 vestimentum
528 2330 597 2370 cum
617 2313 677 2370 fide
696 2320 821 2385 tangere
840 2321 987 2386 poterant,
1006 2312 1134 2368 celerem
1153 2311 1230 2368 sani-

76 2411 172 2460 tatem
189 2401 370 2458 infirmitatls
384 2419 438 2458 sue
456 2419 489 2459 se
502 2399 675 2473 suscepisse
687 2401 858 2474 gaudebant
866 2401 885 2456 ².
943 2387 1068 2457 Exactis
1081 2407 1181 2455 autem
1198 2399 1230 2454 in

75 2501 205 2563 vtraque
225 2491 309 2560 sede,
330 2489 554 2562 hagustaldensi
573 2489 712 2547 videlicet
737 2497 767 2546 et
792 2489 976 2558 eboracensi,
998 2488 1086 2545 annis
1110 2487 1231 2561 triginta

76 2577 185 2648 tribus,
198 2595 266 2635 cum
280 2594 336 2650 pro
353 2577 517 2634 senectutis
529 2577 677 2650 grauitate
686 2576 786 2632 minus
796 2575 981 2649 episcopatui
994 2575 1230 2632 administrando
1245 2585 1275 2635 ²5

78 2666 242 2735 sufficeret,
256 2665 391 2722 ordinato
410 2664 440 2722 in
461 2667 634 2739 episcopatu
654 2663 831 2721 eboracensi
849 2681 917 2720 cum
935 2663 1025 2719 totius
1037 2662 1140 2735 populi
1153 2662 1230 2718 elec-

76 2755 162 2811 tione
186 2752 327 2810 Wilfrido
357 2753 526 2826 presbitero
550 2771 615 2822 suo,
640 2751 706 2823 ipse
731 2752 762 2806 in
793 2751 975 2808 monasterio
1006 2767 1061 2806 suo
1091 2751 1122 2806 in
1148 2749 1231 2806 Silua

78 2841 242 2898 Deirorum
260 2840 325 2897 siue
339 2839 511 2908 Beuerueo,
524 2838 648 2897 consilio
666 2838 782 2895 abbatis
802 2838 959 2895 Brithuni³
972 2837 1003 2894 in
1023 2836 1104 2894 omni
1122 2837 1231 2894 sancti·

76 2937 140 2986 tate
162 2945 346 3000 permanens
366 2944 463 3000 vsque
485 2930 522 2985 ad
542 2927 658 2984 obitum
688 2942 785 2994 suum,
806 2943 902 2982 nonas
926 2925 997 2982 maii
1023 2923 1161 2997 migrauit
1192 2925 1230 2980 ad

76 3015 236 3073 dominum
244 3016 264 3072 ⁴.
346 3013 490 3087 Sepultus
511 3023 558 3071 est
578 3023 679 3070 autem
698 3013 729 3068 in
748 3013 864 3085 porticu
879 3012 982 3069 Sancti
1001 3011 1082 3069 Petri
1095 3011 1229 3068 eiusdem
1245 3026 1276 3075 30

77 3103 266 3173 monasterii,
296 3101 395 3159 anno⁸
424 3101 537 3159 domini
575 3100 844 3175 septingentesimo
873 3099 1018 3157 vicesimo
1052 3098 1231 3172 primo.—

77 3179 141 3248 ‘ln
163 3190 279 3262 porticu
309 3190 410 3247 Sancti
437 3189 593 3246 Michaelis
615 3188 810 3245 eboracensis
837 3189 910 3244 dum
943 3187 1041 3244 adhuc
1072 3193 1229 3258 superstes

76 3277 206 3336 orationi
226 3286 355 3348 vacaret,
378 3277 499 3350 spiritus
519 3286 642 3334 sanctus
664 3275 694 3332 in
715 3275 851 3331 columbe
877 3274 989 3347 specie,
1014 3273 1132 3330 radium
1157 3273 1230 3330 solis

76 3367 212 3423 candore
228 3366 361 3433 vincens,
377 3375 445 3422 ante
466 3382 536 3422 eum
558 3381 652 3437 super
671 3364 764 3419 altare
782 3362 902 3419 resedit.
940 3361 1077 3434 Cumque
1096 3359 1180 3417 multi
1199 3359 1229 3416 in

76 3453 208 3512 ecclesia
229 3463 344 3511 stantes
369 3454 446 3510 hanc
469 3454 566 3509 lucem
586 3451 745 3524 stupefacti
766 3459 934 3519 cernerent,
947 3449 1090 3505 diaconus
1108 3448 1230 3505 nomine
1243 3461 1275 3512 35

78 3542 175 3614 Sigga
186 3542 225 3597 ad
237 3540 347 3598 ostium
364 3541 494 3615 porticus
511 3540 660 3596 currendo
673 3537 828 3606 festinans,
841 3536 915 3594 vidit
927 3537 1103 3609 episcopum
1118 3535 1150 3592 in
1164 3553 1230 3591 ora·

77 3633 162 3688 tione
181 3637 318 3696 stantem,
338 3638 368 3686 et
386 3628 533 3702 porticum
554 3625 648 3684 sancti
670 3625 793 3699 spiritus
817 3624 932 3696 fulgore
949 3623 1030 3680 intus
1050 3622 1231 3680 inflammari

75 3720 161 3778 velut
173 3718 249 3789 igne.
287 3716 420 3789 Moxque
432 3716 524 3772 facies
543 3715 617 3784 eius,
631 3713 725 3770 sancti
741 3712 865 3785 spiritus
884 3713 993 3768 ardore
1010 3728 1156 3784 percussa
1175 3720 1230 3780 est,

76 3818 108 3866 et
122 3806 200 3876 cutis
212 3805 243 3861 in
258 3821 364 3878 rugam
378 3803 498 3860 maxille
507 3810 642 3859 retracta
678 3800 767 3871 Quod
781 3808 903 3857 sanctus
914 3799 1075 3872 episcopus
1088 3797 1230 3854 diuinitus

77 3911 257 3968 agnoscens,
273 3891 366 3948 accito
386 3892 424 3948 ad
446 3907 479 3947 se
500 3890 636 3958 diacono,
652 3887 759 3944 faciem
776 3887 842 3944 eius
863 3903 954 3942 manu
973 3887 1123 3959 palpando
1143 3885 1230 3941 saluti
1244 3903 1277 3952 40

77 3982 226 4051 reddidlt;
249 3979 422 4052 precipiens
442 3996 481 4036 ne
502 3978 579 4034 hanc
592 3975 741 4034 visionem
762 3975 944 4048 patefaceret
962 3973 1104 4046 quamdiu
1124 3971 1154 4028 in
1175 3973 1230 4028 hac

77 4074 141 4128 vita
161 4067 276 4124 mortali
294 4074 452 4140 superstes
478 4051 718 4122 esset—Post
738 4064 850 4119 obitum
870 4077 958 4118 suum
978 4060 1070 4117 multa
1089 4077 1145 4133 pro
1164 4058 1230 4132 ipso

78 4157 224 4217 miracula
242 4156 403 4213 ostendere
420 4171 515 4226 vsque
533 4153 563 4210 in
577 4151 757 4209 hodiernum
770 4151 851 4208 diem
871 4149 1010 4224 dignatus
1023 4157 1069 4206 est
1081 4149 1229 4219 dominus,

112 4263 159 4312 ιΤ.
174 4261 203 4312 Ε
216 4261 310 4325 posuit
337 4258 374 4296 ¹-¹
386 4259 463 4308 From
472 4259 527 4308 llS.
537 4257 661 4308 c.C.c.c.
675 4259 719 4306 161
731 4257 795 4319 (abr.
805 4257 870 4306 from
884 4255 1012 4319 Folcard).
1039 4253 1230 4305 ⁸E.bruthuul.

77 4329 257 4378 ⁴T.addom.
272 4326 401 4389 migrauit.
434 4325 491 4376 ⁸E.
503 4331 530 4374 et
540 4326 625 4373 hoca.
659 4323 921 4383 ‘ct.C.C.C.C.1⁶1,
934 4320 995 4371 Chr.
1006 4319 1121 4384 Bmmpt.
1134 4333 1190 4382 794.
