3054 4904
437 297 513 390 Da
536 294 699 386 banuo
726 293 945 395 mattula.
1197 303 1265 389 167

105 513 244 568 corpora
270 496 548 570 [re]quiescerent¹,
575 515 700 555 currens
731 506 760 554 et
791 515 825 554 se
856 497 964 554 mediis
990 496 1120 554 flammis
1145 497 1267 554 immer-

104 601 200 655 gens,
219 586 365 658 expansis
384 585 514 641 brachiis
534 601 617 641 aram
635 585 830 658 amplexatur.
868 585 947 656 Quid
966 586 1005 640 ibi
1025 585 1136 654 fecerit,
1155 586 1266 658 quidue

106 673 256 742 senserit,
284 689 376 729 nemo
398 672 449 745 qui
478 673 570 743 sciat;
597 674 651 730 sed
679 674 758 745 quod
787 673 916 746 amplius
947 673 1034 729 solito
1061 663 1165 730 celesti
1197 675 1265 746 igne

105 775 282 816 succensus
313 777 352 816 ex
379 759 429 816 illo
460 759 530 832 igne
559 761 674 830 exierit,
700 760 824 817 fratrum
851 762 900 833 qui
932 777 999 817 cum
1024 779 1061 816 eo
1085 771 1170 817 erant
1194 770 1265 817 tunc

105 863 184 902 reor
216 847 369 904 neminem
400 865 468 904 esse
500 848 551 920 qui
581 837 912 921 nesciat—Arrepto
942 849 1066 904 tandem
1097 849 1203 905 itinere
1233 858 1293 917 vt5

104 951 199 990 mare
225 935 376 1005 transiret,
404 953 483 992 vnus
510 935 634 992 fratrum
659 935 751 992 ssebili
775 953 849 992 voce
875 944 904 992 et
926 936 1009 992 vultu
1034 937 1092 993 ait:
1121 935 1209 992 ‘Heu
1233 945 1265 992 tu

105 1023 189 1090 abis,
214 1031 244 1078 et
269 1021 301 1078 in
329 1033 439 1095 quanta
465 1039 514 1080 me
532 1023 704 1095 quotidiana
727 1022 887 1079 vexatione
909 1023 1036 1092 deseris,
1056 1040 1116 1079 non
1134 1023 1264 1095 ignoras,

105 1127 171 1164 nec
190 1109 252 1166 fers
272 1126 363 1182 opem
384 1111 527 1168 misertus
552 1110 647 1167 meil'
684 1110 739 1168 Cui
762 1110 905 1167 misertus
923 1110 1093 1183 episcopus,
1112 1110 1264 1182 impresso

105 1198 228 1268 pectori
251 1197 317 1254 eius
341 1197 428 1271 signo
453 1197 567 1254 crucis:
600 1201 725 1268 ‘certus
749 1197 853 1271 inquit,
880 1205 945 1254 esto
969 1198 1020 1253 te¹
1050 1197 1195 1254 eiusmodi
1223 1197 1264 1253 nil

105 1301 284 1356 passurum,
310 1287 406 1342 donee
436 1286 576 1344 redeam*
614 1285 687 1342 Erat
712 1285 859 1357 [autem]⁸
883 1285 1058 1358 epilenticus
1085 1294 1115 1340 et
1139 1284 1264 1342 cadebat
1281 1303 1310 1340 10

104 1371 305 1444 frequenter:
337 1381 367 1428 et
391 1389 431 1429 ex
457 1372 506 1428 illa
530 1373 579 1429 die
605 1371 737 1445 perfecte
762 1371 880 1428 sanitati
905 1372 1047 1442 redditus,
1071 1371 1182 1444 gratias
1206 1373 1263 1429 deo

105 1457 183 1531 egit.
259 1447 297 1516 In
316 1459 382 1533 ipso
401 1462 487 1517 nauis
506 1477 634 1517 ascensu
653 1461 799 1517 accedunt
818 1461 878 1516 duo
896 1460 947 1532 qui
965 1459 1138 1516 familiarius
1159 1459 1186 1516 ei
1211 1461 1262 1515 ad-

106 1547 269 1614 herebant,
294 1556 434 1619 petentes
459 1548 569 1620 aliquid
593 1549 631 1604 ab
653 1565 698 1604 eo.
736 1546 853 1617 Quibus
877 1547 927 1603 ille
948 1547 1104 1604 concessit.
1142 1546 1180 1602 Et
1201 1547 1260 1603 illi:

106 1633 284 1702 ‘Volumus
310 1635 455 1707 inquiunt,
482 1635 568 1691 nobis
599 1635 731 1708 promitti
760 1644 790 1690 te
815 1636 846 1690 in
872 1635 1050 1690 Hiberniam
1081 1634 1262 1690 incolumem

106 1722 240 1777 reuerti?
277 1721 362 1778 Tunc
387 1722 437 1779 ille
459 1723 496 1778 de
521 1722 671 1795 promisso
697 1722 832 1796 penituit,
855 1722 950 1778 tristis
974 1731 1077 1778 tamen
1098 1721 1210 1790 annuit,
1232 1731 1262 1778 et
1278 1747 1306 1798 ¹5

105 1826 222 1866 nauem
253 1810 397 1866 ascendit
453 1809 634 1883 Cum[que]⁴
664 1811 723 1866 iam
753 1809 816 1866 fere
847 1809 980 1866 medium
1011 1811 1068 1866 iter
1097 1826 1261 1882 equoreum

105 1897 312 1970 peregissent,
332 1897 430 1954 subito
450 1898 616 1954 contrarius
637 1906 746 1954 ventus
771 1914 879 1953 nauem
901 1897 1019 1970 repellit
1040 1906 1070 1953 et
1095 1895 1125 1954 in
1150 1906 1261 1954 terram

107 1984 259 2040 Hibernie
273 1985 395 2041 reducit.
434 1984 631 2042 Descendens
650 1986 689 2042 de
707 1985 786 2055 naui,
801 1987 832 2042 in
846 1985 974 2058 quadam
993 1983 1119 2042 ecclesia
1136 2001 1260 2056 pernoc-

104 2071 183 2128 tauit
205 2081 234 2129 et
257 2072 359 2130 diuine
384 2072 508 2129 consilio
533 2072 721 2145 prouidentie
744 2073 822 2129 letus
846 2073 957 2146 gratias
982 2075 1050 2145 egit.
1088 2071 1126 2128 Et
1150 2089 1260 2127 nauem

105 2163 237 2230 intrans,
262 2159 293 2215 in
320 2160 451 2216 Scotiam
476 2177 621 2232 prospere
646 2161 810 2232 applicans,
834 2177 890 2232 per
912 2159 1054 2231 Angliam
1080 2159 1203 2228 transiit,
1231 2166 1261 2214 et
1276 2183 1306 2218 πο

104 2247 234 2303 tandem
259 2248 339 2319 apud
361 2247 479 2305 Claram
501 2247 620 2304 Vallem
645 2247 775 2304 deuenit.
812 2247 870 2318 Qui
895 2264 914 2304 a
937 2247 1076 2304 fratribus
1101 2255 1260 2319 susceptus

106 2343 159 2390 est
190 2344 333 2407 tanquam
356 2351 448 2391 verus
472 2335 509 2391 ab
535 2335 689 2391 occidente
712 2335 839 2392 veniens
863 2335 989 2392 visitans
1014 2351 1070 2392 nos
1093 2334 1195 2390 oriens
1221 2351 1259 2390 ex

104 2424 178 2478 alto.
252 2410 316 2479 Die
347 2431 446 2478 autem
477 2422 557 2479 beati
589 2421 671 2480 luce
702 2423 894 2496 euangeliste,
926 2423 1019 2479 missa
1048 2425 1079 2479 in
1110 2431 1259 2478 conuentu

105 2511 219 2566 deuote
245 2509 403 2578 celebrata,
424 2508 506 2566 febre
531 2518 688 2582 correptus
713 2510 789 2567 lecto
814 2510 960 2567 decubuit.
998 2508 1036 2570 Et
1057 2527 1127 2566 ecce
1150 2509 1259 2566 fratres

104 2613 216 2677 omnes
238 2595 343 2652 soliciti
361 2605 448 2653 erant
466 2598 543 2653 circa
562 2596 704 2669 frequens
723 2598 941 2654 ministerium:
962 2597 1178 2654 medicamenta
1191 2614 1259 2670 per·
1275 2619 1303 2668 ²5

106 2682 241 2755 quirere,
260 2683 393 2740 fomenta
412 2684 565 2753 adhibere,
583 2684 685 2757 sepius
705 2686 743 2741 ad
762 2686 943 2757 gustandum
963 2703 1077 2757 vrgere.
1114 2685 1163 2741 Ad
1182 2702 1258 2757 quos

102 2771 177 2826 ille:
205 2770 297 2827 ‘Sine
322 2787 421 2842 causa,
444 2770 548 2844 inquit,
570 2771 645 2829 hec:
673 2773 728 2828 sed
749 2774 891 2829 charitate
910 2773 1002 2829 vestri
1021 2773 1096 2828 facio
1116 2773 1257 2845 quicquid

103 2857 269 2930 iniungitis.
307 2857 433 2931 Oportet
458 2858 514 2915 hoc
539 2877 618 2915 anno
645 2858 822 2916 Malachiam
843 2860 927 2917 exire
954 2861 992 2916 de
1018 2877 1150 2932 corpore.
1188 2859 1258 2917 Scio

105 2945 190 3001 enirn
215 2945 262 3002 cui
288 2945 409 3016 credidi,
430 2955 461 3001 et
487 2955 586 3003 certus
610 2964 679 3002 sum
704 2965 764 3002 non
789 2946 950 3004 fraudabor
974 2945 1090 3020 reliquo
1116 2946 1257 3003 desiderii

105 3034 178 3102 mei,
197 3033 247 3105 qui
268 3043 384 3106 partem
407 3031 466 3089 iam
488 3040 594 3090 teneo:
615 3033 674 3103 Qui
691 3051 741 3090 me
759 3051 814 3090 sua
834 3033 1037 3091 misericordia
1057 3033 1198 3106 perduxit
1220 3035 1256 3090 ad
1273 3050 1304 3097 30

104 3123 206 3176 locum
228 3119 340 3193 quem⁵
360 3120 442 3193 petii,
464 3119 649 3192 [terminum]
670 3121 775 3194 que[m
792 3121 903 3193 e]que⁸
923 3120 1004 3177 volui
1022 3139 1082 3177 non
1101 3121 1221 3193 negabit
1229 3121 1257 3177 ⁷.’

105 3207 246 3280 Denique
265 3207 418 3280 inungitur
436 3217 465 3263 et
482 3217 603 3280 sumpto
621 3208 727 3264 viatico
749 3209 787 3264 ad
807 3209 915 3264 lectum
934 3208 1102 3264 reuertitur.
1141 3208 1257 3266 lacebat

103 3295 187 3350 enim
213 3295 244 3350 in
270 3295 389 3365 solario,
414 3311 471 3351 nec
496 3295 636 3352 sustinuit
660 3295 739 3368 quod
762 3305 928 3352 conuentus
955 3296 992 3352 ad
1013 3313 1047 3352 se
1071 3297 1257 3366 ascenderet,

103 3385 161 3440 sed
180 3383 247 3455 ipse
266 3384 305 3438 ad
323 3399 377 3438 eos
395 3382 559 3450 descendit,
579 3391 609 3438 et
629 3393 729 3439 tamen
751 3392 879 3439 mortem
904 3383 935 3440 in
960 3381 1057 3440 ianuis
1081 3400 1150 3440 esse
1175 3385 1256 3440 dixit.

105 3459 197 3528 Obiit
216 3479 316 3525 autem
335 3479 440 3542 quarto
459 3486 556 3526 nonas
574 3470 758 3541 nouembris,
774 3487 855 3526 anno
876 3469 989 3526 domini
1011 3471 1169 3526 millesimo
1188 3489 1256 3528 cen·
1271 3495 1301 3544 35

103 3558 214 3614 tesimo
227 3555 457 3629 quadragesimo
469 3566 581 3630 octauo,
596 3557 668 3630 [et]s
682 3557 768 3615 etatis
781 3575 836 3614 sue
846 3557 1094 3631 quinquagesimo
1107 3567 1221 3631 quarto.

140 3751 211 3825 [Ma
224 3751 289 3808 Tib.
303 3752 397 3810 adds:
611 3752 772 3810 Narratio&

140 3862 279 3948 Quidam
298 3889 367 3930 cum
387 3871 447 3930 tilio
468 3891 524 3930 suo
546 3873 691 3930 ablactato
713 3874 808 3935 factus
831 3883 878 3931 est
899 3873 1072 3930 monachus.
1109 3871 1167 3943 Qui
1188 3890 1255 3930 cum

102 3961 200 4018 factus
223 3959 329 4017 fuisset
351 3961 478 4032 iuuenis,
498 3971 643 4034 ceperunt
668 3963 814 4018 demones
838 3963 1017 4036 impugnare
1041 3971 1071 4018 et
1097 3961 1254 4019 sollicitare

101 4067 183 4106 eum.
221 4047 259 4104 Et
277 4049 354 4104 dfxit
372 4047 449 4122 patri
471 4066 543 4106 suo:
565 4049 666 4105 ‘Vado
685 4050 723 4106 ad
744 4048 913 4120 (seculum),
926 4048 1067 4123 quoniam
1089 4066 1150 4105 non
1169 4049 1255 4106 ualeo

102 4136 240 4194 carnales
250 4137 534 4210 concupiscenftias)
546 4137 712 4194 sustinere.²
740 4136 829 4194 Pater
842 4147 941 4194 autem
955 4137 1164 4194 consolabatur
1176 4153 1254 4194 eum.
1267 4160 1301 4211 40

135 4233 143 4262 ²
161 4233 191 4282 E.
204 4233 376 4296 quiescerent.
455 4232 465 4260 ¹
484 4231 513 4282 E.
526 4239 618 4282 estote.
684 4231 694 4260 ⁸
710 4232 739 4282 T.
751 4241 852 4292 autem
870 4232 898 4282 E.
911 4233 988 4282 enim.
1071 4233 1080 4261 ⁴
1096 4247 1127 4282 so
1140 4233 1187 4290 T.;
1204 4250 1254 4296 que

103 4315 154 4349 om.
168 4299 195 4348 in
208 4299 238 4349 E.
322 4297 477 4360 'Equam
549 4297 607 4348 'so
618 4297 686 4356 Vit.;
703 4298 733 4348 T.
747 4299 955 4362 queque,E.qui
967 4313 1017 4361 que
1029 4313 1088 4362 que.
1154 4297 1253 4349 1Τ.1Ξ,

103 4365 215 4428 negauit.
282 4363 292 4392 ⁸
309 4365 399 4414 onnia
413 4365 441 4414 E.
509 4363 519 4393 ⁸
537 4363 576 4414 Cf.
589 4364 639 4414 vit
653 4363 718 4415 Patr.
733 4379 757 4426 p.
770 4366 826 4429 879.
