3046 4902
284 325 357 398 594
719 296 921 398 &putuit
950 299 1001 374 ii.

371 581 421 634 Di:
439 589 573 643 Quooru
595 577 780 632 erorsrnro
798 588 917 658 ruuiro
936 588 976 630 so
994 587 1083 640 Quoo
1102 587 1244 630 iunioris
1263 588 1362 632 urorr

643 671 763 716 corvus
781 671 892 714 sitirem
912 659 1080 714 Eorruuoi.

282 817 305 870 S
358 821 370 868 Ι
412 815 538 870 mm
577 817 583 829 .
703 777 765 832 lrca
777 775 850 831 idem
864 787 973 846 tempus
985 775 1100 846 contigit
1113 777 1188 846 quod
1202 777 1327 847 quidam
1336 774 1444 832 iuuenis

305 833 405 870 ‘mm
535 831 622 868 ‘mac'
736 862 902 916 Leoistanus
919 859 1039 926 nominc,
1052 876 1155 928 genere
1170 862 1285 930 pollens
1299 873 1330 914 et
1352 877 1444 914 reruni

282 942 399 998 affluens
423 941 513 1012 copia,
534 953 749 1014 presumptuosa
772 943 933 998 curiositate
953 943 1115 1014 preciperet,
1140 942 1205 996 lieet
1228 943 1267 996 ab
1288 943 1395 997 amicis
1418 953 1444 994 et

283 1025 349 1082 viris
379 1024 515 1094 religiosis
541 1025 743 1095 prohiberetur,
768 1023 836 1080 sisu
854 1025 983 1080 roceium
1009 1023 1108 1094 aperiri
1133 1033 1161 1079 er
1191 1025 1287 1079 sancti
1321 1025 1445 1080 marinis
1504 992 1505 1044 l

256 1125 383 1180 scorpus
404 1108 521 1164 ostendi.
559 1109 697 1164 Custodes
718 1126 785 1164 vero
806 1108 927 1164 scientes
947 1108 1008 1163 eius
1029 1107 1233 1176 arroganciam,
1255 1119 1286 1162 et
1311 1109 1445 1162 tiniemes
1504 1125 1505 1130 ¹

284 1191 474 1260 insolenciam,
495 1191 558 1246 licet
580 1190 659 1246 inuiti
684 1192 802 1248 adeius
823 1191 969 1262 imperium
993 1189 1168 1245 mauseolum
1190 1189 1397 1260 aperuerunt²,
1420 1203 1445 1244 et

284 1275 408 1331 insolens
429 1273 539 1329 iuuenis
561 1273 743 1330 irreuerenter
765 1275 902 1330 accedens
918 1291 1019 1344 corpus
1040 1272 1129 1328 sancti
1149 1273 1302 1328 Edmundi
1321 1274 1446 1344 repperit

282 1370 310 1416 et
335 1359 404 1414 uidit
429 1358 625 1428 incorruptum.
663 1358 718 1428 Qui
749 1359 842 1414 statim
866 1368 995 1428 arreptus
1018 1375 1036 1412 a
1059 1356 1192 1411 demonio
1216 1374 1324 1412 versus
1351 1371 1396 1412 est
1421 1357 1447 1410 in

283 1441 450 1506 amenciam,
468 1453 497 1496 et
521 1440 651 1496 dentibus
671 1459 705 1496 ac
724 1440 855 1496 manibus
879 1439 1091 1496 circumstantes
1110 1440 1274 1509 appetebat.
1315 1440 1447 1494 Audiens

243 1535 377 1580 roautem
399 1519 461 1578 vir⁸
485 1523 630 1592 religiosus
652 1541 686 1579 ac
705 1523 851 1578 timoratus
871 1521 1026 1592 Alf[g]arus
1050 1531 1130 1592 pater
1153 1521 1284 1576 eiusdem
1309 1522 1447 1588 Lefstani,

282 1607 351 1678 quid
382 1606 588 1677 presumpserit,
613 1617 641 1662 et
665 1607 733 1677 quid
764 1605 831 1661 iude
861 1606 886 1662 ei
914 1605 1056 1672 acciderit,
1086 1603 1228 1660 interdixit
1257 1623 1296 1660 ue
1330 1607 1449 1662 ulterius

284 1701 428 1761 paternam
445 1687 551 1743 uideret
563 1687 672 1756 faciem,
686 1705 737 1744 nec
755 1690 792 1744 ad
807 1705 933 1744 inensam
951 1705 1030 1742 suain
1050 1687 1230 1742 recumberet.
1272 1689 1332 1758 Qui
1355 1690 1449 1744 inedia

283 1773 420 1830 simulac
444 1770 558 1827 vesania
578 1787 715 1840 corrosus,
737 1772 931 1828 miserabiliter
953 1771 1067 1826 tandem
1091 1770 1232 1826 vermibus
1254 1785 1449 1842 consumptus

283 1857 441 1928 exspirauit.
478 1854 624 1924 Colligitur
648 1855 713 1909 binc
736 1871 771 1910 ex
800 1854 994 1910 conformitate
1024 1852 1157 1920 vindicte,
1187 1855 1340 1909 martirem
1374 1857 1449 1910 hunc

243 1955 270 2006 ¹5
285 1940 466 1995 Edmundum
479 1947 507 1994 et
519 1938 632 1992 beatum
651 1937 834 1993 Laureociurn
849 1937 953 1992 meritis
966 1953 1028 1991 esse
1040 1937 1205 2000 conformes,
1219 1937 1256 1991 de
1270 1955 1331 2008 quo
1347 1941 1448 1994 beatus

284 2021 435 2092 Gregorius
448 2021 530 2076 refert
538 2020 613 2091 quod
622 2037 686 2074 cum
699 2019 813 2090 quidam
826 2019 917 2074 minus
930 2018 1008 2089 digni
1021 2037 1122 2088 corpus
1135 2019 1194 2074 eius
1206 2021 1304 2076 leuare
1317 2025 1448 2078 volentes

284 2105 486 2176 conspicerent,
507 2101 625 2172 contigit
647 2114 755 2172 septem
779 2120 814 2159 ex
835 2103 877 2158 eis
899 2102 1003 2157 ibidem
1027 2113 1117 2158 morte
1142 2102 1295 2160 subitanea
1321 2105 1446 2172 interire,

283 2187 334 2244 ιιι*
359 2187 457 2244 ceteris
487 2195 578 2240 metus
605 2185 782 2253 incuteretur,
806 2202 843 2240 ue
873 2185 910 2240 ad
941 2196 1102 2240 sauctorum
1130 2203 1281 2255 corponrrn
1314 2201 1445 2244 contem·

284 2271 440 2342 placionem
456 2269 638 2325 irreverenter
653 2269 827 2324 accederent.

306 2455 513 2526 iiQuirrren
533 2455 754 2509 turoam-:rius
773 2463 940 2508 airscovus
960 2464 1050 2507 racis
1068 2463 1221 2507 susrsnor
1242 2466 1420 2524 carnosas,
1507 2460 1508 2518 i

404 2549 581 2594 accontus
599 2547 708 2592 saucii
729 2537 885 2592 Euuuuoi
905 2547 1061 2591 nervuum
1079 2547 1328 2592 inconsumpta.

241 2665 272 2702 ²0
287 2692 366 2748 Abho
386 2691 487 2746 Flon‘a
615 2654 729 2724 Umque
745 2654 851 2724 prefato
870 2655 932 2708 loco
948 2651 1143 2707 tumulacionis
1161 2655 1254 2706 sancti
1270 2655 1398 2710 martiris
1417 2657 1442 2709 in

650 2735 901 2790 Bedricesuuorthe
923 2753 940 2790 a
958 2731 1158 2805 quibus[que}‘
1177 2735 1330 2791 catholicis
1357 2740 1440 2792 multa

284 2817 464 2875 confenrntur
473 2819 590 2874 donaria
599 2829 627 2874 et
635 2829 801 2874 ornamenta
811 2819 838 2872 in
848 2836 915 2874 auro
925 2827 952 2872 et
963 2829 1079 2886 argento
1089 2817 1297 2886 preciosissima
1308 2837 1315 2874 :
1326 2821 1440 2891 quidam

285 2901 406 2970 maligne
423 2901 525 2957 mentis
545 2903 674 2956 homines
689 2900 812 2970 aggressi
833 2912 898 2955 sunt
916 2910 1053 2954 nocturno
1074 2911 1199 2970 tempore
1219 2901 1296 2956 beati
1320 2905 1440 2958 mairin's

286 2985 435 3053 infringere
456 2985 609 3040 basilicam.
655 2985 777 3039 Fuerunt
799 2994 893 3038 autem
913 2993 984 3047 octo,
1009 2982 1056 3053 qui
1078 2985 1185 3052 absque
1203 2985 1261 3038 vlla
1283 2987 1377 3041 sancti
1400 3005 1439 3040 re·

242 3081 271 3129 ²5
286 3069 413 3123 uerencia
430 3068 611 3123 decreuerunt
628 3085 725 3138 rapere
743 3068 837 3120 omnia
849 3082 1013 3137 quecunque
1033 3065 1105 3118 infra
1122 3065 1270 3121 basiliam
1289 3069 1373 3123 utilia
1389 3071 1437 3124 sibi

286 3151 463 3206 inuenissent.
486 3152 568 3206 Vnde
581 3150 700 3220 sumptis
713 3148 850 3204 machinis
860 3149 898 3203 ad
911 3148 1066 3218 parandum
1080 3147 1235 3216 ingressum
1246 3161 1276 3204 et
1285 3168 1438 3220 egressum,

284 3235 356 3289 alius
369 3233 440 3302 posti
453 3236 558 3288 scalam
571 3234 694 3304 applicat
708 3243 737 3286 ut
751 3249 800 3302 per
812 3232 961 3286 fenestram
974 3247 1005 3286 se
1017 3229 1135 3300 ingerat,
1147 3231 1219 3286 alius
1232 3234 1339 3288 malleo
1352 3236 1436 3290 fabrili

285 3317 426 3386 pessulum
440 3317 475 3370 ab
489 3317 560 3371 ostio
573 3327 702 3372 excutere
716 3314 819 3381 nititur,
832 3315 903 3368 alius
922 3330 1012 3370 seram
1030 3313 1097 3367 lima
1113 3329 1256 3369 corrosam
1270 3317 1437 3387 depascitur,

285 3399 356 3454 alius
366 3398 466 3467 vangis
478 3409 506 3453 et
519 3400 657 3468 ligonibus
670 3398 803 3469 parietem
817 3397 954 3452 suffodere
967 3407 1091 3452 conatur.
1129 3397 1275 3452 Excitatus
1288 3417 1307 3453 a
1319 3417 1437 3472 sompno

241 3499 273 3548 30
285 3484 321 3537 de
338 3491 415 3536 tanto
432 3483 548 3553 strepitu
566 3483 682 3554 quidam
699 3482 792 3536 iacens
809 3481 932 3546 interius,
945 3497 995 3536 nec
1013 3480 1114 3550 pedem
1133 3481 1170 3534 ad
1182 3497 1312 3548 gressum
1325 3500 1436 3538 mouere

285 3581 338 3621 nec
350 3566 472 3634 linguam
487 3565 523 3620 ad
536 3567 651 3620 verbum
670 3566 762 3619 laxare
781 3573 889 3634 poterat
902 3582 909 3631 3
928 3563 1043 3618 domiuo
1056 3562 1111 3617 deo
1124 3564 1177 3618 hoc
1190 3565 1373 3634 permittente
1384 3584 1436 3622 non

286 3649 313 3704 in
336 3647 488 3718 perniciem
508 3647 625 3704 iacentis
641 3657 683 3702 set
701 3647 729 3701 in
744 3647 856 3700 laudem
873 3657 901 3700 et
913 3645 1030 3715 gloriam
1043 3645 1165 3700 martiris
1183 3646 1361 3716 presidentis
1393 3651 1437 3705 Set

286 3733 356 3788 sicut
369 3729 510 3786 innoxium
523 3732 560 3785 ad
572 3743 684 3801 tempus
697 3728 841 3799 suspendit
854 3729 890 3782 ab
908 3729 1001 3782 officio
1013 3728 1117 3798 pedum
1130 3738 1159 3782 et
1171 3730 1275 3798 lingue,
1289 3731 1331 3786 sic
1344 3733 1437 3788 noxios

286 3815 418 3887 protraxit
431 3815 459 3868 in
479 3815 570 3869 lucem
589 3815 616 3868 in
634 3830 720 3884 opere
738 3822 821 3882 cepto
841 3809 959 3866 inuitos:
979 3822 1008 3865 vt
1028 3809 1123 3880 [alius]
1144 3811 1180 3866 de
1199 3813 1277 3867 scala
1297 3815 1438 3884 penderet,

242 3917 271 3968 35
286 3901 356 3955 alius
367 3899 496 3953 incuruus
507 3896 640 3952 fodiendo
653 3897 800 3962 laboraret,
813 3895 884 3949 alius
896 3895 1038 3964 pessulum
1052 3909 1115 3948 cum
1129 3897 1232 3949 malleo
1245 3899 1438 3960 contunderet,

286 3995 314 4038 et
334 3982 404 4037 alius
429 3982 464 4036 de
486 3991 566 4051 poste
584 3997 676 4034 seram
695 3988 843 4033 excuteret.
888 3979 974 4032 Mane
995 3977 1069 4031 facto
1090 3979 1209 4047 populus
1231 3979 1268 4033 ad
1291 3981 1437 4036 ecclesiam

286 4082 440 4137 properans
460 4063 565 4119 inuenit
583 4063 657 4118 fures
679 4061 767 4117 sicin
788 4061 899 4131 incepto
919 4060 1064 4128 sacrilegio
1085 4060 1200 4127 defixos,
1220 4073 1250 4115 vt
1271 4079 1326 4118 nec
1347 4063 1438 4134 fugere

286 4151 421 4215 valerent,
440 4165 492 4202 nec
515 4148 552 4202 ab
570 4163 655 4218 opere
677 4143 818 4200 desistere.
857 4144 1058 4214 comprehensi
1076 4141 1169 4212 igitur,
1185 4153 1212 4200 et
1234 4145 1355 4201 vinculis
1373 4164 1436 4200 corr·

319 4280 401 4332 ¹Ms.
414 4280 483 4332 iussit
495 4281 551 4330 sibi.
657 4277 740 4356 {MS
753 4281 883 4344 aperirent.
993 4275 1075 4328 'MS.
1088 4275 1248 4342 quidamvir.
1358 4279 1435 4329 lbi&

286 4355 310 4398 et
323 4359 357 4398 ut.
507 4346 517 4375 ⁵
535 4345 589 4396 MS.
601 4361 616 4396 a
628 4345 726 4414 quibus.
