3012 4898
265 317 336 391 332
573 298 705 387 noos
730 293 920 399 tecam
943 293 1097 400 todo.

263 495 367 554 beatus
385 495 440 568 vir,
458 505 527 570 post
546 496 680 570 regimen
699 495 871 570 episcopale
889 505 1071 569 susceptum,
1090 495 1186 554 sactus
1207 505 1255 554 ast
1276 498 1366 556 solito
1384 500 1418 554 in

262 583 396 641 oratione
409 585 580 655 sementior,
593 587 624 642 in
640 583 873 642 elemosinarum
885 583 892 616 ¹
905 583 1062 657 largitione
1075 583 1235 658 profusior,
1249 585 1283 642 in
1301 586 1418 660 proprii

262 672 399 744 corporis
411 671 605 745 castigatione
617 671 748 746 rigidior.
786 672 904 729 Extunc
919 671 974 729 tuit
990 671 1019 730 ei
1037 689 1207 745 pauperum
1219 690 1295 730 cura
1312 675 1418 742 maior,

264 759 380 816 habitus
398 759 547 829 abiectior,
559 770 664 834 gestus
682 769 712 817 et
730 759 837 816 effatus
856 758 1003 816 humilior.
1040 758 1075 815 ln
1095 775 1202 816 mensa
1219 777 1344 833 quoque
1361 777 1419 818 sua

234 845 349 909 slectio
370 847 567 920 personabat:
594 857 624 904 et
648 847 674 904 si
698 849 820 920 quando
845 847 939 904 lector
963 855 1105 916 cessaret,
1129 855 1180 904 aut
1201 848 1241 904 de
1268 848 1331 905 biis
1357 867 1419 922 que

263 932 376 1008 legerat
401 944 450 991 aut
472 935 530 991 de²
548 934 738 991 edificatoriis
762 934 910 1007 aliquibus
934 951 1003 991 cum
1027 934 1231 991 assidentibus
1255 938 1418 993 tractabat

263 1020 338 1078 Cum
356 1022 443 1078 villas
461 1039 516 1080 sue
534 1021 664 1079 diocesis
681 1021 793 1079 intrare
812 1021 993 1094 contigisset,
1012 1021 1199 1094 languentes,
1216 1021 1370 1094 infirmos,
1388 1035 1419 1080 et

262 1124 413 1182 pauperes
431 1109 591 1184 diligenter
607 1109 676 1167 lecit
692 1108 810 1182 inquiri,
829 1117 859 1166 et
878 1109 962 1182 ipsos
981 1126 1041 1164 non
1060 1109 1159 1166 solum
1176 1125 1232 1166 sue
1250 1109 1418 1168 elimosine

262 1197 406 1266 subsidio,
418 1199 473 1254 sed
486 1197 574 1254 etiam
588 1196 711 1270 proprie
723 1197 876 1270 presentie
889 1195 995 1253 solatio
1009 1196 1124 1254 solebat
1136 1196 1269 1264 visitare,
1283 1206 1315 1253 et
1326 1199 1418 1255 verbi

219 1285 310 1341 rodei
336 1284 478 1342 alimento
497 1283 691 1358 spiritualiter
712 1283 858 1341 refouere.
895 1283 1023 1341 Etcum
1043 1301 1100 1356 per
1120 1283 1217 1355 largas
1235 1283 1419 1342 elimosinas
1501 1351 1502 1354 Ἴ

179 1397 181 1402 ·
262 1371 395 1428 redditus
419 1371 661 1442 consumuntur⁸‚
685 1379 716 1429 et
740 1371 880 1428 dominus
905 1369 1075 1429 Richardus
1103 1369 1420 1430 Bachedene-lrater

261 1457 327 1516 eius
349 1458 485 1530 camalis,
506 1461 553 1516 cui
574 1475 677 1515 curam
699 1459 908 1532 temporalium
928 1458 1249 1516 commiserat-dixit‘
1269 1462 1356 1532 quod
1378 1463 1419 1518 ad

262 1554 360 1602 tantas
389 1546 562 1603 elimosinas
586 1555 668 1604 tante
692 1563 860 1619 pauperum
884 1545 1082 1604 multitudinis
1109 1545 1243 1603 redditus
1274 1547 1323 1603 sui
1354 1565 1418 1605 non

262 1631 454 1704 sufficerent;
474 1633 645 1708 respondit:
665 1633 777 1690 ‘Estne
795 1634 914 1704 iustum,
927 1633 1017 1690 chare
1036 1633 1136 1703 irater,
1148 1642 1179 1690 vt
1195 1650 1252 1690 nos
1271 1635 1312 1692 de
1331 1637 1420 1692 vasis

219 1743 228 1778 ι
233 1743 247 1794 ⁵
262 1721 361 1778 aureis
369 1721 418 1778 vel
428 1721 578 1794 argenteis
586 1722 779 1778 comedamus
791 1729 821 1778 et
831 1721 976 1789 bibamus,
987 1720 1144 1778 Christoin
1154 1721 1217 1778 suis
1225 1723 1419 1794 pauperibus

262 1807 339 1866 lame
349 1808 479 1865 cruciato
488 1811 513 1865 t'
526 1807 600 1882 [et]⁸
611 1807 782 1866 subiunxit:
802 1807 844 1864 ‘N
848 1807 896 1864 oui
909 1826 966 1880 ego
978 1807 1065 1864 valde
1075 1808 1267 1864 bene—sicut
1281 1818 1316 1865 et
1327 1821 1419 1882 pater

262 1897 422 1954 meus—de
439 1895 620 1971 parapside⁸
636 1905 666 1953 et
688 1905 802 1953 cratere
825 1894 971 1970 [Ιίςηεο]7
990 1913 1091 1952 escam
1109 1912 1232 1952 sumere
1253 1905 1285 1952 et
1307 1906 1418 1968 potum
1501 1901 1502 1910 ’

262 1987 428 2057 degustare.
464 1981 643 2040 Vendantur
661 1982 751 2056 igitur
761 1997 834 2040 vasa
852 1991 994 2056 argentea
1012 1992 1042 2040 et
1060 1998 1170 2050 aurea;
1190 1983 1245 2038 sed
1264 1993 1298 2038 et
1317 2001 1418 2056 equus

261 2071 308 2130 cui
329 2071 454 2140 insideo,
475 2072 571 2127 bonus
594 2081 625 2127 et
648 2071 803 2144 preciosus
825 2080 887 2128 est:
916 2070 1064 2128 vendatur
1086 2071 1231 2140 obsecro;
1253 2079 1417 2130 eteorum

217 2178 248 2213 ao
260 2159 363 2232 precio
378 2167 541 2232 pascantur
559 2158 669 2215 Christi
688 2160 855 2231 pauperes.¹
894 2157 932 2214 Et
953 2174 1014 2213 non
1036 2157 1133 2214 solum
1155 2167 1284 2215 nouerat
1306 2160 1418 2218 beatus
1501 2153 1502 2196 l

264 2247 431 2304 Richardus
444 2263 558 2318 egenos
570 2244 710 2302 alimonie
724 2245 856 2302 subsidio
869 2261 1002 2319 pascere,
1015 2243 1170 2302 sedetiam
1185 2245 1284 2302 nudos
1296 2249 1417 2306 vestire
1501 2269 1502 2280 2

261 2333 374 2406 pariter
385 2342 416 2391 et
428 2333 562 2404 calciare,
570 2341 704 2390 mortuos
713 2349 832 2407 quoque
841 2332 971 2406 propriis
980 2333 1118 2389 manibus
1130 2332 1268 2404 sepelire.
1302 2334 1418 2393 lllulto-

260 2421 339 2478 tiens
355 2430 464 2491 autern,
477 2429 637 2494 antequam
650 2429 813 2493 peteretur,
825 2417 1021 2478 elemosinam
1034 2420 1217 2493 pauperibus
1230 2425 1416 2494 errogabat:

260 2517 290 2566 et
303 2526 371 2566 curn
383 2507 534 2564 diceretur
545 2509 573 2564 ei
585 2524 678 2580 quare
690 2508 835 2566 tribueret
846 2507 1004 2581 pecuniam
1017 2524 1077 2564 non
1090 2507 1272 2580 petentibus,
1283 2527 1417 2584 respon·

215 2617 246 2668 aa
261 2596 319 2654 dit:
341 2595 509 2668 ‘Scriptum
523 2603 577 2663 est,
591 2594 747 2652 “Domine
765 2595 931 2668 preuenisti
944 2611 1014 2652 eum
1028 2596 1059 2652 in
1072 2595 1335 2654 benedictionibus
1347 2600 1417 2656 dul-

260 2683 462 2754 cedinis,”etc.
493 2681 531 2738 Et
539 2681 625 2740 illud:
646 2682 768 2740 “Chare
779 2681 851 2739 satis
860 2683 968 2740 emitur
976 2684 1055 2755 quod
1065 2683 1204 2755 precibus
1213 2684 1417 2743 obtinetur.”'

263 2769 635 2844 Pauperibuspresbiteris
644 2787 763 2843 quoque
771 2769 790 2840 ⁸,
798 2770 884 2827 senio
893 2769 1044 2841 consectis,
1053 2769 1133 2828 cecis
1141 2771 1189 2828 vel
1199 2771 1274 2828 alias
1284 2789 1417 2847 corpore

260 2857 483 2933 impotentibus,
496 2857 697 2930 hospitalem·
707 2857 860 2913 constituit
874 2875 882 2927 ;
900 2867 930 2914 et
947 2875 985 2914 ne
1002 2858 1121 2929 publice
1138 2857 1325 2916 mendicitati
1343 2864 1416 2918 sub-
1499 2909 1500 2912 ,

261 2947 429 3016 licerentur,
454 2946 551 3001 victus
574 2953 604 3001 et
628 2945 755 3001 vestitus
775 2944 964 3002 necessarios
984 2945 1101 3001 eisdem
1109 2945 1131 2978 ¹⁰
1154 2945 1267 3002 ibidem
1293 2948 1416 3006 miseri·

216 3057 249 3107 ³0
261 3036 391 3092 corditer
401 3032 557 3090 ordinauit
587 3030 688 3088 Vnum
701 3048 811 3104 panem
824 3033 861 3088 ad
873 3031 969 3104 ipsius
982 3031 1223 3089 benedictionem
1233 3033 1416 3094 habundare
1499 3089 1500 3122 ἶ

260 3121 328 3181 lecit
340 3124 371 3179 in
384 3130 508 3188 tantum,
518 3119 597 3193 quod
611 3128 713 3192 preter
723 3117 942 3176 estimationem
956 3119 1126 3190 astantium,
1135 3119 1254 3177 resectis
1269 3121 1416 3181 habunde
1499 3131 1500 3152 ¹

260 3209 345 3284 quasi
369 3209 465 3266 tribus
490 3207 609 3264 milibus
633 3223 800 3279 pauperum
829 3215 990 3264 consuetas
1013 3206 1221 3279 recipientium
1244 3209 1415 3280 portiones,

261 3298 510 3355 habundauerunt
522 3303 625 3368 partes
638 3311 697 3367 que
710 3293 878 3350 secundum
891 3295 1019 3351 eandem
1031 3293 1274 3352 distributionem
1288 3309 1415 3355 centum

261 3385 358 3441 adhuc
367 3399 519 3457 pauperes
529 3381 711 3440 refecissent
732 3380 896 3438 Neesemet
906 3381 1073 3438 tantumvel
1083 3382 1130 3438 bis
1140 3381 1195 3438 hec
1205 3399 1261 3440 sue
1270 3384 1414 3444 benedic

216 3490 248 3542 ³⁵
261 3471 351 3529 tionis
363 3468 637 3543 superabundantia
649 3468 725 3524 sacta
736 3469 888 3540 probatur,
902 3469 956 3524 sed
969 3478 999 3524 et
1010 3467 1028 3500 ¹¹
1042 3469 1155 3542 pluries
1163 3469 1192 3538 ¹⁸,
1204 3469 1272 3542 ipso
1285 3488 1414 3530 manum

261 3575 347 3617 suam
361 3559 517 3632 aperiente
534 3555 586 3629 qui
606 3555 701 3628 replet
717 3571 808 3612 omne
824 3553 935 3611 animal
952 3555 1169 3613 benedictione.
1206 3556 1311 3614 Posuit
1330 3561 1414 3617 enim

260 3647 471 3706 vestimentum
484 3661 572 3702 suum
585 3643 722 3713 cilicium,
734 3642 916 3715 loricamque
932 3643 1163 3716 superinduens,
1176 3659 1260 3700 arma
1277 3662 1415 3704 macera·

259 3735 351 3794 tionis
362 3733 479 3792 adiecit.
515 3731 764 3804 vestimentaque
772 3728 793 3762 ¹⁸
804 3739 835 3786 et
848 3730 1039 3788 calciamenta
1052 3730 1127 3800 eius,
1140 3749 1196 3788 nec
1213 3731 1309 3788 nitida
1321 3736 1415 3792 nimis

261 3842 317 3881 nec
330 3823 445 3880 abiecta
459 3819 631 3893 plurimum,
644 3819 698 3876 sed
716 3834 757 3874 ex
776 3818 929 3874 moderato
946 3825 977 3875 et
995 3819 1175 3892 competenti
1194 3818 1298 3876 habitu
1316 3835 1414 3893 erant,

214 3913 290 3988 4oin
312 3911 420 3985 quibus
445 3907 518 3965 nihil
544 3906 639 3980 potuit
662 3905 759 3962 notari
783 3904 931 3962 nouitatis.
977 3904 1039 3962 Sed
1064 3922 1120 3961 nec
1145 3905 1247 3963 faleris
1268 3924 1345 3964 aum
1365 3911 1414 3968 vel

259 4007 384 4073 argento
397 3993 579 4069 fulgentibus
591 4011 686 4066 equos
699 4009 772 4050 suos
784 3991 885 4050 ornari
897 3992 997 4062 voluit,
1009 4010 1065 4050 nec
1084 3993 1244 4050 mutatoria
1254 3996 1413 4069 superflua

259 4085 468 4153 circumferre3
491 4098 551 4139 non
570 4081 667 4138 solum
686 4096 829 4153 pompam
845 4079 951 4148 vitans,
966 4080 1022 4137 sed
1040 4079 1130 4137 etiam
1148 4081 1260 4138 timens
1278 4099 1320 4139 ne
1337 4101 1412 4158 pau·

291 4232 301 4263 ¹
318 4231 348 4282 E.
359 4229 568 4281 elemosinorum.
634 4225 646 4256 ¹
661 4242 711 4278 orn.
724 4227 752 4276 in
765 4225 796 4276 B.
861 4224 872 4255 ⁸
889 4226 920 4276 B.
932 4234 1155 4279 consumerentur.
1235 4227 1246 4258 ⁴
1263 4228 1295 4278 B.
1305 4231 1412 4282 diceret

258 4298 270 4329 a
284 4313 335 4347 om,
444 4295 455 4326 ⁰
472 4293 502 4343 Β.
515 4293 660 4358 paropside.
762 4290 773 4321 ¹
790 4307 820 4341 ao
832 4291 868 4341 Sl.
973 4293 983 4322 ⁸
1000 4293 1030 4340 B.
1042 4307 1147 4355 quoque
1159 4308 1198 4358 pr.
1302 4296 1314 4326 ⁸
1330 4296 1368 4346 Sl.
1381 4298 1411 4348 Β.

259 4360 396 4426 hospitale.
465 4359 485 4391 ¹⁰
502 4357 662 4411 Eeiusdem.
730 4355 749 4388 ²¹
768 4357 897 4410 ornioB.
962 4356 1124 4422 ”aprum
1190 4359 1412 4424 ”queominli
