3044 4894
257 267 332 359 bc
356 264 520 355 &anco
544 265 735 369 tubanas
758 277 807 358 ac
831 269 1069 359 barnam.
1186 281 1233 368 63

78 483 191 538 pacem
205 468 369 524 tenendam
390 477 501 527 metam
517 477 652 527 statuens
665 471 835 544 assignauit,
849 472 896 528 et¹
913 472 964 545 qui
986 474 1063 529 hanc
1080 490 1185 544 pacem
1203 472 1236 529 in

77 553 184 627 aliquo
197 555 245 611 vel
258 573 331 628 erga
343 556 474 628 aliquem
484 556 594 613 violare
607 569 806 630 presumeret,
814 569 882 616 octo
893 561 986 617 libras
999 561 1126 618 ecclesie
1139 561 1236 616 sancti

79 640 229 699 iohannis
254 644 450 715 persolueret
489 644 547 714 Qui
569 643 645 700 infra
665 655 727 702 tres
747 664 851 704 cruces
873 648 1008 721 lapideas
1026 650 1063 704 ad
1081 648 1235 704 introitum

78 728 242 787 Beuerlaci
251 732 290 787 ab
298 733 406 788 eodem
419 749 491 805 rege
505 741 621 788 erectas
634 750 741 805 pacem
757 735 885 802 violaret,
898 735 1130 809 vigintiquatuor
1142 736 1234 792 libras

76 817 280 888 persolueret
318 819 376 890 Qui
392 837 464 876 vero
482 820 560 876 infra
579 819 757 877 cimiterium
774 839 881 894 pacem
901 823 1028 880 ecclesie
1050 823 1234 896 infringeret,
1249 837 1263 888 5

76 907 273 978 septuaginta
285 907 360 963 duas
372 907 464 964 libras
476 908 650 980 persoluere
662 917 810 966 artaretur
821 927 878 983 pro
891 911 1101 968 satisfactione.
1133 911 1171 967 Et
1183 911 1234 984 qui

75 992 106 1048 in
121 994 279 1066 presentia
292 995 483 1067 reliquiarum
498 997 621 1068 ¹nephas
640 996 698 1054 tale
717 1014 808 1053 ausus
826 997 914 1055 fuerit
933 999 1127 1069 committere,
1140 998 1234 1055 solius

75 1081 126 1137 dei
159 1082 345 1138 miserationi
375 1101 409 1139 ac
440 1083 547 1140 iudicio
572 1084 803 1141 committendus
828 1084 866 1141 sit
891 1094 921 1142 et
946 1086 1131 1157 iudicandus,
1157 1086 1234 1142 sicut

76 1169 215 1226 enormis
236 1171 362 1244 languor
379 1171 527 1228 immensa
545 1171 695 1228 curatione
714 1171 879 1245 indigenst

555 1328 580 1387 il
592 1325 730 1383 Narratio
738 1325 757 1382 ⁸.

115 1428 185 1498 Illis
205 1441 313 1498 diebus
330 1441 481 1498 Cedwalla
492 1458 548 1497 rex
561 1439 798 1496 Occidentalium
813 1439 978 1510 Saxonum,
991 1458 1059 1498 cum
1076 1440 1159 1514 genti
1176 1459 1231 1498 sue
1249 1460 1280 1495 ιο

75 1530 198 1587 duobus
220 1531 308 1586 annis
327 1538 450 1586 strenue
470 1527 640 1602 prefuisset,
661 1527 763 1583 relicto
782 1527 909 1600 imperio
933 1537 1058 1600 propter
1078 1527 1232 1586 dominum

76 1635 269 1690 regnumque
294 1626 484 1691 perpetuum,
508 1616 638 1672 Romam
666 1614 758 1683 venit,
784 1614 839 1670 hoc
872 1615 927 1671 sibi
952 1614 1045 1687 glorie
1070 1616 1232 1689 singularis

74 1705 257 1762 desiderans
288 1704 413 1777 adipisci
436 1713 468 1760 vt
498 1705 536 1759 ad
567 1702 670 1759 limina
694 1701 895 1774 apostolorum
933 1702 1013 1758 fonte
1046 1704 1232 1776 baptismatis

75 1793 262 1864 ablueretur,
275 1793 307 1849 in
325 1811 385 1865 quo
406 1793 470 1848 solo
490 1790 634 1847 didicerat
652 1789 756 1862 generi
775 1790 906 1845 humano
918 1789 978 1846 vite
997 1791 1116 1848 celestis
1129 1800 1231 1864 patere

74 1880 252 1952 ingressum
265 1901 271 1950 ;
286 1880 471 1936 simuletiam
484 1895 612 1951 sperans
620 1877 690 1950 quia
702 1895 773 1933 mox
781 1877 956 1949 baptizatus,
965 1895 1055 1934 carne
1066 1879 1180 1936 solutus
1193 1882 1231 1937 ad
1248 1899 1277 1951 15

75 1976 183 2024 eterna
208 1967 317 2040 gaudia
341 1968 399 2022 iarn
425 1967 556 2023 mundus
576 1965 724 2021 transiret.
771 1965 808 2020 Et
828 1964 938 2021 factum
962 1974 1008 2022 est
1029 1966 1077 2022 ita.
1115 1967 1232 2026 Nama

75 2054 186 2127 Sergio
199 2072 279 2127 papa
292 2054 459 2127 baptizatus
475 2054 523 2110 die
537 2051 652 2109 sabbati
665 2053 786 2126 pasche,
794 2070 874 2108 anno
886 2053 998 2109 domini
1011 2055 1231 2112 sexcentesimo

75 2142 263 2216 octogesimo
275 2160 365 2212 nono,
377 2141 408 2197 in
427 2141 503 2198 albis
519 2141 616 2198 adhuc
638 2141 753 2214 positus
769 2141 912 2213 languore
928 2141 1095 2214 corripitur,
1109 2151 1138 2198 et
1157 2144 1230 2200 duo-

75 2230 195 2287 decimo
221 2230 365 2287 kalendas
390 2229 460 2285 maii
486 2247 504 2284 a
529 2246 620 2285 carne
645 2229 769 2298 solutuS,
793 2230 950 2284 beatorum
975 2247 1069 2302 regno
1095 2229 1125 2286 in
1157 2231 1230 2288 celis

75 2317 216 2374 sociatur.
254 2317 308 2374 Cui
333 2317 423 2374 etiarn
449 2325 586 2388 ternpore
611 2317 798 2389 baptismatis
829 2334 906 2389 papa
934 2326 1117 2374 memoratus
1149 2319 1229 2375 Petri
1245 2335 1276 2370 ιο

75 2421 189 2462 nomen
209 2405 361 2479 imposuit,
373 2413 405 2462 vt
419 2404 593 2461 beatissimo
612 2404 815 2476 apostolorum
834 2403 970 2477 principi,
984 2407 1022 2462 ad
1036 2405 1119 2462 cuius
1132 2424 1229 2464 sacra-

74 2492 229 2550 tissimum
249 2511 358 2566 corpus
380 2511 398 2548 a
419 2493 529 2549 finibus
554 2500 634 2548 terre
664 2491 714 2564 pio
735 2493 842 2548 ductus
863 2509 966 2549 amore
987 2502 1120 2563 venerat,
1140 2494 1229 2551 etiam

74 2581 208 2638 nominis
228 2579 324 2654 ipsius
335 2580 484 2637 consortio
500 2581 680 2652 iungeretur.
718 2579 862 2652 Sepultus
876 2589 923 2636 est
940 2588 1040 2636 autem
1059 2579 1089 2637 in
1105 2581 1230 2638 ecclesia

75 2670 172 2726 sancti
188 2669 269 2726 Petri
283 2668 418 2742 apostoli,
431 2685 510 2724 anno
530 2666 616 2724 etatis
635 2685 689 2723 sue
701 2666 862 2723 tricesimo.
909 2667 1070 2738 ⁴(Iubente
1089 2669 1228 2741 pontifice

75 2757 266 2832 epitaphium
281 2756 312 2813 in
330 2757 397 2813 eius
415 2763 618 2826 monumento,
631 2754 661 2810 in
675 2772 734 2826 quo
754 2763 783 2809 et
799 2759 943 2811 memoria
955 2756 1122 2812 deuotionis
1135 2756 1228 2829 ipsius
1244 2768 1274 2819 25

75 2844 135 2902 fixa
148 2863 205 2919 per
217 2845 318 2902 secula
330 2852 474 2914 maneret,
486 2844 543 2899 hoc
556 2843 645 2898 modo
658 2843 801 2914 scriptum
814 2850 879 2898 est:

276 2959 393 3020 Culmen,
412 2974 483 3022 opes,
501 2958 627 3017 sobolem,
645 2945 770 3019 pollentia
786 2971 874 3018 regna,
893 2957 1044 3020 triumphos,

307 3033 430 3094 Exuuiss,
449 3047 581 3095 proceres,
598 3031 691 3090 menia,
709 3038 800 3090 castra,
818 3031 894 3092 lares,

276 3107 384 3170 Queque
401 3116 501 3171 patrum
518 3107 599 3156 virtus
617 3113 643 3155 et
659 3121 710 3168 que
728 3113 895 3167 congesserat
911 3106 978 3168 ipse,

308 3181 424 3232 Ceudal⁵
440 3183 600 3244 armipotens
616 3181 691 3242 liquit
708 3195 796 3228 amore
814 3180 866 3238 dei,

274 3257 309 3306 vt
326 3257 430 3306 Petrum
448 3259 588 3318 sedemque
606 3255 677 3303 Petri
693 3268 741 3303 rex
758 3259 877 3301 cerneret
894 3253 999 3316 hospes,
1097 3295 1099 3298 .

309 3331 388 3380 Cuius
404 3331 475 3380 fonte
491 3345 577 3378 meras
592 3334 706 3378 sumeret
722 3327 805 3376 almus
821 3343 901 3389 aquas
980 3319 989 3339 ⁹

276 3405 512 3468 Splendilicumque
529 3403 602 3452 iubar
618 3402 729 3452 radianti
746 3410 864 3464 carperet
881 3403 981 3462 hausto,

308 3478 348 3528 Ex
365 3496 416 3541 quo
433 3480 549 3528 viuilicus
567 3477 652 3540 fulgor
667 3477 760 3539 vbique
777 3478 844 3536 liuit;

275 3553 500 3618 Percipiens[que]
518 3552 604 3601 alacer
621 3551 737 3601 rediuiue
754 3552 853 3613 premia
869 3551 930 3611 vite,

308 3627 472 3676 Barbaricam
490 3627 596 3685 rabiem,
614 3642 708 3676 nomen
726 3633 752 3675 et
770 3627 830 3675 inde
848 3641 922 3675 suum

275 3703 426 3751 Conuersus
444 3699 589 3750 conuertit⁸
606 3716 696 3760 ouans,
716 3701 871 3762 Peli-umque
888 3698 973 3748 vocari

308 3777 416 3838 Sergius
432 3776 540 3824 antistes
558 3775 638 3836 iussit,
656 3781 683 3823 vt
701 3775 756 3836 ipse
773 3783 848 3836 pater

276 3850 359 3900 Fonte
377 3851 554 3899 renascentis:
572 3865 648 3912 quem
666 3849 763 3898 Chn'sti
780 3848 862 3910 gratia
878 3861 993 3910 purgans

307 3924 429 3974 Protinus
446 3921 574 3973 ablatum⁷
592 3924 663 3972 vexit
680 3923 707 3972 in
725 3938 784 3971 arce
802 3921 861 3984 poli.

274 3998 339 4048 Mira
356 3999 421 4048 fides
438 3997 517 4060 regis,
533 3997 669 4048 clementia
684 3997 794 4046 maxima
811 3995 914 4056 Christi,

297 4075 376 4123 Cuius
393 4073 529 4123 consilium
546 4072 631 4122 nullus
648 4073 719 4122 adire
736 4073 838 4134 potestl

108 4181 165 4233 ¹01.
177 4191 213 4231 ut.
291 4180 349 4231 ¹01.
362 4181 468 4244 indiget.
545 4178 650 4229 ’From
662 4179 743 4240 Beda,
756 4177 791 4228 H.
805 4177 842 4240 E,
854 4193 878 4227 ν.
892 4191 914 4238 7.
996 4173 1080 4224 *The
1092 4172 1227 4252 following

75 4248 287 4365 'effiafflffl'
299 4247 331 4299 V.
342 4247 368 4313 7)
382 4247 404 4297 is
416 4262 466 4296 om.
478 4246 505 4295 in
516 4245 547 4297 T.
558 4246 610 4295 aad
621 4246 733 4295 Tanner.
778 4243 788 4273 ⁸
805 4244 834 4294 E.
848 4241 953 4305 Cedyal.
1032 4239 1042 4269 ⁶
1059 4240 1088 4290 E.
1100 4247 1226 4290 conuerti.
