3046 4902
267 333 341 422 634
697 320 901 424 appatuit·
927 321 979 400 ll.

265 526 390 584 collectis
414 527 443 582 in
467 541 554 582 vnum
575 523 706 581 iratribus
729 535 758 582 et
781 523 951 596 quibusdam
974 522 1062 592 laicis,
1085 521 1230 578 bominem
1260 523 1361 579 statuit
1387 521 1413 578 in

265 609 398 678 medium,
422 609 501 665 cuius
520 607 659 664 relacione
680 607 736 663 iarn
759 608 836 664 dicta
859 606 1035 678 replicantur,
1055 615 1083 663 et
1107 605 1227 677 plurium
1251 607 1414 662 testimonio

265 693 472 760 confirmantur,
484 692 522 746 ad
534 691 648 748 laudem
659 701 687 747 et
699 691 817 761 gloriam
828 691 902 761 regis
918 707 1016 760 regum
1029 699 1057 746 et
1073 689 1163 745 sanni
1177 689 1326 746 Edmundi
1344 691 1415 760 regis

264 787 292 832 et
305 774 426 832 martiris
437 773 559 846 gloriosi.

297 933 348 990 Da
366 935 543 990 Raoucrao
562 943 646 989 rruo
665 933 823 1004 Huconrs,
842 945 884 989 nn
902 945 1031 990 noman
1048 945 1195 990 numnis
1213 944 1382 989 mannam

593 1051 656 1106 lrca
668 1049 743 1105 idem
752 1061 862 1122 tempus
872 1051 973 1122 profuit
983 1051 1080 1106 martir
1086 1061 1113 1106 et
1121 1059 1236 1104 sanctus
1244 1050 1417 1106 Edmnndus

627 1133 739 1190 cuidam
759 1135 909 1206 Radulplro
929 1135 1058 1204 Hugonis
1077 1133 1142 1200 tilio,
1160 1133 1260 1189 dolore
1281 1134 1415 1189 dencium

266 1211 403 1268 laboranti
427 1213 516 1270 tribus
539 1215 760 1272 ebdomadibus:
791 1216 836 1272 cui
860 1217 928 1272 dum
952 1217 1031 1272 taber
1051 1215 1165 1272 adesset
1188 1225 1219 1270 vt
1242 1233 1279 1270 ex
1302 1217 1418 1272 maxilla

265 1297 380 1352 dentem
409 1297 540 1354 nociutun
566 1301 705 1368 euelleret,
733 1299 858 1355 infirmus
888 1299 982 1354 subito
1012 1314 1121 1354 memor
1146 1298 1238 1353 sancti
1269 1299 1417 1354 Edmundi

266 1377 408 1450 paululum
421 1381 544 1437 substitit
555 1391 583 1437 et
599 1381 628 1440 in
645 1393 713 1437 uoto
729 1381 821 1438 sancti
830 1381 934 1454 pariter
947 1393 977 1437 et
991 1381 1097 1436 honore
1113 1380 1262 1436 candelam
1277 1381 1345 1437 fecit
1358 1381 1418 1436 fieri

223 1461 299 1519 read
314 1459 356 1515 sui
369 1461 432 1516 colli
444 1473 473 1516 et
486 1463 586 1534 capitis
595 1465 754 1530 moduinum
767 1482 822 1536 quo
829 1465 912 1533 facto,
920 1481 986 1519 cum
997 1463 1115 1534 propriis
1125 1463 1256 1518 dentibus
1266 1464 1418 1535 requiescit

264 1542 380 1615 dulcius,
388 1555 416 1599 et
428 1547 511 1617 plena
523 1546 578 1602 fide
591 1547 689 1620 recipit
702 1547 884 1606 valitudinem
893 1547 1002 1603 meritis
1016 1546 1105 1602 sancti
1117 1545 1238 1602 martiris
1252 1547 1411 1602 Edmundi.

237 1057 252 1107 ⁵
300 1085 497 1145 Hemonam.

394 1709 444 1764 Da
462 1721 600 1767 nuncto
618 1723 782 1768 ctnusnarr
801 1722 947 1767 nouacrn
965 1721 1126 1768 onnmrnn
1146 1721 1223 1766 caso
1242 1723 1284 1765 aa

665 1807 865 1851 urnncuuoss
882 1805 1013 1850 munao.

589 1913 677 1968 Rater
700 1911 817 1982 quidam
835 1909 1063 1981 congregacionis
1083 1909 1171 1966 sancti
1191 1910 1340 1966 Edmundi
1362 1911 1419 1967 iam

299 1945 494 2006 Hmm
623 1994 670 2050 die
692 1994 779 2050 fenne
802 1993 921 2049 decurso
944 1991 1050 2049 domini
1074 1993 1185 2061 natalis,
1206 1994 1278 2047 dum
1299 1993 1419 2052 instant

265 2073 404 2142 pulsando
416 2077 574 2146 vespertina
589 2076 708 2147 synaxis,
720 2093 871 2133 accurrens
888 2075 1007 2132 faunu
1024 2093 1059 2132 ex
1073 2077 1193 2132 claustro
1209 2076 1248 2131 ad
1261 2078 1418 2132 oratorium
1506 2137 1507 2142 χ

224 2179 253 2232 ¹5
266 2155 365 2211 maius
377 2172 427 2226 pro
439 2157 626 2230 disposicione
638 2168 758 2232 quatuor
775 2169 922 2216 cantorum
940 2175 1010 2230 qnos
1025 2159 1085 2230 ipse
1099 2159 1211 2214 coraula
1227 2159 1419 2230 dispositurus

266 2247 327 2294 erat
345 2240 383 2294 ad
404 2257 536 2312 vesperas
558 2243 595 2299 ad
617 2243 770 2314 regendum
789 2243 923 2298 chorum:
949 2242 1017 2297 dum
1038 2258 1188 2298 ascensum
1209 2241 1294 2297 iniret
1313 2260 1419 2298 nouem
1506 2249 1507 2264 ³

265 2321 411 2391 graduum,
424 2323 528 2395 inpegit
541 2327 569 2382 in
585 2344 649 2382 eum
665 2327 749 2381 turba
766 2328 965 2381 monachorum
981 2323 1134 2380 scolarium
1171 2325 1227 2396 Qui
1241 2335 1319 2380 terre
1330 2327 1419 2382 elisus

265 2404 342 2458 nullo
353 2406 439 2460 modo
451 2409 548 2465 valens
560 2410 713 2466 consistere
726 2409 853 2480 pedibus,
867 2407 951 2464 sentit
967 2425 1002 2463 ex
1018 2407 1124 2477 impetu
1140 2423 1222 2462 casus
1239 2408 1418 2464 collisionem

266 2486 373 2542 humeri
389 2487 492 2544 sinistri
510 2508 566 2562 qua
582 2501 660 2563 parte
676 2490 778 2548 cecidit
794 2499 878 2558 totus,
890 2491 1007 2546 saliente
1022 2488 1084 2560 ipso
1099 2490 1215 2546 humero
1236 2509 1270 2546 ex
1287 2491 1418 2548 iuncture

222 2567 329 2630 „loco
347 2571 469 2642 proprio.
507 2574 571 2642 Quo
589 2575 705 2630 fratrum
722 2573 860 2628 adiutorio
878 2575 979 2640 leuato,
995 2582 1024 2628 et
1041 2572 1079 2627 ad
1097 2573 1259 2628 vestiarium
1278 2574 1414 2641 deducto,
1506 2633 1507 2640 χ

266 2649 401 2708 tractibus
425 2653 599 2712 suauissimis
628 2667 658 2713 et
687 2656 792 2713 crebris
821 2655 944 2710 motibus
974 2655 1092 2710 trahitur
1114 2655 1268 2728 brachium,
1294 2657 1320 2712 si
1344 2659 1418 2715 forte

267 2735 397 2790 humerus
415 2737 452 2792 ad
467 2738 559 2793 loctnn
574 2739 700 2796 iuncture
718 2739 836 2794 resiliret
852 2738 1003 2810 proprium.
1040 2738 1087 2794 Sic
1104 2747 1132 2794 et
1150 2737 1201 2806 Εἰς
1220 2756 1255 2794 eo
1273 2739 1419 2797 resiliente

267 2817 379 2874 suauius
388 2836 418 2875 se
428 2821 514 2878 habet
525 2823 611 2879 irater
623 2823 704 2888 inde;
720 2834 762 2878 set
774 2833 868 2877 tamen
879 2831 908 2876 vt
920 2837 1035 2876 mancus
1048 2830 1125 2876 caret
1134 2822 1296 2876 eleuacione
1305 2822 1416 2878 brachii

265 2901 311 2957 vel
335 2919 443 2972 manus,
463 2921 520 2960 non
544 2907 641 2962 valens
666 2923 776 2961 sursum
796 2905 919 2973 tendere,
938 2920 991 2958 nec
1015 2921 1045 2958 re
1070 2921 1124 2974 pro·
1144 2903 1237 2974 aliqua
1260 2915 1417 2960 retrorsum

223 3007 253 3058 ²5
267 2983 415 3057 porrigere.
452 2987 559 3044 Anxius
584 3004 652 3060 ergo
675 2989 761 3044 frater
779 3005 831 3059 pro
854 2989 909 3043 hac
928 2986 1041 3054 lesione,
1062 2987 1181 3043 fideliter
1200 2997 1262 3042 orat
1283 2999 1418 3044 sanctum

267 3067 449 3125 Edmundum
461 3081 491 3125 vt
503 3089 552 3126 sue
563 3071 700 3127 miserans
713 3071 836 3136 lesionis,
849 3071 885 3125 ab
898 3088 932 3126 eo
949 3069 1102 3140 depelleret
1115 3069 1285 3126 anxietatem
1299 3073 1415 3128 doloris.

268 3151 361 3208 Huius
377 3163 494 3210 euentus
512 3155 631 3210 transito
646 3163 771 3226 tempore
789 3172 807 3210 a
822 3152 930 3209 domini
947 3154 1041 3208 natale
1061 3170 1146 3226 vsque
1164 3153 1201 3208 ad
1219 3153 1347 3209 medium
1365 3157 1416 3222 110,

267 3233 343 3292 idem
365 3236 451 3292 irater
475 3239 588 3294 elencus
613 3247 743 3293 sanctum
767 3253 833 3307 sepe
857 3233 972 3308 requirit
999 3245 1122 3290 atoentus
1152 3237 1296 3290 nocturnis
1328 3237 1414 3293 inter-

267 3319 439 3388 sticionibus,
460 3321 535 3376 bona
559 3321 615 3376 fide
637 3321 770 3392 propians
794 3320 832 3375 ad
857 3319 947 3374 sancti
968 3318 1097 3374 lecticam
1120 3318 1249 3384 martiris,
1268 3322 1416 3389 tangendo

221 3421 255 3472 30
268 3401 364 3457 dextra
388 3421 474 3458 manu
497 3414 624 3460 sanctam
648 3403 795 3458 marmoris
819 3403 945 3458 tabulam
969 3418 1159 3472 superquam
1182 3411 1298 3456 nouerat
1324 3405 1416 3458 saecu

266 3485 440 3558 requiescere
463 3488 591 3542 tumbam
615 3486 860 3559 preciosissimam,
880 3502 966 3558 quarn
986 3485 1054 3540 dun
1074 3493 1202 3554 tangeret
1225 3485 1326 3554 plenus
1350 3486 1417 3554 fide,

268 3569 364 3624 solitus
377 3578 437 3624 erat
450 3569 596 3626 humerum
611 3571 808 3642 smpulotenus
827 3585 891 3624 cum
907 3569 1006 3624 eadem
1020 3585 1105 3622 manu
1117 3568 1223 3634 tricare,
1238 3585 1295 3622 non
1313 3569 1417 3626 dubius

267 3661 367 3707 sancto
392 3653 545 3709 Edmundo
569 3653 741 3726 propiciante
767 3653 808 3708 sui
833 3650 937 3708 doloris
959 3651 1128 3706 anxietatem
1149 3669 1180 3707 se
1199 3668 1285 3722 posse
1308 3651 1417 3722 fugare.

268 3735 394 3790 Instante
407 3735 490 3806 igitur
502 3746 585 3792 nocte
603 3746 666 3808 post
686 3735 854 3792 dominicam
866 3734 958 3792 medie
970 3736 1019 3804 110,
1031 3734 1178 3807 appropiat
1193 3734 1269 3789 idem
1280 3735 1368 3792 irater
1379 3737 1419 3792 ed

223 3837 254 3888 35
267 3819 393 3873 tumbam
411 3819 532 3876 martiris
548 3831 673 3892 ternpore
691 3818 917 3890 matuti[n]orum
932 3836 988 3891 qua
1000 3817 1082 3874 vellet
1095 3817 1268 3873 deuocione:
1291 3827 1320 3873 et
1339 3829 1419 3876 tactu

268 3919 317 3956 sue
330 3919 429 3958 manus
442 3902 559 3975 percipit
572 3903 609 3958 ab
617 3903 719 3960 eodem
731 3920 871 3959 marmore
883 3912 992 3973 gratum
1002 3901 1118 3974 liquoris
1126 3901 1257 3956 sudorem
1264 3902 1418 3960 desudare

269 3987 444 4042 Desudatum
457 3987 561 4057 cogitat
574 4005 605 4042 se
618 4003 703 4042 manu
716 3987 830 4042 dextera
841 4003 925 4057 posse
938 3985 1076 4054 colligam,
1089 3985 1260 4056 collectoque
1272 3985 1419 4041 dolentem

267 4071 415 4125 humerum
435 4069 551 4141 perungi
576 4071 688 4126 debere.
726 4071 825 4140 ltaque
849 4087 867 4125 a
890 4067 1004 4124 sinistra
1027 4078 1107 4138 parte
1126 4066 1293 4137 corporiset
1314 4067 1418 4139 capitis

267 4152 364 4221 sancti,
383 4153 507 4224 psallens
527 4153 667 4225 psalmum
686 4152 812 4208 ‘Inclina
832 4149 963 4220 domine,’
983 4150 1121 4206 trahendo
1142 4149 1334 4222 tergendoque
1353 4169 1419 4206 cum

221 4255 254 4304 40
268 4251 353 4290 manu
372 4236 477 4307 colligit
494 4237 641 4292 marmoris
659 4253 757 4303 rorem,
772 4235 872 4292 exinde
890 4251 959 4306 sepe
976 4251 1134 4306 perungens
1152 4233 1210 4289 iam
1226 4233 1275 4288 diu
1295 4234 1418 4290 dolentis

267 4316 375 4370 humeri
387 4328 506 4386 panem.
543 4319 606 4388 Quo
618 4318 701 4388 lacto,
713 4319 944 4389 dextrorsumque
957 4333 1105 4389 progresso
1117 4315 1214 4372 itidem
1226 4317 1415 4387 perficiendo:

265 4396 376 4464 gracias
388 4399 441 4454 deo
460 4408 487 4454 et
502 4410 610 4470 sancto,
623 4417 740 4456 manum
751 4399 876 4457 extendit
889 4417 953 4456 cum
972 4399 1087 4456 brachio
1106 4415 1218 4456 sursum
1234 4400 1271 4455 ab
1288 4400 1417 4470 humero,
