3062 4876
101 280 327 348 usmetun]
354 265 428 360 Di
451 266 510 355 ἦ.
529 267 746 356 ῥῖῦηῑῑῐῐῐῦῦ
769 285 863 373 ttpt
883 278 922 357 tt
945 275 1136 376 mutim·
1181 281 1253 370 673

100 476 192 521 struat
202 467 247 522 vel
260 468 349 538 erigat
361 468 433 526 inira
445 469 548 527 limites
559 483 745 542 memoratos3
767 471 863 544 (Alex.
873 478 917 542 3²¹
926 491 989 528 cum
1002 472 1081 546 alr't‘s)
1094 476 1166 532 Item
1178 477 1254 548 quod

99 550 194 604 nullus
211 551 447 624 archiepiscopus,
460 554 608 624 episcopus
622 567 671 612 aut
689 573 786 612 eorum
799 557 927 613 officialis
939 557 968 612 in
980 560 1129 628 monacho,
1142 561 1253 628 clerico,

99 631 231 688 ministro
249 651 299 689 seu
317 635 390 692 laico
407 637 492 692 vllam
511 639 614 694 habeat
633 649 801 710 potestatem
814 640 858 696 vel
876 657 925 696 eos
943 640 1022 696 citari
1041 658 1090 696 seu
1110 643 1253 699 conueniri

97 715 195 782 saciat,
209 735 262 773 nec
274 719 400 774 ecclesiis
412 720 502 776 sancti
521 721 664 777 Edmundi
680 733 760 778 extra
775 734 896 795 quatuor
911 741 1007 780 cruces
1023 725 1162 794 predictas
1179 743 1254 782 noua

97 803 268 868 grauamina
278 801 412 873 inponere
421 814 577 874 presurnat;
598 807 660 861 Nec
670 806 784 877 aliquod
794 806 836 861 ius
845 805 898 862 sibi
907 805 1036 862 vendicet
1046 809 1280 878 processionems

97 884 286 955 sollempnem
298 886 437 956 exigendi,
449 889 494 943 vel
505 887 620 958 aliquod
632 889 754 944 officium
770 889 929 960 episcopale
946 890 975 945 in
992 890 1069 945 dicto
1081 893 1253 948 monasterio

96 967 264 1022 exercendi:
284 967 433 1038 (Celestius
451 977 495 1038 3⁰¹
507 978 535 1024 et
551 971 617 1039 alei)
650 974 699 1028 Set
717 973 793 1028 idem
812 973 1012 1028 monasterium
1030 973 1141 1043 crisma,
1160 977 1253 1032 oleum

96 1061 238 1119 sanctum,
249 1053 479 1110 consecraciones
491 1055 620 1110 altarium
632 1073 681 1112 seu
694 1056 880 1120 basilicarum,
889 1055 1120 1112 benediccionem
1130 1059 1251 1126 abbatis,

96 1132 297 1192 ordinaciones
315 1139 517 1193 monachorum
538 1155 587 1194 seu
605 1139 768 1194 clericorum
785 1148 814 1194 et
832 1148 927 1194 cetera
945 1139 1126 1209 episcopalia,
1144 1159 1163 1195 a
1184 1158 1251 1211 quo-

97 1233 221 1288 cumque
231 1220 351 1275 voluerit
366 1222 499 1291 episcopo
515 1222 647 1292 suscipiat
666 1221 822 1290 catholic03
845 1224 878 1278 ln
891 1221 1070 1292 suscipienda
1083 1241 1149 1280 vero
1165 1226 1250 1280 bene·
1266 1240 1297 1277 ro

97 1301 237 1372 diceione,
245 1305 334 1358 abbas
346 1304 415 1358 nulli
427 1304 638 1377 archiepiscopo
648 1307 691 1362 vel
704 1305 845 1377 episcopo,
853 1315 895 1360 set
908 1307 969 1361 solo
981 1307 1112 1360 Romano
1125 1307 1250 1378 pontifici

96 1385 295 1441 obedienciam
316 1387 460 1457 promittat
482 1391 526 1444 vel
545 1388 629 1444 faciat
648 1389 870 1460 professionem
897 1391 935 1444 Et
956 1389 1033 1460 quod
1052 1389 1135 1446 liceat
1154 1391 1250 1447 abbati

97 1467 220 1537 primam
239 1481 381 1525 tonsuram
400 1471 547 1527 monachis
564 1472 621 1527 suis
639 1483 668 1528 et
686 1471 793 1528 clericis
805 1473 870 1528 ville
888 1473 1021 1544 predicte,
1036 1473 1132 1541 (Alex.
1145 1473 1202 1542 qm)
1216 1492 1251 1530 ac

96 1552 188 1606 eciam
200 1569 298 1608 ornnes
309 1554 433 1609 minores
445 1555 556 1610 ordines
570 1555 639 1610 citra
651 1573 745 1612 sacros
757 1556 904 1611 monachis
913 1555 969 1612 suis
979 1556 1111 1626 predictis
1124 1559 1250 1614 conferre

96 1635 271 1705 temporibus
284 1637 436 1708 oportunis,
450 1637 644 1707 (Innocencius
655 1640 710 1694 III
715 1637 750 1709 ¹⁰)
781 1640 818 1694 Et
830 1640 994 1710 cuicumque
1006 1640 1139 1710 episcopo
1151 1643 1248 1698 catho—
1264 1660 1293 1712 ¹⁵

96 1717 152 1772 lico
172 1719 319 1775 licenciam
337 1722 407 1776 dare
428 1723 582 1778 monachos
601 1722 720 1793 predicti
741 1722 903 1778 monasterii
922 1722 1072 1776 ordinandi
1096 1724 1125 1777 in
1146 1723 1248 1780 eodem

96 1804 269 1859 monasterio
286 1814 315 1859 et
332 1805 456 1860 ecclesiis
474 1806 511 1861 ad
530 1805 620 1876 ipsum
638 1805 838 1861 monasterium
855 1805 938 1876 pleno
954 1805 1012 1860 iure
1025 1805 1247 1875 pertinentibus;

98 1886 170 1941 ltetn
189 1888 265 1958 quod
283 1888 366 1944 liceat
383 1888 480 1943 abbati
499 1889 529 1944 in
546 1889 752 1960 pontificalibus
771 1887 952 1956 ornamentis,
965 1888 1132 1960 ubicumque
1151 1889 1248 1946 diuina

96 1971 288 2040 celebrauerit,
300 1981 329 2028 et
346 1971 536 2043 episcopalem
554 1975 658 2044 populo
672 1973 739 2028 dare
758 1972 998 2038 benediccionem,
1012 1981 1103 2028 vestes
1118 1973 1247 2028 sacerdo·

94 2055 177 2120 tales,
191 2055 280 2124 pallas
292 2055 430 2121 altarium,
442 2066 471 2112 et
483 2057 640 2128 corporalia
651 2058 687 2112 ad
698 2073 777 2112 vsum
791 2055 952 2111 monasterii
965 2054 1015 2122 sui,
1025 2055 1206 2110 ecclesiarum
1218 2065 1247 2112 et
1262 2075 1293 2112 ιο

95 2139 266 2208 capellarum
288 2139 341 2194 sibi
362 2139 549 2194 subiectarum
571 2140 754 2208 benedicere;
784 2139 977 2207 (Innocentius
1000 2139 1048 2206 II)
1078 2140 1150 2194 ltern
1170 2140 1247 2209 quod

94 2221 244 2292 episcopus
263 2221 443 2277 norwicensis
460 2223 592 2278 abbatem
609 2223 699 2279 sancti
714 2223 858 2278 Edmundi
874 2239 932 2276 non
946 2221 1082 2290 molestet,
1100 2238 1191 2293 neque
1210 2224 1246 2279 de

95 2305 261 2360 ordinandis
273 2305 418 2361 monachis
430 2305 458 2360 in
472 2307 595 2362 ecclesiis
608 2307 646 2362 ad
659 2307 749 2376 ipsum
762 2305 961 2361 monasterium
978 2303 1181 2375 pertinentibus
1193 2321 1246 2362 nec

96 2388 133 2442 de
145 2387 207 2443 aliis
220 2389 311 2459 ipsum
324 2388 479 2460 inquietare
491 2399 644 2460 presumat.
671 2389 765 2459 (Alex.
779 2387 855 2458 Hm)
879 2387 909 2444 Si
922 2387 984 2459 quis
997 2405 1065 2442 vero
1077 2388 1129 2443 hec
1140 2398 1246 2444 statuta
1320 2407 1322 2410 ·

95 2471 132 2526 de
145 2472 314 2527 monasterio
328 2471 419 2527 sancti
438 2472 582 2528 Edmundi
599 2473 748 2528 temerario
760 2489 829 2528 ausu
842 2471 1035 2528 contaminare
1047 2471 1245 2542 presumpserit
1261 2489 1290 2541 ²5

94 2563 144 2620 aut
156 2555 315 2624 infringere,
327 2556 516 2612 anathematis
528 2557 629 2627 laqueo
641 2573 671 2612 se
684 2557 849 2612 innodatum
861 2566 889 2612 et
902 2555 1005 2611 iudicio
1021 2555 1133 2625 superni
1147 2556 1246 2612 iudicis

95 2639 276 2708 plectendum
291 2657 351 2695 esse
366 2650 527 2710 cognoscat,
539 2657 575 2695 ac
591 2641 736 2711 potestatis
753 2640 922 2712 honorisque
934 2640 977 2696 sui
990 2639 1128 2710 dignitate
1141 2651 1245 2706 careat,

94 2738 230 2791 reumque
242 2739 272 2778 se
284 2722 381 2777 diuino
394 2723 497 2778 iudicio
510 2723 626 2779 existere
644 2733 796 2794 cognoscat
808 2733 836 2779 et
848 2742 866 2780 a
879 2723 1066 2778 sacratissimo
1082 2739 1245 2793 corporeae

94 2805 232 2876 sanguine
252 2806 297 2861 dei
318 2805 426 2861 domini
445 2806 629 2876 redemptoris
656 2807 739 2861 lhesu
765 2806 868 2861 Christi
892 2807 999 2861 alienus
1023 2806 1080 2874 fiat,
1104 2815 1190 2876 atque
1216 2805 1244 2860 in

94 2899 221 2944 extremo
233 2889 361 2945 examine
374 2889 498 2945 districte
510 2889 611 2944 vlcioni
625 2889 777 2944 subiaceat.
790 2889 954 2959 (Adrianus
964 2894 992 2942 et
1001 2889 1086 2944 Alex.
1099 2905 1162 2942 cum
1175 2889 1244 2943 altis
1258 2908 1290 2958 ³0

93 2971 325 3043 lre'cpresm'ptrs)
355 2971 453 3027 Cuntis
464 2981 558 3028 autem
572 2973 664 3028 eidem
676 2971 846 3027 monasterio
857 2971 946 3026 sancti
959 2970 1104 3026 Edmundi
1120 2987 1170 3026 sua
1182 2969 1245 3027 iura

94 3056 278 3121 senuntibus,
294 3065 322 3110 et
341 3057 416 3111 bona
434 3073 484 3111 sua
502 3057 539 3111 ad
559 3055 809 3126 amplificationem
826 3054 951 3110 eiusdem
971 3053 1176 3108 conserentibus
1194 3063 1243 3110 aut

94 3139 221 3193 conferre
242 3139 436 3195 studentibus:
459 3139 494 3194 sit
512 3157 565 3211 pax
585 3139 691 3194 domini
710 3137 797 3193 nostri
818 3138 901 3192 lhesu
923 3136 1024 3192 Christi
1043 3147 1070 3192 et
1089 3137 1242 3206 apostolice

93 3221 302 3277 benediccionis
313 3222 416 3292 gracia,
429 3223 561 3293 quatinus
574 3233 601 3278 et
613 3222 659 3278 hic
671 3223 790 3278 fructum
807 3222 881 3276 bone
898 3218 1022 3275 accionis
1036 3219 1201 3290 percipiant,
1213 3229 1242 3276 et

94 3305 166 3373 apud
189 3304 346 3361 districtum
371 3305 492 3361 iudicem
513 3306 619 3376 premia
643 3317 739 3362 eterne
760 3305 839 3376 pacis
859 3315 889 3360 et
909 3303 1028 3374 gloriam
1048 3302 1242 3360 retribucionis
1255 3317 1287 3369 35

94 3389 247 3444 inueniant.
268 3389 405 3458 (Clemens
423 3388 477 3458 5¹¹¹)
497 3391 604 3445 Omnes
616 3391 668 3445 has
681 3389 824 3445 libertates
840 3397 868 3444 et
886 3386 1076 3443 immunitates
1088 3403 1106 3442 a
1118 3387 1242 3444 romanis

93 3471 271 3541 pontificibus
288 3471 348 3527 siue
363 3487 413 3542 per
429 3471 575 3543 priuilegia
593 3489 642 3528 seu
661 3473 731 3528 alias
750 3471 943 3542 indulgencias
960 3470 1132 3526 monasterio
1151 3471 1242 3527 sancti

94 3555 239 3610 Edmundi
254 3571 412 3623 concessas,
425 3572 535 3611 necnon
554 3556 696 3612 libertates
714 3567 743 3611 et
760 3555 955 3626 exempciones
973 3555 1142 3610 secularium
1160 3572 1241 3610 esac-

93 3639 205 3693 cionurn
219 3655 237 3693 a
249 3639 368 3707 regibus,
376 3639 549 3709 principibus
558 3650 585 3695 et
595 3639 657 3694 aliis
667 3640 770 3695 Christi
778 3639 907 3695 fidelibus
913 3638 1006 3694 eidem
1015 3638 1186 3694 monasterio
1198 3637 1243 3692 in·

93 3721 192 3788 dultas,
202 3737 277 3791 papa
286 3723 416 3777 Clemens
424 3723 536 3792 quintus
543 3722 707 3778 aumoritate
719 3723 875 3793 apostolica
885 3721 1060 3778 confirmauit
1069 3730 1098 3776 et
1107 3721 1182 3777 bulla
1190 3737 1240 3777 sua
1253 3739 1287 3791 40

94 3805 284 3872 communiuit,
292 3815 320 3860 et
332 3805 408 3875 quod
420 3806 538 3860 abbates
550 3805 701 3876 priuilegiis
715 3805 772 3860 suis
784 3815 905 3873 vtantur,
919 3805 983 3860 licet
996 3803 1038 3858 vsi
1052 3820 1109 3858 non
1122 3803 1231 3859 fuerint.

127 3889 177 3944 Set
203 3897 299 3944 tamen
322 3887 482 3943 huiusmodi
506 3888 679 3945 libertatibus
703 3889 842 3958 regalibus
866 3898 894 3944 et
915 3887 1063 3959 papalibus
1090 3886 1241 3958 priuilegiis

93 3987 149 4026 non
167 3971 354 4040 obstantibus,
369 3971 483 4043 quidam
501 3973 680 4028 norwicensis
699 3973 860 4026 Wllelmus
876 3973 1016 4026 Bateman
1032 3973 1145 4026 norm'ne
1156 3971 1240 4024 Bate·

93 4071 160 4108 man
174 4053 274 4120 dictus,
294 4055 368 4111 cirea
389 4071 495 4110 annum
510 4055 618 4110 domini
637 4053 859 4125 uncccestitij.
878 4055 1021 4110 libertates
1041 4053 1102 4109 illas
1123 4063 1152 4109 et
1172 4069 1240 4109 con-

93 4137 232 4192 cessiones
253 4155 348 4207 regum
368 4138 538 4192 monasterio
557 4137 646 4192 sancti
668 4138 813 4192 Edmundi
832 4153 989 4205 concessas,
1009 4137 1239 4194 confirmaciones
1252 4157 1284 4208 4⁵

93 4219 238 4290 priuilegia
255 4220 358 4290 pariter
375 4231 402 4276 et
421 4220 615 4291 exempciones
634 4237 806 4275 summorum
824 4219 998 4291 pontificum,
1012 4237 1062 4291 per
1079 4237 1110 4276 se
1128 4231 1156 4276 et
1174 4237 1239 4277 suos

93 4302 255 4358 multimode
273 4303 348 4374 cepit
365 4303 536 4374 inpugnare:
556 4315 584 4358 et
597 4302 731 4374 deinceps
748 4304 908 4374 perplures
927 4319 1017 4360 annos
1036 4305 1239 4374 subsequentes

125 4415 191 4455 VOI..
206 4415 236 4454 11.
640 4411 661 4453 X
674 4417 692 4454 Χ
