<?xml version="1.0" encoding="UTF-8"?>
<!DOCTYPE html PUBLIC "-//W3C//DTD XHTML 1.0 Transitional//EN"
    "http://www.w3.org/TR/xhtml1/DTD/xhtml1-transitional.dtd">
<html xmlns="http://www.w3.org/1999/xhtml" xml:lang="en" lang="en">
 <head>
  <title>
</title>
<meta http-equiv="Content-Type" content="text/html;charset=utf-8" />
  <meta name='ocr-system' content='tesseract 3.04.00' />
  <meta name='ocr-capabilities' content='ocr_page ocr_carea ocr_par ocr_line ocrx_word'/>
</head>
<body>
  <div class='ocr_page' id='page_1' title='image "./novalegendaangl00wordgoog/novalegendaangl00wordgoog_0275.png"; bbox 0 0 3008 4904; ppageno 0'>
   <div class='ocr_carea' id='block_1_1' title="bbox 257 231 1137 342">
    <p class='ocr_par' dir='ltr' id='par_1_1' title="bbox 257 231 1137 342">
     <span class='ocr_line' id='line_1_1' title="bbox 257 231 1137 342; baseline 0.014 -28"><span class='ocrx_word' id='word_1_1' title='bbox 257 243 329 314; x_wconf 77' lang='lat'><strong>26⁶</strong></span> <span class='ocrx_word' id='word_1_2' title='bbox 570 238 702 326; x_wconf 77' lang='lat' dir='ltr'><strong>muno</strong></span> <span class='ocrx_word' id='word_1_3' title='bbox 727 233 920 340; x_wconf 62' lang='lat' dir='ltr'><strong>tumus</strong></span> <span class='ocrx_word' id='word_1_4' title='bbox 945 231 1137 342; x_wconf 57' lang='lat' dir='ltr'><strong>annues</strong></span> 
     </span>
    </p>
   </div>
   <div class='ocr_carea' id='block_1_2' title="bbox 257 433 1423 514">
    <p class='ocr_par' dir='ltr' id='par_1_2' title="bbox 257 433 1423 514">
     <span class='ocr_line' id='line_1_2' title="bbox 257 433 1423 514; baseline 0.003 -20"><span class='ocrx_word' id='word_1_5' title='bbox 257 447 331 508; x_wconf 87' lang='lat' dir='ltr'><strong>turn,</strong></span> <span class='ocrx_word' id='word_1_6' title='bbox 340 439 378 495; x_wconf 87' lang='lat' dir='ltr'><strong>ad</strong></span> <span class='ocrx_word' id='word_1_7' title='bbox 391 453 441 495; x_wconf 88' lang='lat' dir='ltr'><strong>me</strong></span> <span class='ocrx_word' id='word_1_8' title='bbox 453 433 574 496; x_wconf 84' lang='lat' dir='ltr'><strong>deferre</strong></span> <span class='ocrx_word' id='word_1_9' title='bbox 586 455 625 496; x_wconf 90' lang='lat' dir='ltr'><strong>ne</strong></span> <span class='ocrx_word' id='word_1_10' title='bbox 636 438 806 508; x_wconf 80' lang='lat' dir='ltr'><strong>differas,vt</strong></span> <span class='ocrx_word' id='word_1_11' title='bbox 814 455 874 496; x_wconf 88' lang='lat' dir='ltr'><strong>vna</strong></span> <span class='ocrx_word' id='word_1_12' title='bbox 887 455 1005 496; x_wconf 89' lang='lat' dir='ltr'><strong>mecum</strong></span> <span class='ocrx_word' id='word_1_13' title='bbox 1018 439 1117 496; x_wconf 88' lang='lat' dir='ltr'><strong>invno</strong></span> <span class='ocrx_word' id='word_1_14' title='bbox 1130 437 1226 496; x_wconf 92' lang='lat' dir='ltr'><strong>loculo</strong></span> <span class='ocrx_word' id='word_1_15' title='bbox 1236 439 1423 514; x_wconf 88' lang='lat' dir='ltr'><strong>requiescat.</strong></span> 
     </span>
    </p>
   </div>
   <div class='ocr_carea' id='block_1_3' title="bbox 214 525 1499 4118">
    <p class='ocr_par' dir='ltr' id='par_1_3' title="bbox 255 525 1423 776">
     <span class='ocr_line' id='line_1_3' title="bbox 255 525 1423 596; baseline 0.003 -15"><span class='ocrx_word' id='word_1_16' title='bbox 255 525 345 596; x_wconf 88' lang='lat' dir='ltr'><strong>Quod</strong></span> <span class='ocrx_word' id='word_1_17' title='bbox 357 525 438 582; x_wconf 89' lang='lat' dir='ltr'><strong>enim</strong></span> <span class='ocrx_word' id='word_1_18' title='bbox 451 525 482 582; x_wconf 91' lang='lat' dir='ltr'><strong>in</strong></span> <span class='ocrx_word' id='word_1_19' title='bbox 496 526 642 583; x_wconf 89' lang='lat' dir='ltr'><strong>cimiterio</strong></span> <span class='ocrx_word' id='word_1_20' title='bbox 655 543 722 584; x_wconf 88' lang='lat' dir='ltr'><strong>meo</strong></span> <span class='ocrx_word' id='word_1_21' title='bbox 736 525 892 584; x_wconf 88' lang='lat' dir='ltr'><strong>humatum</strong></span> <span class='ocrx_word' id='word_1_22' title='bbox 906 527 978 583; x_wconf 89' lang='lat' dir='ltr'><strong>mihi</strong></span> <span class='ocrx_word' id='word_1_23' title='bbox 989 527 1065 584; x_wconf 91' lang='lat' dir='ltr'><strong>deus</strong></span> <span class='ocrx_word' id='word_1_24' title='bbox 1077 527 1320 584; x_wconf 90' lang='lat' dir='ltr'><strong>commendando</strong></span> <span class='ocrx_word' id='word_1_25' title='bbox 1333 528 1423 585; x_wconf 88' lang='lat' dir='ltr'><strong>dele-</strong></span> 
     </span>
     <span class='ocr_line' id='line_1_4' title="bbox 255 614 1423 689; baseline 0.002 -19"><span class='ocrx_word' id='word_1_26' title='bbox 255 623 349 686; x_wconf 89' lang='lat' dir='ltr'><strong>gerat,</strong></span> <span class='ocrx_word' id='word_1_27' title='bbox 364 614 495 670; x_wconf 91' lang='lat' dir='ltr'><strong>hominis</strong></span> <span class='ocrx_word' id='word_1_28' title='bbox 507 614 648 672; x_wconf 87' lang='lat' dir='ltr'><strong>violentia</strong></span> <span class='ocrx_word' id='word_1_29' title='bbox 660 632 678 671; x_wconf 87' lang='lat' dir='ltr'><strong>a</strong></span> <span class='ocrx_word' id='word_1_30' title='bbox 690 631 739 671; x_wconf 91' lang='lat' dir='ltr'><strong>me</strong></span> <span class='ocrx_word' id='word_1_31' title='bbox 753 616 887 689; x_wconf 86' lang='lat' dir='ltr'><strong>separari</strong></span> <span class='ocrx_word' id='word_1_32' title='bbox 900 631 960 671; x_wconf 90' lang='lat' dir='ltr'><strong>non</strong></span> <span class='ocrx_word' id='word_1_33' title='bbox 971 615 1116 672; x_wconf 68' lang='lat' dir='ltr'><strong>debebat!</strong></span> <span class='ocrx_word' id='word_1_34' title='bbox 1154 615 1292 688; x_wconf 86' lang='lat' dir='ltr'><strong>Surgens</strong></span> <span class='ocrx_word' id='word_1_35' title='bbox 1304 615 1355 672; x_wconf 82' lang='lat' dir='ltr'><strong>vir</strong></span> <span class='ocrx_word' id='word_1_36' title='bbox 1366 616 1423 672; x_wconf 92' lang='lat' dir='ltr'><strong>ille</strong></span> 
     </span>
     <span class='ocr_line' id='line_1_5' title="bbox 256 701 1423 776; baseline 0.002 -18"><span class='ocrx_word' id='word_1_37' title='bbox 256 713 286 758; x_wconf 91' lang='lat' dir='ltr'><strong>et</strong></span> <span class='ocrx_word' id='word_1_38' title='bbox 303 703 341 758; x_wconf 89' lang='lat' dir='ltr'><strong>ad</strong></span> <span class='ocrx_word' id='word_1_39' title='bbox 358 703 456 758; x_wconf 88' lang='lat' dir='ltr'><strong>locum</strong></span> <span class='ocrx_word' id='word_1_40' title='bbox 470 702 660 776; x_wconf 87' lang='lat' dir='ltr'><strong>designatum</strong></span> <span class='ocrx_word' id='word_1_41' title='bbox 678 701 869 776; x_wconf 83' lang='lat' dir='ltr'><strong>perueniens,</strong></span> <span class='ocrx_word' id='word_1_42' title='bbox 883 703 1039 760; x_wconf 84' lang='lat' dir='ltr'>occasione</span> <span class='ocrx_word' id='word_1_43' title='bbox 1057 701 1158 760; x_wconf 88' lang='lat' dir='ltr'><strong>habita</strong></span> <span class='ocrx_word' id='word_1_44' title='bbox 1173 712 1263 776; x_wconf 90' lang='lat' dir='ltr'><strong>caput</strong></span> <span class='ocrx_word' id='word_1_45' title='bbox 1282 703 1423 760; x_wconf 88' lang='lat' dir='ltr'><strong>martiris</strong></span> 
     </span>
    </p>

    <p class='ocr_par' dir='ltr' id='par_1_4' title="bbox 227 789 1424 1214">
     <span class='ocr_line' id='line_1_6' title="bbox 227 789 1422 863; baseline 0 -17"><span class='ocrx_word' id='word_1_46' title='bbox 227 789 452 863; x_wconf 61' lang='lat' dir='ltr'><strong>namplectens,</strong></span> <span class='ocrx_word' id='word_1_47' title='bbox 464 789 574 847; x_wconf 84' lang='lat' dir='ltr'><strong>festino</strong></span> <span class='ocrx_word' id='word_1_48' title='bbox 592 807 699 863; x_wconf 88' lang='lat' dir='ltr'><strong>gressu</strong></span> <span class='ocrx_word' id='word_1_49' title='bbox 719 791 842 846; x_wconf 92' lang='lat' dir='ltr'><strong>domum</strong></span> <span class='ocrx_word' id='word_1_50' title='bbox 861 791 957 847; x_wconf 85' lang='lat' dir='ltr'><strong>rediit</strong></span> <span class='ocrx_word' id='word_1_51' title='bbox 996 790 1034 848; x_wconf 86' lang='lat' dir='ltr'><strong>Et</strong></span> <span class='ocrx_word' id='word_1_52' title='bbox 1052 807 1122 847; x_wconf 88' lang='lat' dir='ltr'><strong>ecce</strong></span> <span class='ocrx_word' id='word_1_53' title='bbox 1141 791 1236 847; x_wconf 90' lang='lat' dir='ltr'><strong>sancti</strong></span> <span class='ocrx_word' id='word_1_54' title='bbox 1256 791 1422 848; x_wconf 79' lang='lat' dir='ltr'><strong>Cuthberti</strong></span> 
     </span>
     <span class='ocr_line' id='line_1_7' title="bbox 256 877 1422 952; baseline 0.001 -18"><span class='ocrx_word' id='word_1_55' title='bbox 256 877 460 950; x_wconf 83' lang='lat' dir='ltr'>sepulchrum,</span> <span class='ocrx_word' id='word_1_56' title='bbox 478 887 559 934; x_wconf 90' lang='lat' dir='ltr'><strong>motu</strong></span> <span class='ocrx_word' id='word_1_57' title='bbox 579 878 705 934; x_wconf 90' lang='lat' dir='ltr'><strong>interius</strong></span> <span class='ocrx_word' id='word_1_58' title='bbox 723 887 942 951; x_wconf 87' lang='lat' dir='ltr'><strong>perstrepente,</strong></span> <span class='ocrx_word' id='word_1_59' title='bbox 959 877 1025 936; x_wconf 88' lang='lat' dir='ltr'><strong>sine</strong></span> <span class='ocrx_word' id='word_1_60' title='bbox 1043 879 1188 952; x_wconf 90' lang='lat' dir='ltr'><strong>cuiusque</strong></span> <span class='ocrx_word' id='word_1_61' title='bbox 1207 894 1317 934; x_wconf 89' lang='lat' dir='ltr'><strong>manus</strong></span> <span class='ocrx_word' id='word_1_62' title='bbox 1336 887 1422 935; x_wconf 87' lang='lat' dir='ltr'><strong>tactu</strong></span> 
     </span>
     <span class='ocr_line' id='line_1_8' title="bbox 256 965 1423 1039; baseline -0.001 -16"><span class='ocrx_word' id='word_1_63' title='bbox 256 966 355 1023; x_wconf 89' lang='lat' dir='ltr'><strong>subito</strong></span> <span class='ocrx_word' id='word_1_64' title='bbox 376 965 487 1038; x_wconf 79' lang='lat' dir='ltr'><strong>aperiri</strong></span> <span class='ocrx_word' id='word_1_65' title='bbox 506 965 633 1035; x_wconf 89' lang='lat' dir='ltr'><strong>videtur,</strong></span> <span class='ocrx_word' id='word_1_66' title='bbox 652 974 682 1024; x_wconf 90' lang='lat' dir='ltr'><strong>et</strong></span> <span class='ocrx_word' id='word_1_67' title='bbox 701 965 868 1038; x_wconf 90' lang='lat' dir='ltr'><strong>composito</strong></span> <span class='ocrx_word' id='word_1_68' title='bbox 889 983 992 1022; x_wconf 85' lang='lat' dir='ltr'><strong>secum</strong></span> <span class='ocrx_word' id='word_1_69' title='bbox 1012 966 1118 1039; x_wconf 89' lang='lat' dir='ltr'><strong>capite,</strong></span> <span class='ocrx_word' id='word_1_70' title='bbox 1137 975 1307 1038; x_wconf 88' lang='lat' dir='ltr'><strong>spontaneo</strong></span> <span class='ocrx_word' id='word_1_71' title='bbox 1330 983 1423 1022; x_wconf 88' lang='lat' dir='ltr'><strong>more</strong></span> 
     </span>
     <span class='ocr_line' id='line_1_9' title="bbox 256 1041 1421 1127; baseline -0.001 -17"><span class='ocrx_word' id='word_1_72' title='bbox 256 1053 380 1111; x_wconf 88' lang='lat' dir='ltr'><strong>recludi.</strong></span> <span class='ocrx_word' id='word_1_73' title='bbox 452 1041 567 1113; x_wconf 90' lang='lat' dir='ltr'><strong>¹Circa</strong></span> <span class='ocrx_word' id='word_1_74' title='bbox 585 1069 698 1110; x_wconf 89' lang='lat' dir='ltr'><strong>annum</strong></span> <span class='ocrx_word' id='word_1_75' title='bbox 716 1053 831 1109; x_wconf 90' lang='lat' dir='ltr'><strong>domini</strong></span> <span class='ocrx_word' id='word_1_76' title='bbox 853 1053 1115 1127; x_wconf 80' lang='lat' dir='ltr'><strong>nongentesimum</strong></span> <span class='ocrx_word' id='word_1_77' title='bbox 1137 1069 1260 1121; x_wconf 89' lang='lat' dir='ltr'><strong>nonum,</strong></span> <span class='ocrx_word' id='word_1_78' title='bbox 1280 1052 1361 1110; x_wconf 89' lang='lat' dir='ltr'><strong>sicut</strong></span> <span class='ocrx_word' id='word_1_79' title='bbox 1387 1054 1421 1109; x_wconf 90' lang='lat' dir='ltr'><strong>in</strong></span> 
     </span>
     <span class='ocr_line' id='line_1_10' title="bbox 257 1140 1424 1214; baseline 0 -17"><span class='ocrx_word' id='word_1_80' title='bbox 257 1141 389 1199; x_wconf 89' lang='lat' dir='ltr'><strong>historiis</strong></span> <span class='ocrx_word' id='word_1_81' title='bbox 414 1140 532 1214; x_wconf 90' lang='lat' dir='ltr'><strong>legitur,</strong></span> <span class='ocrx_word' id='word_1_82' title='bbox 552 1157 622 1198; x_wconf 89' lang='lat' dir='ltr'><strong>ossa</strong></span> <span class='ocrx_word' id='word_1_83' title='bbox 647 1141 744 1198; x_wconf 87' lang='lat' dir='ltr'><strong>sancti</strong></span> <span class='ocrx_word' id='word_1_84' title='bbox 766 1140 902 1198; x_wconf 86' lang='lat' dir='ltr'><strong>Oswaldi</strong></span> <span class='ocrx_word' id='word_1_85' title='bbox 926 1141 1069 1198; x_wconf 88' lang='lat' dir='ltr'><strong>translata</strong></span> <span class='ocrx_word' id='word_1_86' title='bbox 1092 1151 1163 1198; x_wconf 91' lang='lat' dir='ltr'><strong>sunt</strong></span> <span class='ocrx_word' id='word_1_87' title='bbox 1188 1142 1226 1197; x_wconf 90' lang='lat' dir='ltr'><strong>de</strong></span> <span class='ocrx_word' id='word_1_88' title='bbox 1253 1140 1424 1213; x_wconf 78' lang='lat' dir='ltr'><strong>Burdenay</strong></span> 
     </span>
    </p>

    <p class='ocr_par' dir='ltr' id='par_1_5' title="bbox 214 1227 1424 1653">
     <span class='ocr_line' id='line_1_11' title="bbox 214 1227 1423 1302; baseline -0.004 -11"><span class='ocrx_word' id='word_1_89' title='bbox 214 1252 245 1291; x_wconf 84' lang='grc' dir='ltr'><strong>ιο</strong></span> <span class='ocrx_word' id='word_1_90' title='bbox 257 1246 353 1302; x_wconf 89' lang='lat' dir='ltr'><strong>vsque</strong></span> <span class='ocrx_word' id='word_1_91' title='bbox 366 1227 568 1299; x_wconf 88' lang='lat' dir='ltr'><strong>Glouemiam,</strong></span> <span class='ocrx_word' id='word_1_92' title='bbox 582 1247 637 1300; x_wconf 91' lang='lat' dir='ltr'><strong>per</strong></span> <span class='ocrx_word' id='word_1_93' title='bbox 651 1229 851 1286; x_wconf 87' lang='lat' dir='ltr'><strong>Ethelredum</strong></span> <span class='ocrx_word' id='word_1_94' title='bbox 869 1231 977 1286; x_wconf 90' lang='lat' dir='ltr'><strong>ducem</strong></span> <span class='ocrx_word' id='word_1_95' title='bbox 992 1229 1184 1298; x_wconf 75' lang='lat' dir='ltr'><strong>Marciorum,</strong></span> <span class='ocrx_word' id='word_1_96' title='bbox 1199 1227 1249 1285; x_wconf 89' lang='lat' dir='ltr'><strong>vbi</strong></span> <span class='ocrx_word' id='word_1_97' title='bbox 1269 1228 1300 1284; x_wconf 91' lang='lat' dir='ltr'><strong>in</strong></span> <span class='ocrx_word' id='word_1_98' title='bbox 1322 1229 1423 1286; x_wconf 88' lang='lat' dir='ltr'><strong>hono-</strong></span> 
     </span>
     <span class='ocr_line' id='line_1_12' title="bbox 257 1305 1422 1391; baseline 0 -17"><span class='ocrx_word' id='word_1_99' title='bbox 257 1334 322 1374; x_wconf 85' lang='lat' dir='ltr'><strong>rem</strong></span> <span class='ocrx_word' id='word_1_100' title='bbox 336 1317 431 1373; x_wconf 90' lang='lat' dir='ltr'><strong>sanctl</strong></span> <span class='ocrx_word' id='word_1_101' title='bbox 442 1317 594 1374; x_wconf 75' lang='lat' dir='ltr'><strong>Oswaldil</strong></span> <span class='ocrx_word' id='word_1_102' title='bbox 606 1317 823 1375; x_wconf 87' lang='lat' dir='ltr'><strong>monasterium</strong></span> <span class='ocrx_word' id='word_1_103' title='bbox 836 1316 1094 1374; x_wconf 68' lang='lat' dir='ltr'><strong>construxit—¹</strong></span> <span class='ocrx_word' id='word_1_104' title='bbox 1104 1305 1230 1391; x_wconf 85' lang='lat' dir='ltr'><strong>Quanta</strong></span> <span class='ocrx_word' id='word_1_105' title='bbox 1243 1317 1327 1373; x_wconf 88' lang='lat' dir='ltr'><strong>enim</strong></span> <span class='ocrx_word' id='word_1_106' title='bbox 1339 1318 1422 1374; x_wconf 83' lang='lat' dir='ltr'><strong>fides</strong></span> 
     </span>
     <span class='ocr_line' id='line_1_13' title="bbox 257 1403 1423 1479; baseline 0.002 -19"><span class='ocrx_word' id='word_1_107' title='bbox 257 1403 393 1461; x_wconf 87' lang='lat' dir='ltr'><strong>Oswaldi</strong></span> <span class='ocrx_word' id='word_1_108' title='bbox 418 1405 449 1461; x_wconf 92' lang='lat' dir='ltr'><strong>in</strong></span> <span class='ocrx_word' id='word_1_109' title='bbox 469 1407 559 1462; x_wconf 90' lang='lat' dir='ltr'><strong>deum</strong></span> <span class='ocrx_word' id='word_1_110' title='bbox 580 1405 679 1474; x_wconf 86' lang='lat' dir='ltr'><strong>luerit,</strong></span> <span class='ocrx_word' id='word_1_111' title='bbox 700 1423 759 1478; x_wconf 89' lang='lat' dir='ltr'><strong>que</strong></span> <span class='ocrx_word' id='word_1_112' title='bbox 784 1405 895 1462; x_wconf 90' lang='lat' dir='ltr'><strong>mentis</strong></span> <span class='ocrx_word' id='word_1_113' title='bbox 920 1405 1049 1474; x_wconf 89' lang='lat' dir='ltr'><strong>deuotio,</strong></span> <span class='ocrx_word' id='word_1_114' title='bbox 1071 1405 1162 1462; x_wconf 88' lang='lat' dir='ltr'><strong>etiam</strong></span> <span class='ocrx_word' id='word_1_115' title='bbox 1187 1413 1257 1479; x_wconf 88' lang='lat' dir='ltr'><strong>post</strong></span> <span class='ocrx_word' id='word_1_116' title='bbox 1286 1413 1423 1462; x_wconf 89' lang='lat' dir='ltr'><strong>mortem</strong></span> 
     </span>
     <span class='ocr_line' id='line_1_14' title="bbox 257 1491 1424 1565; baseline 0 -17"><span class='ocrx_word' id='word_1_117' title='bbox 257 1492 402 1548; x_wconf 85' lang='lat' dir='ltr'><strong>virtutum</strong></span> <span class='ocrx_word' id='word_1_118' title='bbox 423 1492 575 1550; x_wconf 82' lang='lat' dir='ltr'><strong>miraculis</strong></span> <span class='ocrx_word' id='word_1_119' title='bbox 593 1493 709 1550; x_wconf 86' lang='lat' dir='ltr'><strong>claruit.</strong></span> <span class='ocrx_word' id='word_1_120' title='bbox 747 1492 825 1548; x_wconf 91' lang='lat' dir='ltr'><strong>Nam</strong></span> <span class='ocrx_word' id='word_1_121' title='bbox 844 1492 875 1549; x_wconf 93' lang='lat' dir='ltr'><strong>in</strong></span> <span class='ocrx_word' id='word_1_122' title='bbox 895 1493 959 1549; x_wconf 92' lang='lat' dir='ltr'><strong>loco</strong></span> <span class='ocrx_word' id='word_1_123' title='bbox 972 1492 1022 1549; x_wconf 90' lang='lat' dir='ltr'><strong>vbi</strong></span> <span class='ocrx_word' id='word_1_124' title='bbox 1042 1509 1097 1565; x_wconf 92' lang='lat' dir='ltr'><strong>pro</strong></span> <span class='ocrx_word' id='word_1_125' title='bbox 1116 1491 1212 1565; x_wconf 90' lang='lat' dir='ltr'><strong>patria</strong></span> <span class='ocrx_word' id='word_1_126' title='bbox 1231 1491 1383 1548; x_wconf 79' lang='lat' dir='ltr'><strong>dimicans</strong></span> <span class='ocrx_word' id='word_1_127' title='bbox 1402 1510 1424 1549; x_wconf 86' lang='lat' dir='ltr'><strong>a</strong></span> 
     </span>
     <span class='ocr_line' id='line_1_15' title="bbox 258 1579 1424 1653; baseline 0 -17"><span class='ocrx_word' id='word_1_128' title='bbox 258 1581 383 1653; x_wconf 81' lang='lat' dir='ltr'><strong>paganis</strong></span> <span class='ocrx_word' id='word_1_129' title='bbox 402 1579 578 1638; x_wconf 83' lang='lat' dir='ltr'><strong>interfectus</strong></span> <span class='ocrx_word' id='word_1_130' title='bbox 596 1589 652 1650; x_wconf 87' lang='lat' dir='ltr'><strong>est,</strong></span> <span class='ocrx_word' id='word_1_131' title='bbox 671 1597 767 1653; x_wconf 85' lang='lat' dir='ltr'><strong>usque</strong></span> <span class='ocrx_word' id='word_1_132' title='bbox 785 1580 874 1637; x_wconf 92' lang='lat' dir='ltr'><strong>hodie</strong></span> <span class='ocrx_word' id='word_1_133' title='bbox 893 1581 1037 1636; x_wconf 79' lang='lat' dir='ltr'><strong>sanitates</strong></span> <span class='ocrx_word' id='word_1_134' title='bbox 1059 1579 1250 1636; x_wconf 86' lang='lat' dir='ltr'><strong>infirmorum</strong></span> <span class='ocrx_word' id='word_1_135' title='bbox 1269 1579 1424 1636; x_wconf 86' lang='lat' dir='ltr'><strong>celebrari</strong></span> 
     </span>
    </p>

    <p class='ocr_par' dir='ltr' id='par_1_6' title="bbox 215 1667 1424 2093">
     <span class='ocr_line' id='line_1_16' title="bbox 215 1667 1424 1735; baseline 0.002 -13"><span class='ocrx_word' id='word_1_136' title='bbox 215 1683 319 1735; x_wconf 81' lang='lat' dir='ltr'><strong>15non</strong></span> <span class='ocrx_word' id='word_1_137' title='bbox 344 1667 496 1726; x_wconf 87' lang='lat' dir='ltr'><strong>desinunt.</strong></span> <span class='ocrx_word' id='word_1_138' title='bbox 533 1667 597 1724; x_wconf 89' lang='lat' dir='ltr'><strong>Nec</strong></span> <span class='ocrx_word' id='word_1_139' title='bbox 623 1668 793 1724; x_wconf 89' lang='lat' dir='ltr'><strong>mirandum</strong></span> <span class='ocrx_word' id='word_1_140' title='bbox 818 1677 867 1724; x_wconf 93' lang='lat' dir='ltr'><strong>est</strong></span> <span class='ocrx_word' id='word_1_141' title='bbox 892 1667 923 1724; x_wconf 89' lang='lat' dir='ltr'><strong>in</strong></span> <span class='ocrx_word' id='word_1_142' title='bbox 948 1668 1014 1725; x_wconf 90' lang='lat' dir='ltr'><strong>loco</strong></span> <span class='ocrx_word' id='word_1_143' title='bbox 1040 1668 1144 1724; x_wconf 91' lang='lat' dir='ltr'><strong>mortis</strong></span> <span class='ocrx_word' id='word_1_144' title='bbox 1173 1667 1253 1724; x_wconf 92' lang='lat' dir='ltr'><strong>illius</strong></span> <span class='ocrx_word' id='word_1_145' title='bbox 1276 1667 1424 1725; x_wconf 89' lang='lat' dir='ltr'><strong>infirmos</strong></span> 
     </span>
     <span class='ocr_line' id='line_1_17' title="bbox 258 1753 1424 1829; baseline 0 -17"><span class='ocrx_word' id='word_1_146' title='bbox 258 1755 368 1823; x_wconf 73' lang='lat' dir='ltr'><strong>sanam,</strong></span> <span class='ocrx_word' id='word_1_147' title='bbox 386 1756 437 1828; x_wconf 92' lang='lat' dir='ltr'><strong>qui</strong></span> <span class='ocrx_word' id='word_1_148' title='bbox 460 1772 593 1829; x_wconf 84' lang='lat' dir='ltr'><strong>semper,</strong></span> <span class='ocrx_word' id='word_1_149' title='bbox 612 1755 684 1812; x_wconf 90' lang='lat' dir='ltr'><strong>dum</strong></span> <span class='ocrx_word' id='word_1_150' title='bbox 702 1756 828 1826; x_wconf 80' lang='lat' dir='ltr'><strong>uiueret,</strong></span> <span class='ocrx_word' id='word_1_151' title='bbox 848 1755 976 1812; x_wconf 88' lang='lat' dir='ltr'><strong>infirmis</strong></span> <span class='ocrx_word' id='word_1_152' title='bbox 994 1764 1025 1812; x_wconf 88' lang='lat' dir='ltr'><strong>et</strong></span> <span class='ocrx_word' id='word_1_153' title='bbox 1043 1755 1227 1828; x_wconf 82' lang='lat' dir='ltr'><strong>pauperibus</strong></span> <span class='ocrx_word' id='word_1_154' title='bbox 1245 1753 1424 1824; x_wconf 88' lang='lat' dir='ltr'><strong>consulere,</strong></span> 
     </span>
     <span class='ocr_line' id='line_1_18' title="bbox 257 1831 1422 1916; baseline 0 -16"><span class='ocrx_word' id='word_1_155' title='bbox 257 1843 440 1901; x_wconf 85' lang='lat' dir='ltr'><strong>elemosinas</strong></span> <span class='ocrx_word' id='word_1_156' title='bbox 464 1846 546 1911; x_wconf 87' lang='lat' dir='ltr'><strong>dare,</strong></span> <span class='ocrx_word' id='word_1_157' title='bbox 571 1860 661 1916; x_wconf 91' lang='lat' dir='ltr'><strong>opem</strong></span> <span class='ocrx_word' id='word_1_158' title='bbox 687 1842 766 1900; x_wconf 89' lang='lat' dir='ltr'><strong>serre</strong></span> <span class='ocrx_word' id='word_1_159' title='bbox 791 1861 851 1901; x_wconf 91' lang='lat' dir='ltr'><strong>non</strong></span> <span class='ocrx_word' id='word_1_160' title='bbox 876 1843 1022 1900; x_wconf 87' lang='lat' dir='ltr'><strong>cessabat.</strong></span> <span class='ocrx_word' id='word_1_161' title='bbox 1108 1831 1146 1900; x_wconf 91' lang='lat' dir='ltr'><strong>In</strong></span> <span class='ocrx_word' id='word_1_162' title='bbox 1171 1842 1237 1899; x_wconf 92' lang='lat' dir='ltr'><strong>loco</strong></span> <span class='ocrx_word' id='word_1_163' title='bbox 1265 1842 1422 1915; x_wconf 90' lang='lat' dir='ltr'><strong>siquidem</strong></span> 
     </span>
     <span class='ocr_line' id='line_1_19' title="bbox 259 1930 1424 2005; baseline 0 -17"><span class='ocrx_word' id='word_1_164' title='bbox 259 1932 382 1988; x_wconf 88' lang='lat' dir='ltr'><strong>martirii</strong></span> <span class='ocrx_word' id='word_1_165' title='bbox 394 1932 462 1989; x_wconf 89' lang='lat' dir='ltr'><strong>eius</strong></span> <span class='ocrx_word' id='word_1_166' title='bbox 474 1931 626 2005; x_wconf 89' lang='lat' dir='ltr'><strong>paralitica</strong></span> <span class='ocrx_word' id='word_1_167' title='bbox 639 1932 768 2004; x_wconf 89' lang='lat' dir='ltr'><strong>quedam</strong></span> <span class='ocrx_word' id='word_1_168' title='bbox 781 1939 910 1988; x_wconf 89' lang='lat' dir='ltr'><strong>curatur.</strong></span> <span class='ocrx_word' id='word_1_169' title='bbox 949 1930 1052 1988; x_wconf 90' lang='lat' dir='ltr'><strong>Puluis</strong></span> <span class='ocrx_word' id='word_1_170' title='bbox 1069 1931 1107 1988; x_wconf 91' lang='lat' dir='ltr'><strong>de</strong></span> <span class='ocrx_word' id='word_1_171' title='bbox 1125 1931 1189 1987; x_wconf 89' lang='lat' dir='ltr'><strong>loco</strong></span> <span class='ocrx_word' id='word_1_172' title='bbox 1207 1930 1330 1986; x_wconf 88' lang='lat' dir='ltr'><strong>martirii</strong></span> <span class='ocrx_word' id='word_1_173' title='bbox 1349 1931 1424 1988; x_wconf 88' lang='lat' dir='ltr'><strong>eius</strong></span> 
     </span>
     <span class='ocr_line' id='line_1_20' title="bbox 258 2017 1423 2093; baseline 0.001 -18"><span class='ocrx_word' id='word_1_174' title='bbox 258 2018 289 2076; x_wconf 94' lang='lat' dir='ltr'><strong>in</strong></span> <span class='ocrx_word' id='word_1_175' title='bbox 308 2021 414 2093; x_wconf 87' lang='lat' dir='ltr'><strong>poste⁴</strong></span> <span class='ocrx_word' id='word_1_176' title='bbox 433 2020 589 2077; x_wconf 85' lang='lat' dir='ltr'><strong>cuiusdam</strong></span> <span class='ocrx_word' id='word_1_177' title='bbox 609 2021 717 2076; x_wconf 90' lang='lat' dir='ltr'><strong>domus</strong></span> <span class='ocrx_word' id='word_1_178' title='bbox 738 2036 884 2093; x_wconf 88' lang='lat' dir='ltr'><strong>appensa,</strong></span> <span class='ocrx_word' id='word_1_179' title='bbox 904 2017 1086 2092; x_wconf 84' lang='lat' dir='ltr'><strong>conflagrata</strong></span> <span class='ocrx_word' id='word_1_180' title='bbox 1104 2027 1166 2076; x_wconf 90' lang='lat' dir='ltr'><strong>tota</strong></span> <span class='ocrx_word' id='word_1_181' title='bbox 1184 2019 1282 2088; x_wconf 89' lang='lat' dir='ltr'><strong>domo,</strong></span> <span class='ocrx_word' id='word_1_182' title='bbox 1302 2019 1423 2092; x_wconf 77' lang='lat' dir='ltr'><strong>postis*</strong></span> 
     </span>
    </p>

    <p class='ocr_par' dir='ltr' id='par_1_7' title="bbox 215 2095 1499 2534">
     <span class='ocr_line' id='line_1_21' title="bbox 215 2095 1424 2182; baseline -0.001 -16"><span class='ocrx_word' id='word_1_183' title='bbox 215 2127 247 2166; x_wconf 84' lang='lat' dir='ltr'><strong>ao</strong></span> <span class='ocrx_word' id='word_1_184' title='bbox 259 2108 449 2166; x_wconf 89' lang='lat' dir='ltr'><strong>solummodo</strong></span> <span class='ocrx_word' id='word_1_185' title='bbox 474 2109 504 2164; x_wconf 93' lang='lat' dir='ltr'><strong>in</strong></span> <span class='ocrx_word' id='word_1_186' title='bbox 530 2125 589 2181; x_wconf 86' lang='lat' dir='ltr'><strong>qua</strong></span> <span class='ocrx_word' id='word_1_187' title='bbox 617 2107 717 2182; x_wconf 91' lang='lat' dir='ltr'><strong>puluis</strong></span> <span class='ocrx_word' id='word_1_188' title='bbox 748 2109 900 2181; x_wconf 90' lang='lat' dir='ltr'><strong>pendebat</strong></span> <span class='ocrx_word' id='word_1_189' title='bbox 931 2107 1039 2164; x_wconf 88' lang='lat' dir='ltr'><strong>intacta</strong></span> <span class='ocrx_word' id='word_1_190' title='bbox 1070 2108 1245 2180; x_wconf 85' lang='lat' dir='ltr'><strong>permansit.</strong></span> <span class='ocrx_word' id='word_1_191' title='bbox 1329 2095 1424 2166; x_wconf 89' lang='lat' dir='ltr'><strong>Cum</strong></span> 
     </span>
     <span class='ocr_line' id='line_1_22' title="bbox 259 2195 1426 2270; baseline 0.001 -18"><span class='ocrx_word' id='word_1_192' title='bbox 259 2195 381 2270; x_wconf 88' lang='lat' dir='ltr'><strong>quidam</strong></span> <span class='ocrx_word' id='word_1_193' title='bbox 394 2197 432 2252; x_wconf 92' lang='lat' dir='ltr'><strong>ab</strong></span> <span class='ocrx_word' id='word_1_194' title='bbox 444 2196 602 2252; x_wconf 90' lang='lat' dir='ltr'><strong>immundo</strong></span> <span class='ocrx_word' id='word_1_195' title='bbox 615 2195 721 2269; x_wconf 90' lang='lat' dir='ltr'><strong>spiritu</strong></span> <span class='ocrx_word' id='word_1_196' title='bbox 735 2195 867 2269; x_wconf 89' lang='lat' dir='ltr'><strong>grauiter</strong></span> <span class='ocrx_word' id='word_1_197' title='bbox 879 2203 1049 2265; x_wconf 85' lang='lat' dir='ltr'><strong>vexaretur,</strong></span> <span class='ocrx_word' id='word_1_198' title='bbox 1062 2195 1151 2252; x_wconf 90' lang='lat' dir='ltr'><strong>allata</strong></span> <span class='ocrx_word' id='word_1_199' title='bbox 1163 2205 1210 2252; x_wconf 90' lang='lat' dir='ltr'><strong>est</strong></span> <span class='ocrx_word' id='word_1_200' title='bbox 1222 2211 1301 2268; x_wconf 87' lang='lat' dir='ltr'><strong>aqua</strong></span> <span class='ocrx_word' id='word_1_201' title='bbox 1311 2195 1344 2251; x_wconf 89' lang='lat' dir='ltr'><strong>in</strong></span> <span class='ocrx_word' id='word_1_202' title='bbox 1358 2213 1426 2269; x_wconf 87' lang='lat' dir='ltr'><strong>qua</strong></span> 
     </span>
     <span class='ocr_line' id='line_1_23' title="bbox 259 2283 1425 2354; baseline 0 -13"><span class='ocrx_word' id='word_1_203' title='bbox 259 2301 330 2341; x_wconf 90' lang='lat' dir='ltr'><strong>ossa</strong></span> <span class='ocrx_word' id='word_1_204' title='bbox 342 2285 438 2341; x_wconf 88' lang='lat' dir='ltr'><strong>sancti</strong></span> <span class='ocrx_word' id='word_1_205' title='bbox 451 2284 582 2341; x_wconf 88' lang='lat' dir='ltr'><strong>martiris</strong></span> <span class='ocrx_word' id='word_1_206' title='bbox 594 2284 712 2341; x_wconf 81' lang='lat' dir='ltr'><strong>fuerant</strong></span> <span class='ocrx_word' id='word_1_207' title='bbox 725 2285 802 2341; x_wconf 90' lang='lat' dir='ltr'><strong>lota:</strong></span> <span class='ocrx_word' id='word_1_208' title='bbox 822 2292 852 2341; x_wconf 91' lang='lat' dir='ltr'><strong>et</strong></span> <span class='ocrx_word' id='word_1_209' title='bbox 863 2301 934 2341; x_wconf 90' lang='lat' dir='ltr'><strong>ecce</strong></span> <span class='ocrx_word' id='word_1_210' title='bbox 947 2283 1141 2340; x_wconf 87' lang='lat' dir='ltr'><strong>demoniacus</strong></span> <span class='ocrx_word' id='word_1_211' title='bbox 1154 2284 1252 2340; x_wconf 91' lang='lat' dir='ltr'><strong>subito</strong></span> <span class='ocrx_word' id='word_1_212' title='bbox 1265 2285 1425 2354; x_wconf 88' lang='lat' dir='ltr'><strong>conticuit,</strong></span> 
     </span>
     <span class='ocr_line' id='line_1_24' title="bbox 260 2371 1424 2446; baseline 0.001 -18"><span class='ocrx_word' id='word_1_213' title='bbox 260 2381 290 2430; x_wconf 89' lang='lat' dir='ltr'><strong>et</strong></span> <span class='ocrx_word' id='word_1_214' title='bbox 312 2372 397 2445; x_wconf 86' lang='lat' dir='ltr'><strong>quasi</strong></span> <span class='ocrx_word' id='word_1_215' title='bbox 420 2371 451 2428; x_wconf 90' lang='lat' dir='ltr'><strong>in</strong></span> <span class='ocrx_word' id='word_1_216' title='bbox 471 2389 634 2446; x_wconf 88' lang='lat' dir='ltr'><strong>sompnum</strong></span> <span class='ocrx_word' id='word_1_217' title='bbox 656 2373 773 2429; x_wconf 84' lang='lat' dir='ltr'><strong>laxatus</strong></span> <span class='ocrx_word' id='word_1_218' title='bbox 793 2380 931 2446; x_wconf 87' lang='lat' dir='ltr'><strong>caputet</strong></span> <span class='ocrx_word' id='word_1_219' title='bbox 952 2381 1051 2428; x_wconf 90' lang='lat' dir='ltr'><strong>cetera</strong></span> <span class='ocrx_word' id='word_1_220' title='bbox 1070 2372 1206 2428; x_wconf 87' lang='lat' dir='ltr'><strong>membra</strong></span> <span class='ocrx_word' id='word_1_221' title='bbox 1227 2371 1258 2427; x_wconf 94' lang='lat' dir='ltr'><strong>in</strong></span> <span class='ocrx_word' id='word_1_222' title='bbox 1281 2372 1424 2443; x_wconf 91' lang='lat' dir='ltr'><strong>quietem</strong></span> 
     </span>
     <span class='ocr_line' id='line_1_25' title="bbox 260 2459 1499 2534; baseline 0 -16"><span class='ocrx_word' id='word_1_223' title='bbox 260 2461 437 2534; x_wconf 88' lang='lat' dir='ltr'><strong>composuit.</strong></span> <span class='ocrx_word' id='word_1_224' title='bbox 476 2459 514 2518; x_wconf 86' lang='lat' dir='ltr'><strong>Et</strong></span> <span class='ocrx_word' id='word_1_225' title='bbox 533 2470 602 2534; x_wconf 91' lang='lat' dir='ltr'><strong>post</strong></span> <span class='ocrx_word' id='word_1_226' title='bbox 620 2461 834 2534; x_wconf 89' lang='lat' dir='ltr'><strong>aliquantulum</strong></span> <span class='ocrx_word' id='word_1_227' title='bbox 854 2460 927 2517; x_wconf 89' lang='lat' dir='ltr'><strong>hore</strong></span> <span class='ocrx_word' id='word_1_228' title='bbox 947 2459 1081 2533; x_wconf 89' lang='lat' dir='ltr'><strong>spacium</strong></span> <span class='ocrx_word' id='word_1_229' title='bbox 1101 2459 1222 2527; x_wconf 84' lang='lat' dir='ltr'><strong>resedit,</strong></span> <span class='ocrx_word' id='word_1_230' title='bbox 1234 2468 1264 2516; x_wconf 88' lang='lat' dir='ltr'><strong>et</strong></span> <span class='ocrx_word' id='word_1_231' title='bbox 1283 2461 1427 2532; x_wconf 86' lang='lat' dir='ltr'><strong>grauiter</strong></span> <span class='ocrx_word' id='word_1_232' title='bbox 1498 2511 1499 2517; x_wconf 74' lang='grc'>,</span> 
     </span>
    </p>

    <p class='ocr_par' dir='ltr' id='par_1_8' title="bbox 217 2547 1426 2974">
     <span class='ocr_line' id='line_1_26' title="bbox 217 2547 1426 2623; baseline -0.003 -13"><span class='ocrx_word' id='word_1_233' title='bbox 217 2571 247 2623; x_wconf 77' lang='lat'><strong>25</strong></span> <span class='ocrx_word' id='word_1_234' title='bbox 261 2547 418 2621; x_wconf 87' lang='lat' dir='ltr'><strong>suspirans</strong></span> <span class='ocrx_word' id='word_1_235' title='bbox 437 2548 495 2606; x_wconf 88' lang='lat' dir='ltr'><strong>ait:</strong></span> <span class='ocrx_word' id='word_1_236' title='bbox 516 2549 606 2606; x_wconf 86' lang='lat' dir='ltr'><strong>‘Mox</strong></span> <span class='ocrx_word' id='word_1_237' title='bbox 623 2549 677 2622; x_wconf 88' lang='lat' dir='ltr'><strong>[vt]</strong></span> <span class='ocrx_word' id='word_1_238' title='bbox 691 2547 796 2622; x_wconf 81' lang='lat' dir='ltr'><strong>virgo⁸</strong></span> <span class='ocrx_word' id='word_1_239' title='bbox 811 2565 879 2606; x_wconf 91' lang='lat' dir='ltr'><strong>cum</strong></span> <span class='ocrx_word' id='word_1_240' title='bbox 893 2548 1025 2620; x_wconf 85' lang='lat' dir='ltr'><strong>capsella</strong></span> <span class='ocrx_word' id='word_1_241' title='bbox 1036 2547 1112 2605; x_wconf 88' lang='lat' dir='ltr'><strong>atrio</strong></span> <span class='ocrx_word' id='word_1_242' title='bbox 1126 2549 1234 2604; x_wconf 91' lang='lat' dir='ltr'><strong>domus</strong></span> <span class='ocrx_word' id='word_1_243' title='bbox 1252 2549 1426 2621; x_wconf 88' lang='lat' dir='ltr'><strong>appropin-</strong></span> 
     </span>
     <span class='ocr_line' id='line_1_27' title="bbox 261 2635 1426 2710; baseline 0.001 -16"><span class='ocrx_word' id='word_1_244' title='bbox 261 2637 372 2709; x_wconf 86' lang='lat' dir='ltr'><strong>quauit‚</strong></span> <span class='ocrx_word' id='word_1_245' title='bbox 385 2645 577 2694; x_wconf 89' lang='lat' dir='ltr'><strong>recesserunt</strong></span> <span class='ocrx_word' id='word_1_246' title='bbox 590 2653 697 2694; x_wconf 92' lang='lat' dir='ltr'><strong>omnes</strong></span> <span class='ocrx_word' id='word_1_247' title='bbox 711 2636 761 2710; x_wconf 92' lang='lat' dir='ltr'><strong>qui</strong></span> <span class='ocrx_word' id='word_1_248' title='bbox 775 2653 824 2692; x_wconf 91' lang='lat' dir='ltr'><strong>me</strong></span> <span class='ocrx_word' id='word_1_249' title='bbox 836 2637 1014 2709; x_wconf 86' lang='lat' dir='ltr'><strong>premebant</strong></span> <span class='ocrx_word' id='word_1_250' title='bbox 1027 2635 1150 2710; x_wconf 90' lang='lat' dir='ltr'><strong>spiritus</strong></span> <span class='ocrx_word' id='word_1_251' title='bbox 1163 2635 1283 2708; x_wconf 87' lang='lat' dir='ltr'><strong>maligni</strong></span> <span class='ocrx_word' id='word_1_252' title='bbox 1292 2635 1311 2704; x_wconf 85' lang='lat'><strong>⁸,</strong></span> <span class='ocrx_word' id='word_1_253' title='bbox 1323 2645 1356 2692; x_wconf 90' lang='lat' dir='ltr'><strong>et</strong></span> <span class='ocrx_word' id='word_1_254' title='bbox 1368 2653 1426 2695; x_wconf 86' lang='lat' dir='ltr'><strong>me</strong></span> 
     </span>
     <span class='ocr_line' id='line_1_28' title="bbox 260 2712 1426 2798; baseline 0.001 -16"><span class='ocrx_word' id='word_1_255' title='bbox 260 2725 364 2782; x_wconf 88' lang='lat' dir='ltr'><strong>relicto</strong></span> <span class='ocrx_word' id='word_1_256' title='bbox 377 2741 525 2797; x_wconf 87' lang='lat' dir='ltr'><strong>nusquam</strong></span> <span class='ocrx_word' id='word_1_257' title='bbox 539 2727 788 2798; x_wconf 82' lang='lat' dir='ltr'><strong>comparuerunt’</strong></span> <span class='ocrx_word' id='word_1_258' title='bbox 839 2782 843 2791; x_wconf 75' lang='grc'><strong>,</strong></span> <span class='ocrx_word' id='word_1_259' title='bbox 865 2712 982 2781; x_wconf 84' lang='lat' dir='ltr'><strong>Ferunt</strong></span> <span class='ocrx_word' id='word_1_260' title='bbox 1000 2723 1080 2781; x_wconf 90' lang='lat' dir='ltr'><strong>enim</strong></span> <span class='ocrx_word' id='word_1_261' title='bbox 1097 2726 1135 2780; x_wconf 93' lang='lat' dir='ltr'><strong>de</strong></span> <span class='ocrx_word' id='word_1_262' title='bbox 1154 2733 1259 2780; x_wconf 88' lang='lat' dir='ltr'><strong>sancto</strong></span> <span class='ocrx_word' id='word_1_263' title='bbox 1272 2722 1426 2783; x_wconf 79' lang='lat' dir='ltr'><strong>Oswaldo</strong></span> 
     </span>
     <span class='ocr_line' id='line_1_29' title="bbox 261 2811 1425 2886; baseline 0.002 -16"><span class='ocrx_word' id='word_1_264' title='bbox 261 2812 331 2886; x_wconf 90' lang='lat' dir='ltr'><strong>quia</strong></span> <span class='ocrx_word' id='word_1_265' title='bbox 349 2822 516 2886; x_wconf 89' lang='lat' dir='ltr'><strong>atempore</strong></span> <span class='ocrx_word' id='word_1_266' title='bbox 534 2814 677 2869; x_wconf 88' lang='lat' dir='ltr'><strong>matutine</strong></span> <span class='ocrx_word' id='word_1_267' title='bbox 694 2813 791 2870; x_wconf 88' lang='lat' dir='ltr'><strong>laudis</strong></span> <span class='ocrx_word' id='word_1_268' title='bbox 808 2812 911 2885; x_wconf 87' lang='lat' dir='ltr'><strong>sepius</strong></span> <span class='ocrx_word' id='word_1_269' title='bbox 928 2813 966 2869; x_wconf 91' lang='lat' dir='ltr'><strong>ad</strong></span> <span class='ocrx_word' id='word_1_270' title='bbox 980 2812 1058 2869; x_wconf 85' lang='lat' dir='ltr'><strong>diem</strong></span> <span class='ocrx_word' id='word_1_271' title='bbox 1071 2829 1167 2885; x_wconf 86' lang='lat' dir='ltr'><strong>vsque</strong></span> <span class='ocrx_word' id='word_1_272' title='bbox 1184 2811 1216 2867; x_wconf 94' lang='lat' dir='ltr'><strong>in</strong></span> <span class='ocrx_word' id='word_1_273' title='bbox 1232 2811 1425 2872; x_wconf 82' lang='lat' dir='ltr'><strong>orationibus</strong></span> 
     </span>
     <span class='ocr_line' id='line_1_30' title="bbox 261 2897 1426 2974; baseline 0.002 -17"><span class='ocrx_word' id='word_1_274' title='bbox 261 2900 435 2974; x_wconf 86' lang='lat' dir='ltr'><strong>perstiterit,</strong></span> <span class='ocrx_word' id='word_1_275' title='bbox 461 2909 551 2973; x_wconf 86' lang='lat' dir='ltr'><strong>atque</strong></span> <span class='ocrx_word' id='word_1_276' title='bbox 575 2901 614 2957; x_wconf 95' lang='lat' dir='ltr'><strong>ob</strong></span> <span class='ocrx_word' id='word_1_277' title='bbox 638 2902 777 2957; x_wconf 88' lang='lat' dir='ltr'><strong>crebrum</strong></span> <span class='ocrx_word' id='word_1_278' title='bbox 803 2917 918 2958; x_wconf 89' lang='lat' dir='ltr'><strong>morem</strong></span> <span class='ocrx_word' id='word_1_279' title='bbox 944 2900 1047 2956; x_wconf 88' lang='lat' dir='ltr'><strong>orandi</strong></span> <span class='ocrx_word' id='word_1_280' title='bbox 1073 2899 1139 2957; x_wconf 91' lang='lat' dir='ltr'><strong>siue</strong></span> <span class='ocrx_word' id='word_1_281' title='bbox 1162 2897 1272 2972; x_wconf 85' lang='lat' dir='ltr'><strong>gratias</strong></span> <span class='ocrx_word' id='word_1_282' title='bbox 1293 2899 1426 2959; x_wconf 90' lang='lat' dir='ltr'><strong>domino</strong></span> 
     </span>
    </p>

    <p class='ocr_par' dir='ltr' id='par_1_9' title="bbox 218 2987 1426 3414">
     <span class='ocr_line' id='line_1_31' title="bbox 218 2987 1426 3062; baseline -0.002 -13"><span class='ocrx_word' id='word_1_283' title='bbox 218 3011 250 3062; x_wconf 77' lang='lat'><strong>30</strong></span> <span class='ocrx_word' id='word_1_284' title='bbox 262 2988 380 3062; x_wconf 86' lang='lat' dir='ltr'><strong>agendi,</strong></span> <span class='ocrx_word' id='word_1_285' title='bbox 390 3003 514 3062; x_wconf 88' lang='lat' dir='ltr'><strong>semper</strong></span> <span class='ocrx_word' id='word_1_286' title='bbox 522 2987 703 3062; x_wconf 89' lang='lat' dir='ltr'><strong>vbicumque</strong></span> <span class='ocrx_word' id='word_1_287' title='bbox 716 2989 828 3046; x_wconf 88' lang='lat' dir='ltr'><strong>sedens</strong></span> <span class='ocrx_word' id='word_1_288' title='bbox 843 2987 991 3062; x_wconf 90' lang='lat' dir='ltr'><strong>[supinas]</strong></span> <span class='ocrx_word' id='word_1_289' title='bbox 1002 2987 1011 3018; x_wconf 79' lang='lat'>³</span> <span class='ocrx_word' id='word_1_290' title='bbox 1026 3005 1119 3060; x_wconf 87' lang='lat' dir='ltr'><strong>super</strong></span> <span class='ocrx_word' id='word_1_291' title='bbox 1131 3005 1229 3061; x_wconf 89' lang='lat' dir='ltr'><strong>genua</strong></span> <span class='ocrx_word' id='word_1_292' title='bbox 1240 3003 1294 3044; x_wconf 85' lang='lat' dir='ltr'><strong>sua</strong></span> <span class='ocrx_word' id='word_1_293' title='bbox 1308 3003 1426 3046; x_wconf 90' lang='lat' dir='ltr'><strong>manus</strong></span> 
     </span>
     <span class='ocr_line' id='line_1_32' title="bbox 263 3075 1426 3150; baseline 0.001 -17"><span class='ocrx_word' id='word_1_294' title='bbox 263 3077 374 3133; x_wconf 88' lang='lat' dir='ltr'><strong>habere</strong></span> <span class='ocrx_word' id='word_1_295' title='bbox 399 3077 505 3133; x_wconf 89' lang='lat' dir='ltr'><strong>solitus</strong></span> <span class='ocrx_word' id='word_1_296' title='bbox 533 3075 579 3132; x_wconf 90' lang='lat' dir='ltr'><strong>sit.</strong></span> <span class='ocrx_word' id='word_1_297' title='bbox 616 3075 776 3150; x_wconf 87' lang='lat' dir='ltr'><strong>Vulgatum</strong></span> <span class='ocrx_word' id='word_1_298' title='bbox 801 3084 848 3133; x_wconf 88' lang='lat' dir='ltr'><strong>est</strong></span> <span class='ocrx_word' id='word_1_299' title='bbox 878 3083 978 3132; x_wconf 87' lang='lat' dir='ltr'><strong>autem</strong></span> <span class='ocrx_word' id='word_1_300' title='bbox 1002 3075 1082 3148; x_wconf 92' lang='lat' dir='ltr'><strong>quod</strong></span> <span class='ocrx_word' id='word_1_301' title='bbox 1106 3075 1197 3133; x_wconf 91' lang='lat' dir='ltr'><strong>etiam</strong></span> <span class='ocrx_word' id='word_1_302' title='bbox 1222 3075 1300 3132; x_wconf 91' lang='lat' dir='ltr'><strong>inter</strong></span> <span class='ocrx_word' id='word_1_303' title='bbox 1323 3077 1426 3134; x_wconf 85' lang='lat' dir='ltr'><strong>verba</strong></span> 
     </span>
     <span class='ocr_line' id='line_1_33' title="bbox 262 3161 1425 3236; baseline 0 -14"><span class='ocrx_word' id='word_1_304' title='bbox 262 3163 407 3222; x_wconf 87' lang='lat' dir='ltr'><strong>orationis</strong></span> <span class='ocrx_word' id='word_1_305' title='bbox 419 3163 511 3220; x_wconf 88' lang='lat' dir='ltr'><strong>vitam</strong></span> <span class='ocrx_word' id='word_1_306' title='bbox 529 3163 657 3221; x_wconf 89' lang='lat' dir='ltr'><strong>finierit:</strong></span> <span class='ocrx_word' id='word_1_307' title='bbox 680 3163 756 3220; x_wconf 92' lang='lat' dir='ltr'><strong>Nam</strong></span> <span class='ocrx_word' id='word_1_308' title='bbox 776 3181 845 3221; x_wconf 88' lang='lat' dir='ltr'><strong>curn</strong></span> <span class='ocrx_word' id='word_1_309' title='bbox 863 3163 1000 3220; x_wconf 90' lang='lat' dir='ltr'><strong>hostibus</strong></span> <span class='ocrx_word' id='word_1_310' title='bbox 1018 3165 1236 3236; x_wconf 89' lang='lat' dir='ltr'><strong>circumseptus</strong></span> <span class='ocrx_word' id='word_1_311' title='bbox 1248 3161 1367 3219; x_wconf 88' lang='lat' dir='ltr'><strong>videret</strong></span> <span class='ocrx_word' id='word_1_312' title='bbox 1388 3181 1425 3222; x_wconf 90' lang='lat' dir='ltr'><strong>se</strong></span> 
     </span>
     <span class='ocr_line' id='line_1_34' title="bbox 263 3249 1425 3326; baseline 0.001 -18"><span class='ocrx_word' id='word_1_313' title='bbox 263 3252 483 3326; x_wconf 89' lang='lat' dir='ltr'><strong>perimendum,</strong></span> <span class='ocrx_word' id='word_1_314' title='bbox 506 3251 600 3308; x_wconf 90' lang='lat' dir='ltr'><strong>orauit</strong></span> <span class='ocrx_word' id='word_1_315' title='bbox 624 3269 680 3325; x_wconf 91' lang='lat' dir='ltr'><strong>pro</strong></span> <span class='ocrx_word' id='word_1_316' title='bbox 702 3251 859 3308; x_wconf 87' lang='lat' dir='ltr'><strong>animabus</strong></span> <span class='ocrx_word' id='word_1_317' title='bbox 880 3250 1031 3308; x_wconf 84' lang='lat' dir='ltr'><strong>exercitus</strong></span> <span class='ocrx_word' id='word_1_318' title='bbox 1056 3249 1110 3307; x_wconf 87' lang='lat' dir='ltr'><strong>sui.</strong></span> <span class='ocrx_word' id='word_1_319' title='bbox 1148 3249 1236 3307; x_wconf 91' lang='lat' dir='ltr'><strong>Vnde</strong></span> <span class='ocrx_word' id='word_1_320' title='bbox 1257 3249 1368 3306; x_wconf 92' lang='lat' dir='ltr'><strong>dicitur</strong></span> <span class='ocrx_word' id='word_1_321' title='bbox 1392 3253 1425 3309; x_wconf 92' lang='lat' dir='ltr'><strong>in</strong></span> 
     </span>
     <span class='ocr_line' id='line_1_35' title="bbox 263 3337 1423 3414; baseline 0.002 -18"><span class='ocrx_word' id='word_1_322' title='bbox 263 3339 443 3414; x_wconf 88' lang='lat' dir='ltr'><strong>prouerbio:</strong></span> <span class='ocrx_word' id='word_1_323' title='bbox 476 3339 577 3396; x_wconf 90' lang='lat' dir='ltr'><strong>‘Deus</strong></span> <span class='ocrx_word' id='word_1_324' title='bbox 603 3339 748 3396; x_wconf 89' lang='lat' dir='ltr'><strong>miserere</strong></span> <span class='ocrx_word' id='word_1_325' title='bbox 773 3339 938 3408; x_wconf 87' lang='lat' dir='ltr'><strong>animabus,</strong></span> <span class='ocrx_word' id='word_1_326' title='bbox 964 3338 1039 3395; x_wconf 85' lang='lat' dir='ltr'><strong>dixit</strong></span> <span class='ocrx_word' id='word_1_327' title='bbox 1064 3337 1225 3396; x_wconf 86' lang='lat' dir='ltr'><strong>Oswaldus</strong></span> <span class='ocrx_word' id='word_1_328' title='bbox 1248 3339 1363 3395; x_wconf 89' lang='lat' dir='ltr'><strong>cadens</strong></span> <span class='ocrx_word' id='word_1_329' title='bbox 1392 3340 1423 3398; x_wconf 91' lang='lat' dir='ltr'><strong>in</strong></span> 
     </span>
    </p>

    <p class='ocr_par' dir='ltr' id='par_1_10' title="bbox 219 3414 1488 3852">
     <span class='ocr_line' id='line_1_36' title="bbox 219 3414 1425 3502; baseline 0.002 -18"><span class='ocrx_word' id='word_1_330' title='bbox 219 3449 250 3502; x_wconf 76' lang='lat'><strong>35</strong></span> <span class='ocrx_word' id='word_1_331' title='bbox 263 3414 562 3499; x_wconf 89' lang='lat' dir='ltr'><strong>terram.’—Apud</strong></span> <span class='ocrx_word' id='word_1_332' title='bbox 577 3425 601 3482; x_wconf 82' lang='lat' dir='ltr'>F</span> <span class='ocrx_word' id='word_1_333' title='bbox 602 3428 728 3484; x_wconf 88' lang='lat' dir='ltr'><strong>arnham</strong></span> <span class='ocrx_word' id='word_1_334' title='bbox 746 3426 906 3483; x_wconf 91' lang='lat' dir='ltr'><strong>inhonore</strong></span> <span class='ocrx_word' id='word_1_335' title='bbox 924 3425 1019 3483; x_wconf 91' lang='lat' dir='ltr'><strong>sancti</strong></span> <span class='ocrx_word' id='word_1_336' title='bbox 1032 3426 1165 3484; x_wconf 89' lang='lat' dir='ltr'><strong>Oswaldi</strong></span> <span class='ocrx_word' id='word_1_337' title='bbox 1183 3435 1356 3484; x_wconf 85' lang='lat' dir='ltr'><strong>constructa</strong></span> <span class='ocrx_word' id='word_1_338' title='bbox 1374 3440 1425 3486; x_wconf 88' lang='lat' dir='ltr'><strong>est</strong></span> 
     </span>
     <span class='ocr_line' id='line_1_37' title="bbox 264 3511 1488 3587; baseline 0 -14"><span class='ocrx_word' id='word_1_339' title='bbox 264 3514 400 3584; x_wconf 88' lang='lat' dir='ltr'><strong>ecclesia,</strong></span> <span class='ocrx_word' id='word_1_340' title='bbox 419 3514 450 3570; x_wconf 93' lang='lat' dir='ltr'><strong>in</strong></span> <span class='ocrx_word' id='word_1_341' title='bbox 469 3531 528 3587; x_wconf 86' lang='lat' dir='ltr'><strong>qua</strong></span> <span class='ocrx_word' id='word_1_342' title='bbox 549 3513 633 3570; x_wconf 91' lang='lat' dir='ltr'><strong>multi</strong></span> <span class='ocrx_word' id='word_1_343' title='bbox 656 3513 803 3571; x_wconf 88' lang='lat' dir='ltr'><strong>beneficia</strong></span> <span class='ocrx_word' id='word_1_344' title='bbox 824 3515 889 3571; x_wconf 91' lang='lat' dir='ltr'><strong>eius</strong></span> <span class='ocrx_word' id='word_1_345' title='bbox 907 3515 1105 3587; x_wconf 88' lang='lat' dir='ltr'><strong>postulantes,</strong></span> <span class='ocrx_word' id='word_1_346' title='bbox 1124 3513 1303 3570; x_wconf 86' lang='lat' dir='ltr'><strong>infirmitatis</strong></span> <span class='ocrx_word' id='word_1_347' title='bbox 1324 3523 1356 3570; x_wconf 87' lang='lat' dir='ltr'><strong>et</strong></span> <span class='ocrx_word' id='word_1_348' title='bbox 1378 3515 1424 3573; x_wconf 91' lang='lat' dir='ltr'><strong>in·</strong></span> <span class='ocrx_word' id='word_1_349' title='bbox 1487 3511 1488 3525; x_wconf 56' lang='lat'>¹</span> 
     </span>
     <span class='ocr_line' id='line_1_38' title="bbox 264 3599 1487 3676; baseline 0 -16"><span class='ocrx_word' id='word_1_350' title='bbox 264 3601 441 3676; x_wconf 88' lang='lat' dir='ltr'><strong>co[m]modi</strong></span> <span class='ocrx_word' id='word_1_351' title='bbox 450 3601 583 3658; x_wconf 89' lang='lat' dir='ltr'><strong>remedia</strong></span> <span class='ocrx_word' id='word_1_352' title='bbox 592 3601 765 3660; x_wconf 88' lang='lat' dir='ltr'><strong>multotiens</strong></span> <span class='ocrx_word' id='word_1_353' title='bbox 775 3601 892 3676; x_wconf 83' lang='lat' dir='ltr'><strong>experti</strong></span> <span class='ocrx_word' id='word_1_354' title='bbox 903 3610 981 3658; x_wconf 91' lang='lat' dir='ltr'><strong>sunt.</strong></span> <span class='ocrx_word' id='word_1_355' title='bbox 1001 3601 1093 3659; x_wconf 92' lang='lat' dir='ltr'><strong>Cuius</strong></span> <span class='ocrx_word' id='word_1_356' title='bbox 1101 3601 1201 3658; x_wconf 86' lang='lat' dir='ltr'><strong>claues</strong></span> <span class='ocrx_word' id='word_1_357' title='bbox 1211 3602 1285 3657; x_wconf 90' lang='lat' dir='ltr'><strong>latro</strong></span> <span class='ocrx_word' id='word_1_358' title='bbox 1295 3601 1423 3674; x_wconf 89' lang='lat' dir='ltr'><strong>quidam</strong></span> <span class='ocrx_word' id='word_1_359' title='bbox 1486 3599 1487 3617; x_wconf 63' lang='lat'>¹</span> 
     </span>
     <span class='ocr_line' id='line_1_39' title="bbox 265 3688 1424 3762; baseline 0.001 -15"><span class='ocrx_word' id='word_1_360' title='bbox 265 3691 393 3747; x_wconf 89' lang='lat' dir='ltr'><strong>latenter</strong></span> <span class='ocrx_word' id='word_1_361' title='bbox 411 3688 563 3760; x_wconf 84' lang='lat' dir='ltr'><strong>auferens,</strong></span> <span class='ocrx_word' id='word_1_362' title='bbox 575 3698 679 3762; x_wconf 80' lang='lat' dir='ltr'><strong>aperto</strong></span> <span class='ocrx_word' id='word_1_363' title='bbox 698 3691 775 3747; x_wconf 88' lang='lat' dir='ltr'><strong>ostio</strong></span> <span class='ocrx_word' id='word_1_364' title='bbox 793 3689 923 3760; x_wconf 89' lang='lat' dir='ltr'><strong>intrauit,</strong></span> <span class='ocrx_word' id='word_1_365' title='bbox 937 3699 967 3746; x_wconf 91' lang='lat' dir='ltr'><strong>et</strong></span> <span class='ocrx_word' id='word_1_366' title='bbox 985 3689 1125 3746; x_wconf 82' lang='lat' dir='ltr'><strong>uniuersa</strong></span> <span class='ocrx_word' id='word_1_367' title='bbox 1143 3688 1223 3745; x_wconf 89' lang='lat' dir='ltr'><strong>illius</strong></span> <span class='ocrx_word' id='word_1_368' title='bbox 1241 3703 1424 3748; x_wconf 86' lang='lat' dir='ltr'><strong>ornamenta</strong></span> 
     </span>
     <span class='ocr_line' id='line_1_40' title="bbox 265 3777 1484 3852; baseline 0 -16"><span class='ocrx_word' id='word_1_369' title='bbox 265 3778 387 3852; x_wconf 88' lang='lat' dir='ltr'><strong>rapiens</strong></span> <span class='ocrx_word' id='word_1_370' title='bbox 408 3777 582 3851; x_wconf 86' lang='lat' dir='ltr'><strong>asportauit.</strong></span> <span class='ocrx_word' id='word_1_371' title='bbox 619 3777 657 3834; x_wconf 86' lang='lat' dir='ltr'><strong>Et</strong></span> <span class='ocrx_word' id='word_1_372' title='bbox 676 3795 755 3846; x_wconf 90' lang='lat' dir='ltr'><strong>ecce,</strong></span> <span class='ocrx_word' id='word_1_373' title='bbox 775 3778 890 3834; x_wconf 91' lang='lat' dir='ltr'><strong>lumine</strong></span> <span class='ocrx_word' id='word_1_374' title='bbox 908 3777 1061 3834; x_wconf 81' lang='lat' dir='ltr'><strong>oculorum</strong></span> <span class='ocrx_word' id='word_1_375' title='bbox 1080 3777 1283 3844; x_wconf 88' lang='lat' dir='ltr'><strong>obtenebrato,</strong></span> <span class='ocrx_word' id='word_1_376' title='bbox 1302 3795 1364 3852; x_wconf 93' lang='lat' dir='ltr'><strong>quo</strong></span> <span class='ocrx_word' id='word_1_377' title='bbox 1388 3797 1423 3836; x_wconf 91' lang='lat' dir='ltr'><strong>se</strong></span> <span class='ocrx_word' id='word_1_378' title='bbox 1483 3841 1484 3844; x_wconf 8' lang='grc' dir='ltr'><strong>Ἴ</strong></span> 
     </span>
    </p>

    <p class='ocr_par' dir='ltr' id='par_1_11' title="bbox 219 3863 1483 4118">
     <span class='ocr_line' id='line_1_41' title="bbox 219 3863 1423 3941; baseline -0.002 -17"><span class='ocrx_word' id='word_1_379' title='bbox 219 3889 253 3941; x_wconf 75' lang='lat'><strong>40</strong></span> <span class='ocrx_word' id='word_1_380' title='bbox 266 3868 428 3925; x_wconf 85' lang='lat' dir='ltr'><strong>diuerteret</strong></span> <span class='ocrx_word' id='word_1_381' title='bbox 441 3866 563 3940; x_wconf 90' lang='lat' dir='ltr'><strong>penitus</strong></span> <span class='ocrx_word' id='word_1_382' title='bbox 574 3865 730 3939; x_wconf 89' lang='lat' dir='ltr'><strong>ignorauit.</strong></span> <span class='ocrx_word' id='word_1_383' title='bbox 761 3865 953 3923; x_wconf 88' lang='lat' dir='ltr'><strong>Adueniente</strong></span> <span class='ocrx_word' id='word_1_384' title='bbox 962 3867 1084 3922; x_wconf 85' lang='lat' dir='ltr'><strong>tandem</strong></span> <span class='ocrx_word' id='word_1_385' title='bbox 1095 3865 1258 3932; x_wconf 87' lang='lat' dir='ltr'><strong>sacerdote,</strong></span> <span class='ocrx_word' id='word_1_386' title='bbox 1266 3863 1423 3922; x_wconf 88' lang='lat' dir='ltr'><strong>lachrimis</strong></span> 
     </span>
     <span class='ocr_line' id='line_1_42' title="bbox 265 3943 1483 4030; baseline -0.002 -17"><span class='ocrx_word' id='word_1_387' title='bbox 265 3954 415 4030; x_wconf 61' lang='lat' dir='ltr'><strong>profusis*</strong></span> <span class='ocrx_word' id='word_1_388' title='bbox 428 3953 664 4011; x_wconf 89' lang='lat' dir='ltr'><strong>misericordiam</strong></span> <span class='ocrx_word' id='word_1_389' title='bbox 683 3953 762 4010; x_wconf 90' lang='lat' dir='ltr'><strong>illius</strong></span> <span class='ocrx_word' id='word_1_390' title='bbox 780 3953 870 4010; x_wconf 89' lang='lat' dir='ltr'><strong>homo</strong></span> <span class='ocrx_word' id='word_1_391' title='bbox 882 3953 976 4011; x_wconf 89' lang='lat' dir='ltr'><strong>miser</strong></span> <span class='ocrx_word' id='word_1_392' title='bbox 987 3953 1212 4027; x_wconf 84' lang='lat' dir='ltr'><strong>deprecabatur,</strong></span> <span class='ocrx_word' id='word_1_393' title='bbox 1226 3969 1374 4026; x_wconf 89' lang='lat' dir='ltr'><strong>reumque</strong></span> <span class='ocrx_word' id='word_1_394' title='bbox 1389 3971 1423 4011; x_wconf 90' lang='lat' dir='ltr'><strong>se</strong></span> <span class='ocrx_word' id='word_1_395' title='bbox 1482 3943 1483 3983; x_wconf 52' lang='lat' dir='ltr'><strong>l</strong></span> 
     </span>
     <span class='ocr_line' id='line_1_43' title="bbox 267 4039 1482 4118; baseline -0.003 -17"><span class='ocrx_word' id='word_1_396' title='bbox 267 4043 340 4118; x_wconf 75' lang='lat' dir='ltr'><strong>[et]³</strong></span> <span class='ocrx_word' id='word_1_397' title='bbox 355 4042 461 4100; x_wconf 90' lang='lat' dir='ltr'><strong>merito</strong></span> <span class='ocrx_word' id='word_1_398' title='bbox 477 4041 700 4114; x_wconf 88' lang='lat' dir='ltr'><strong>dampnabilem</strong></span> <span class='ocrx_word' id='word_1_399' title='bbox 718 4041 862 4112; x_wconf 85' lang='lat' dir='ltr'><strong>iudicans,</strong></span> <span class='ocrx_word' id='word_1_400' title='bbox 875 4059 965 4115; x_wconf 90' lang='lat' dir='ltr'><strong>quam</strong></span> <span class='ocrx_word' id='word_1_401' title='bbox 982 4040 1186 4098; x_wconf 83' lang='lat' dir='ltr'><strong>fraudulenter</strong></span> <span class='ocrx_word' id='word_1_402' title='bbox 1201 4039 1320 4098; x_wconf 90' lang='lat' dir='ltr'><strong>diabolo</strong></span> <span class='ocrx_word' id='word_1_403' title='bbox 1336 4039 1423 4098; x_wconf 88' lang='lat' dir='ltr'><strong>insti·</strong></span> <span class='ocrx_word' id='word_1_404' title='bbox 1481 4042 1482 4074; x_wconf 69' lang='lat' dir='ltr'><strong>l</strong></span> 
     </span>
    </p>
   </div>
   <div class='ocr_carea' id='block_1_4' title="bbox 267 4185 1480 4371">
    <p class='ocr_par' dir='ltr' id='par_1_12' title="bbox 267 4185 1480 4371">
     <span class='ocr_line' id='line_1_44' title="bbox 300 4185 1480 4305; baseline -0.003 -14"><span class='ocrx_word' id='word_1_405' title='bbox 300 4240 432 4305; x_wconf 83' lang='lat' dir='ltr'><strong>¹ngden</strong></span> <span class='ocrx_word' id='word_1_406' title='bbox 446 4240 539 4292; x_wconf 84' lang='lat' dir='ltr'><strong>Polior.</strong></span> <span class='ocrx_word' id='word_1_407' title='bbox 549 4239 595 4301; x_wconf 85' lang='lat' dir='ltr'><strong>Vl,</strong></span> <span class='ocrx_word' id='word_1_408' title='bbox 609 4256 633 4302; x_wconf 79' lang='lat'><strong>4.</strong></span> <span class='ocrx_word' id='word_1_409' title='bbox 699 4237 901 4290; x_wconf 74' lang='lat' dir='ltr'><strong>&#39;EOsmundi</strong></span> <span class='ocrx_word' id='word_1_410' title='bbox 971 4239 1066 4289; x_wconf 75' lang='lat' dir='ltr'><strong>⁸Bedu</strong></span> <span class='ocrx_word' id='word_1_411' title='bbox 1078 4239 1127 4296; x_wconf 90' lang='lat'><strong>111,</strong></span> <span class='ocrx_word' id='word_1_412' title='bbox 1139 4254 1164 4302; x_wconf 83' lang='grc'><strong>9.</strong></span> <span class='ocrx_word' id='word_1_413' title='bbox 1237 4237 1323 4288; x_wconf 83' lang='lat' dir='ltr'><strong>‘Bed</strong></span> <span class='ocrx_word' id='word_1_414' title='bbox 1337 4246 1420 4300; x_wconf 76' lang='lat' dir='ltr'><strong>posta</strong></span> <span class='ocrx_word' id='word_1_415' title='bbox 1479 4185 1480 4259; x_wconf 44' lang='lat' dir='ltr'><strong>l</strong></span> 
     </span>
     <span class='ocr_line' id='line_1_45' title="bbox 267 4302 1411 4371; baseline -0.002 -13"><span class='ocrx_word' id='word_1_416' title='bbox 267 4307 319 4359; x_wconf 78' lang='lat' dir='ltr'><strong>⁸E.</strong></span> <span class='ocrx_word' id='word_1_417' title='bbox 333 4307 475 4358; x_wconf 80' lang='lat' dir='ltr'><strong>Moxvero.</strong></span> <span class='ocrx_word' id='word_1_418' title='bbox 543 4305 594 4358; x_wconf 70' lang='grc' dir='ltr'><strong>ὓΕ.</strong></span> <span class='ocrx_word' id='word_1_419' title='bbox 608 4305 839 4371; x_wconf 82' lang='lat' dir='ltr'><strong>malignispiritus.</strong></span> <span class='ocrx_word' id='word_1_420' title='bbox 906 4303 956 4356; x_wconf 83' lang='lat' dir='ltr'><strong>&#39;so</strong></span> <span class='ocrx_word' id='word_1_421' title='bbox 970 4305 1014 4361; x_wconf 84' lang='lat' dir='ltr'><strong>T.:</strong></span> <span class='ocrx_word' id='word_1_422' title='bbox 1031 4320 1081 4356; x_wconf 85' lang='lat' dir='ltr'><strong>om.</strong></span> <span class='ocrx_word' id='word_1_423' title='bbox 1096 4307 1122 4354; x_wconf 92' lang='lat' dir='ltr'><strong>in</strong></span> <span class='ocrx_word' id='word_1_424' title='bbox 1134 4305 1164 4355; x_wconf 87' lang='lat' dir='ltr'><strong>E.</strong></span> <span class='ocrx_word' id='word_1_425' title='bbox 1229 4302 1411 4368; x_wconf 81' lang='lat' dir='ltr'><strong>⁸T.proliisis.</strong></span> 
     </span>
    </p>
   </div>
   <div class='ocr_carea' id='block_1_5' title="bbox 0 0 1508 4904">
    <p class='ocr_par' dir='ltr' id='par_1_13' title="bbox 0 0 1508 4904">
     <span class='ocr_line' id='line_1_46' title="bbox 0 0 1508 4904; baseline 0 0"><span class='ocrx_word' id='word_1_426' title='bbox 0 0 1508 4904; x_wconf 95' lang='lat' dir='ltr'><strong> </strong></span> 
     </span>
    </p>
   </div>
  </div>
 </body>
</html>
