3062 4888
112 297 258 351 resnou.
271 301 340 367 aa]
369 285 444 379 De
463 284 523 375 ἦ.
541 287 758 376 titmtmbu
778 302 872 391 imi
894 295 934 375 et
954 296 1143 394 mtttptt.
1186 298 1259 386 633

111 494 245 542 sanctuni
265 487 372 546 neseiat
391 489 593 548 Edmundum?
618 491 681 563 quis
697 492 813 550 virtutes
831 491 892 548 eius
908 509 1026 564 quarum
1044 503 1119 550 terra
1136 493 1262 564 marique

110 568 190 624 lama
207 569 347 640 dilatatur,
363 589 421 628 uon
435 574 559 630 audiuit?
580 574 644 646 quis
658 593 723 632 eum
737 586 887 645 patronum
901 576 985 647 elegit
1002 587 1032 633 et
1049 577 1181 632 confusus
1199 576 1261 632 esti

111 652 293 710 Accedamus
311 654 394 724 igitur
412 657 450 712 ad
468 674 532 712 euru
548 668 608 714 toto
626 659 718 728 corde,
736 658 925 714 exclamemus
942 659 979 715 ad
998 677 1062 716 eum
1080 660 1262 729 implorantes

112 733 176 788 eius
194 735 326 791 auxilium
345 737 373 792 in
393 749 516 810 ternpore
535 740 699 796 affliccionis
717 751 827 809 nostre;
846 741 1001 798 accelerate
1019 743 1119 812 singuli
1138 754 1166 798 et
1185 741 1262 798 iuxta

112 815 191 888 quod
203 835 290 887 penes
302 836 332 874 se
345 820 462 892 quisque
474 821 602 894 repperit,
613 823 641 878 in
655 839 803 880 commune
811 824 944 891 conferte,
952 825 1127 882 oblacionem
1139 837 1260 881 vestram
1274 837 1289 889 5

112 898 198 956 beato
221 901 327 958 martiri
353 903 523 974 dedicantes,
548 904 685 978 simulque
710 906 879 976 spondentes
909 906 983 964 circa
1013 907 1118 964 cultum
1145 908 1206 964 eius
1232 919 1260 965 et

112 997 239 1036 amorem
264 987 462 1058 prompciores,
488 988 639 1061 fidelesque
664 989 799 1045 virtutum
824 989 882 1044 eius
907 991 1040 1062 quamdiu
1065 991 1188 1046 vixeritis
1209 1009 1260 1047 uos

112 1062 173 1118 sore
197 1067 386 1136 professores.¹
424 1071 585 1126 collacione
607 1072 709 1127 deinde
732 1073 808 1127 iacta
832 1081 860 1128 et
885 1072 914 1126 in
938 1072 1018 1128 unius
1043 1091 1173 1128 crunrene
1197 1072 1261 1128 sinu

112 1149 245 1218 reposita,
258 1168 384 1208 consona
401 1170 469 1210 voce
485 1165 513 1208 et
531 1154 691 1210 intencione
709 1154 940 1212 conclamabant:
960 1155 1080 1212 ‘Sancte
1099 1156 1260 1224 Edmunde,

111 1231 218 1287 adiuua
230 1250 282 1288 nos
294 1235 318 1288 l’
356 1237 440 1304 Quod
453 1237 521 1292 dum
533 1248 643 1310 tempus
655 1236 908 1294 increbruissent¹:
929 1238 1001 1308 cepit
1018 1257 1092 1310 aqua
1106 1237 1192 1294 minui
1206 1256 1260 1311 que
1276 1254 1306 1289 ro

110 1331 216 1368 nauem
234 1329 429 1388 occupauerat,
448 1321 584 1394 nauisque
602 1323 706 1378 leuiata
723 1321 855 1393 paulatim
877 1323 1025 1393 progredi;
1047 1323 1149 1378 deinde
1167 1324 1260 1378 leuato

109 1395 195 1451 velo’
206 1416 283 1456 mare
300 1401 417 1457 feliciter
435 1403 514 1460 nauis
529 1403 639 1474 inpulsa
657 1405 737 1477 quasi
751 1405 824 1459 trino
840 1404 986 1460 cuiusdam
1002 1405 1113 1477 inpulsu
1128 1421 1260 1478 prospere

110 1480 186 1550 cepit
199 1483 345 1540 velificare.
383 1486 430 1542 Sic
443 1489 518 1542 claro
530 1487 575 1544 die
587 1489 741 1543 redduntur
757 1487 883 1544 homines
896 1498 975 1558 terre,
989 1489 1073 1544 deum
1085 1507 1119 1544 ac
1130 1499 1260 1544 sanctum

110 1565 297 1621 Edmundum
321 1569 551 1638 magnificantes3
583 1573 785 1642 collectamque
815 1571 964 1640 pecuniam
994 1572 1031 1627 ad
1061 1564 1259 1627 monasterium

109 1647 299 1720 deportantes,
313 1652 410 1710 fideles
422 1653 573 1710 extiterunt
586 1654 667 1710 buius
679 1653 803 1710 miraculi
817 1654 958 1710 relatores.
1275 1663 1304 1714 Ι5

190 1823 280 1884 ian
298 1837 432 1892 QUODAM
451 1827 622 1884 wurniuo
640 1839 680 1883 no
699 1825 901 1897 rn[u]1nnnr1
920 1838 1030 1882 tiones
1048 1839 1181 1883 ansero.

135 1979 295 2050 Sampson,
332 1943 450 2072 CUm
469 1945 585 2018 quidam
605 1943 695 2002 sancti
716 1943 860 2001 Edmundi
885 1943 1073 2000 conuicaneus
1097 1944 1257 2000 Wulmarus

295 2021 303 2036 '
425 2029 538 2084 nomine
551 2029 688 2084 oracionis
700 2026 796 2099 gracia
807 2029 928 2082 Romam
942 2025 1062 2082 inuisere
1074 2026 1257 2096 decreuisset,

108 2104 246 2177 supplex⁴
258 2108 365 2166 domini
378 2111 421 2168 sui
434 2112 524 2168 sancti
535 2111 679 2167 Edmundi
691 2109 778 2167 subiit
789 2108 890 2166 asilum
897 2105 915 2172 ⁶,
930 2107 1016 2180 ipsius
1028 2109 1150 2180 presidio
1162 2126 1257 2165 curam

107 2187 215 2246 itineris
235 2191 277 2248 sui
295 2195 451 2268 assignans
489 2194 601 2250 Deinde
620 2213 683 2250 cum
702 2193 885 2264 prosperitate
903 2209 1053 2262 regressus,
1072 2192 1110 2247 ad
1133 2193 1258 2263 agendas

107 2282 208 2328 saneto
232 2275 385 2332 Edmundo
408 2278 518 2348 gracias
548 2278 675 2345 accessit,
699 2287 854 2351 spontanea
877 2284 942 2330 vota
971 2274 1075 2346 pariter
1104 2276 1255 2332 oblaturus.
1272 2291 1303 2326 ao

108 2354 181 2410 lnde
206 2373 270 2412 curn
294 2361 410 2416 domum
433 2361 622 2430 descenderet,
643 2361 764 2416 necdum
794 2358 856 2414 atrii
880 2357 962 2414 metis
987 2359 1118 2428 emensis,
1143 2359 1257 2416 horrore

107 2439 254 2509 repentino
267 2442 349 2499 simul
361 2454 389 2500 et
406 2453 525 2500 tremore
540 2444 701 2515 corripitur:
721 2452 749 2500 et
761 2444 877 2499 domum
894 2442 1025 2513 perlatus,
1039 2439 1170 2498 acribus⁸
1183 2442 1256 2514 cepit

106 2522 198 2592 urgeri
212 2524 362 2594 doloribus,
375 2528 505 2584 viaticum
524 2528 615 2598 peciit,
628 2539 656 2584 et
673 2527 790 2598 accepit,
803 2527 839 2582 de
852 2525 910 2580 uita
923 2525 1086 2596 desperans.
1124 2525 1178 2595 Qui
1192 2543 1257 2581 curn

107 2613 173 2660 octo
192 2605 252 2662 dies
273 2607 313 2664 sic
331 2610 468 2666 recubans
488 2611 634 2684 exegisset,
653 2609 776 2666 omniurn
795 2609 983 2664 membrorum
1002 2625 1115 2664 suorum
1133 2609 1257 2680 priuatus

106 2685 223 2744 officiis:
244 2692 366 2762 quedam
379 2694 467 2750 sancti
478 2693 621 2749 Edmundi
631 2692 732 2749 sestius
741 2691 874 2748 memoria
885 2689 913 2746 in
923 2691 1042 2747 ecclesia
1054 2692 1256 2759 celebrabatur,
1272 2707 1301 2756 ²5

106 2767 144 2824 de
155 2774 401 2842 representatione
413 2776 518 2832 scilicet
531 2775 682 2846 incorrupti
695 2775 820 2848 corporis
837 2774 923 2845 ipsius
936 2790 990 2845 que
1002 2773 1039 2828 ab
1055 2775 1157 2830 abbate
1176 2775 1256 2831 Leos-

106 2861 190 2909 stano
211 2855 310 2927 [iacta]
329 2868 464 2914 narratur.
503 2859 589 2916 Cuius
606 2858 696 2914 noctis
713 2856 854 2930 sequentis
870 2856 945 2912 circa
962 2855 1094 2922 medium,
1107 2856 1256 2926 languidus

107 2934 178 3006 ipse,
191 2938 237 3010 qui
252 2939 308 2994 iam
320 2959 371 3012 per
382 2953 446 2999 octo
458 2941 519 2998 dies
532 2959 587 2998 non
601 2941 760 3004 dormierat,
772 2949 853 3010 grato
866 2955 966 3009 sopore
981 2937 1119 2993 dormiuit.
1157 2939 1210 2994 Cui
1227 2937 1256 2993 in

103 3036 225 3092 sompno
231 3022 380 3078 videbatur
389 3025 488 3080 domus
499 3043 547 3080 sue
555 3024 656 3081 ostium
669 3032 771 3096 patere,
781 3039 815 3077 ac
824 3039 875 3093 per
887 3021 954 3076 illud
965 3019 1022 3075 leni
1035 3021 1130 3075 volatu
1142 3021 1255 3076 niueam

105 3105 265 3160 columbam
282 3107 446 3177 subintrare,
459 3125 513 3178 que
526 3125 589 3163 curn
603 3124 685 3178 super
697 3105 789 3162 lectuli
806 3104 849 3160 sui
867 3104 959 3174 capud
975 3103 1132 3172 resedisset,
1145 3120 1210 3158 mox
1227 3103 1254 3160 in
1269 3121 1302 3170 30

105 3185 240 3258 ve[nusti]
252 3186 262 3218 ⁷
276 3187 327 3244 uiri
338 3191 460 3262 speciem
470 3191 681 3246 transionnatur
690 3199 717 3246 et
728 3205 878 3245 conuersus
891 3187 928 3241 ad
940 3195 1075 3254 egrotum,
1085 3185 1145 3242 eius
1155 3187 1254 3242 dolori-

106 3270 159 3328 bus
170 3272 357 3342 compaciens,
368 3273 407 3329 ait
419 3291 425 3328 :
445 3273 487 3328 ‘O
498 3274 592 3342 horno,
602 3272 630 3327 in
640 3272 727 3342 graui,
737 3281 767 3327 vt
777 3271 867 3340 uideo,
878 3268 1038 3324 infirmitate
1047 3269 1175 3325 laboras?
1199 3269 1254 3340 Qui

105 3370 171 3410 cum
183 3354 225 3410 sic
231 3373 293 3412 esse
304 3357 484 3427 responderet
490 3355 509 3424 ⁸,
519 3357 565 3411 ille
577 3373 663 3412 manu
675 3365 790 3411 extensa
801 3353 893 3425 tetigit
906 3369 977 3424 eum,
986 3351 1098 3408 dicens:
1119 3353 1255 3409 ‘Noueris

105 3437 287 3496 clemenciam
302 3439 346 3496 dei
367 3458 429 3496 esse
445 3457 596 3512 magnam:
616 3457 682 3495 ecce
701 3439 757 3494 iam
776 3454 861 3494 sanus
879 3437 969 3492 lactus
986 3453 1026 3492 es.
1063 3437 1153 3506 Surge
1170 3453 1255 3509 quarn

104 3521 205 3590 tocius,
223 3523 340 3579 ecclesie
356 3533 453 3580 sancte
466 3534 494 3579 te
506 3533 675 3593 representa,
688 3521 820 3578 saluatori
836 3531 884 3576 tuo
896 3520 993 3576 laudes
1005 3521 1135 3590 repende,
1148 3531 1254 3576 tecum-
1269 3539 1298 3588 35

105 3619 160 3674 que
183 3605 221 3660 ad
246 3604 306 3661 eius
330 3623 454 3662 amorem
477 3617 505 3662 et
530 3605 600 3662 alios
624 3605 764 3662 accende?
801 3607 839 3660 At
861 3603 906 3659 ille
927 3604 1045 3658 multum
1067 3603 1254 3671 exhilleratus,

104 3688 203 3742 sedulo
218 3706 282 3744 eurn
300 3691 416 3760 rogabat
436 3699 466 3746 ut
483 3688 546 3761 quis
563 3699 637 3745 esset
655 3689 681 3744 ei
699 3688 860 3744 insinuaret.
898 3685 949 3742 Cui
968 3686 1158 3758 respondens:
1177 3685 1254 3741 ‘Ed-

105 3772 236 3842 mundus,
261 3773 358 3845 inquit,
382 3775 468 3844 dicor,
493 3771 566 3842 regis
589 3773 677 3827 eterni
701 3770 837 3826 famulus!
886 3769 994 3840 Quibus
1018 3768 1085 3824 uisis
1109 3767 1253 3837 suigilans,

104 3854 223 3926 depulso
244 3856 358 3927 langore
379 3875 410 3914 se
429 3857 518 3913 sensit
536 3874 570 3912 ex
593 3855 702 3926 integro
725 3855 892 3910 restitutum,
929 3853 1108 3922 surgensque
1133 3849 1253 3905 diluculo

104 3955 191 3996 sanus
215 3949 311 3994 mente
331 3949 359 3995 et
383 3957 507 4011 corpore,
529 3940 567 3995 ad
588 3938 744 4007 ecclesiam,
764 3947 794 3992 vt
815 3953 866 4006 per
884 3934 1020 3990 visionem
1046 3933 1136 3988 iussus
1155 3932 1252 4000 iuerat,
1265 3949 1299 3998 40

104 4021 274 4092 properauit,
292 4032 377 4094 atque
393 4022 472 4078 fratri
492 4022 602 4090 Tolino,
622 4021 700 4076 cuius
716 4019 842 4090 superius
862 4017 978 4073 lecimus
996 4014 1179 4084 mencionem,
1199 4032 1253 4087 que

104 4103 157 4160 sibi
171 4103 344 4176 contigerant
355 4123 389 4162 ex
400 4105 497 4162 ordine
514 4103 711 4160 manilestauit.
748 4103 813 4172 Quo
828 4100 940 4158 audito:
958 4099 1047 4155 abbas
1065 4097 1252 4167 Baldewinus,

137 4241 145 4270 ¹
162 4240 214 4291 'lit
225 4242 332 4294 crebrius
342 4241 527 4308 increpuissent.
652 4240 663 4271 ¹
678 4241 729 4291 Tit.
742 4239 818 4290 maris
830 4237 971 4288 discrimina
983 4235 1040 4286 ielix
1052 4235 1136 4286 carine
1148 4234 1253 4285 feliciter

103 4306 312 4384 oepitmliimre.
377 4306 614 4385 'Cl.Tlt.p.rr53
678 4304 885 4422 ‘MSairiiiplen
934 4302 1048 4353 ⁸o.m.:
1066 4299 1251 4367 ietemplum.

103 4371 184 4424 ‘MS.
197 4387 269 4426 acris.
361 4372 454 4441 'page
464 4374 596 4426 concludes
606 4389 632 4424 in
644 4387 683 4423 re.
771 4370 780 4400 ⁸
827 4371 853 4422 S.
866 4369 1061 4436 responderetur.
