3044 4894
255 277 329 370 m
354 275 517 366 santa
543 275 733 378 sutrina
756 283 804 366 ut
828 277 1129 382 huntingun.
1218 301 1258 378 71

107 477 275 554 antiquitus
304 479 461 537 videbatur
492 498 552 538 non
582 479 702 538 videtur
731 480 768 538 ab
802 481 974 539 hominibus
1008 481 1196 554 temporibus
1234 481 1263 538 in

106 569 282 626 modernis!
317 567 410 624 Cuius
423 569 589 641 questionis
607 569 779 642 ambiguum
798 570 960 643 paternalis
977 569 1136 643 prudentia
1148 569 1263 627 concito

107 656 288 714 resoluebat.
326 655 553 729 ‘Antiquorum
572 655 676 729 inquit,
695 665 812 729 patrum
838 658 928 714 corda
947 675 1007 714 non
1026 675 1103 714 vana
1121 658 1263 730 sophisti-

106 761 205 816 caque
235 743 330 816 gloria
361 744 549 816 perlustrata,
577 743 669 800 immo
699 745 794 817 gratia
823 744 916 802 celica
943 744 1086 802 diuinitus
1113 745 1262 815 irradiata,

106 831 296 887 fraudulosas
326 829 437 887 inimici
468 831 704 888 machinationes
732 831 894 888 insidiose¹
926 842 1150 905 cognoscentes,
1180 833 1290 896 velut5

106 919 229 991 pugiles
241 917 429 974 inuictissimi
442 918 582 975 ferociter
595 929 808 992 expugnarunt
819 921 961 976 mortales
974 920 1116 976 excubias
1128 919 1241 976 inimici
1253 941 1260 978 ι

106 1006 178 1063 ideo
199 1005 372 1062 difficillima
391 1006 563 1062 tentationis
585 1006 679 1079 prelia
698 1007 773 1080 ipsis
793 1005 958 1077 offerendo,
977 1007 1170 1064 similitudine
1192 1025 1261 1080 pro-

105 1094 210 1167 digiali
234 1094 477 1166 extraneatisque
503 1093 672 1151 incursibus
703 1094 787 1168 ipsos
818 1095 1044 1151 comminatorie
1074 1095 1199 1152 tentauit
1229 1098 1261 1153 in

105 1181 241 1255 peccatis
273 1181 463 1255 immergere.
500 1181 562 1238 Sed
590 1175 663 1255 quia
693 1181 790 1255 ipsius
820 1182 969 1254 placentie
999 1183 1185 1255 temporibus
1215 1183 1260 1239 in-

104 1269 237 1326 cursiuis
267 1268 400 1342 paratius
429 1269 596 1338 obedimus,
621 1268 689 1327 ideo
713 1278 898 1327 secretarum
929 1271 1128 1326 tentationum
1157 1271 1260 1327 iaculis
1277 1291 1307 1326 ro

105 1357 257 1414 excitatos
287 1355 379 1412 facit²
414 1356 512 1413 subito
548 1357 749 1414 subcumbere
787 1359 901 1429 absque
936 1356 1011 1413 facie
1050 1361 1258 1415 monstruosa!

106 1433 138 1502 F
139 1444 230 1500 loruit
254 1445 343 1518 igitur
361 1443 418 1502 ilos
438 1443 495 1500 iste
516 1444 672 1501 vernantie
697 1443 853 1517 fragrans⁸
877 1444 907 1500 in
930 1444 1032 1501 diuino
1056 1443 1147 1500 iubilo
1167 1447 1260 1503 odore

104 1531 296 1602 suauissimo,
314 1541 438 1588 eatenus
459 1534 540 1604 quod
561 1541 687 1604 propter
704 1531 824 1588 celestis
843 1541 948 1604 gustus
966 1531 1117 1588 dilatatam
1136 1533 1259 1606 amplia·

103 1621 230 1691 tionem,
245 1621 284 1676 ad
302 1620 473 1676 releuamen
492 1617 578 1676 istius
597 1619 728 1676 hominis
746 1619 857 1692 Anglie
877 1617 1073 1692 perfectiores
1092 1621 1130 1676 de
1149 1621 1259 1678 finibus
1356 1671 1361 1676 .

104 1719 190 1766 terre
205 1715 392 1764 maturarunt
410 1707 513 1763 audire
532 1707 711 1780 sapientiam
728 1706 915 1763 Salomonis:
935 1707 1112 1764 estimantes
1129 1707 1205 1764 felici
1225 1727 1259 1766 se
1274 1725 1303 1778 15

104 1805 186 1852 statu
199 1795 409 1868 remig[r]are⁴
422 1795 448 1851 si
461 1803 522 1850 tam
535 1794 736 1851 dulcescentis
746 1792 757 1824 ³
769 1793 819 1850 dei
832 1793 933 1850 famuli
951 1794 1069 1867 eloquio
1082 1795 1258 1867 potirentur.

105 1883 193 1940 Inter
217 1900 293 1956 quos
313 1882 493 1955 quibusdam
515 1881 761 1954 conquirentibus
785 1898 839 1938 cur
864 1890 974 1938 statum
999 1881 1185 1954 perfectioris
1210 1901 1258 1940 re·

103 1969 227 2044 ligionis
245 1969 405 2026 affectuose
424 1987 485 2025 non
504 1977 669 2042 appeteret,
687 1971 773 2025 cuius
791 1968 990 2024 obseruantiis
1007 1969 1134 2026 inhiaret
1153 1970 1258 2027 intimo

103 2077 175 2115 curn
189 2060 317 2115 sudore:
338 2057 455 2127 Quibus
474 2057 620 2130 prouidus
640 2065 725 2129 pater
741 2056 915 2128 respondit:
936 2054 990 2111 ‘ln
1012 2057 1093 2112 omni
1114 2057 1258 2130 religione

103 2146 204 2204 cuncti
227 2162 358 2217 superne
377 2145 473 2218 patrie
494 2144 683 2202 incessabilia
703 2142 811 2216 gaudia
831 2159 993 2216 possumus
1013 2145 1208 2217 contemplari
1228 2155 1257 2202 et
1274 2162 1305 2199 ao

103 2233 266 2292 virtutibus
293 2233 479 2289 increscere:
505 2233 559 2289 sed
584 2232 681 2288 fateor
705 2249 754 2288 me
778 2231 930 2304 presentis
955 2231 1058 2304 regule
1089 2233 1258 2290 essentialia

104 2339 167 2378 non
193 2320 294 2378 debite
319 2319 545 2394 perimplesse⁸.
584 2318 678 2392 Igitur
702 2319 860 2376 insolentie
883 2336 1006 2392 operam
1029 2321 1196 2388 redderem,
1222 2321 1256 2388 si,

103 2409 214 2466 laxatis
233 2408 359 2465 habenis
380 2407 525 2464 incedens
546 2406 672 2463 minima
694 2423 754 2462 non
776 2408 951 2475 obseruans,
972 2406 1167 2464 strictioribus
1186 2407 1256 2481 liga·

103 2497 216 2555 mentis
230 2513 279 2552 me
292 2504 503 2552 connecterem
515 2497 551 2552 ad
565 2495 670 2551 altiora
687 2495 909 2567 perimplenda.'
947 2494 1030 2551 Inter
1042 2503 1104 2551 tam
1117 2495 1257 2552 salutaria

104 2584 218 2642 monita
231 2583 394 2656 requisitus
407 2601 467 2656 que
483 2582 655 2655 regularum
669 2590 751 2638 esset
768 2581 953 2638 constantius
970 2582 1171 2655 adimplenda,
1185 2601 1255 2640 con·
1272 2605 1301 2657 25

104 2673 207 2730 festim
237 2670 334 2727 intulit
365 2687 436 2726 voce
467 2669 697 2727 consultatoria:
724 2669 949 2743 ‘Euangelium
976 2670 1081 2742 inquit,
1114 2671 1256 2728 lobannis

103 2775 213 2816 omnes
235 2758 354 2831 regulas
374 2756 585 2814 reformatione
608 2757 805 2814 saluberrima
826 2757 974 2814 antecellit
997 2768 1028 2814 vt
1052 2759 1189 2816 domina'
1228 2760 1256 2816 Ο

102 2849 202 2904 virum
222 2845 395 2902 memoriter
407 2846 689 2916 commendandum,
701 2845 779 2900 inter
791 2853 833 2901 tot
845 2845 1012 2917 procellose
1024 2844 1084 2902 vite
1098 2845 1256 2918 dispendia

103 2933 307 2992 vicissitudine
320 2933 431 2989 amoris
444 2933 634 2989 sublimatum
647 2949 740 3004 super
751 2940 841 3002 astra,
855 2932 1103 3000 considerantem,
1115 2933 1255 3006 quicquid

101 3021 238 3097 presenti
274 3037 364 3078 cursu
401 3020 585 3094 percipimus
615 3020 646 3076 in
678 3019 805 3075 nihilum
835 3019 977 3076 deueniet
1006 3029 1148 3092 tanquam
1178 3038 1256 3093 aqua
1268 3043 1300 3094 30

101 3114 278 3180 decurrens,
297 3118 327 3166 et
348 3107 425 3165 sicut
448 3109 564 3164 somnia
590 3107 761 3164 transitoria
785 3106 1004 3179 peruolitabunt
1029 3107 1149 3163 omnia:
1181 3107 1254 3164 Pre-

101 3199 183 3256 clara
213 3196 397 3268 euangeliste
427 3195 559 3252 carmina
584 3195 640 3251 sibi
665 3212 721 3268 pro
745 3194 866 3251 viuendi
891 3193 1017 3250 formula
1042 3194 1256 3266 exemplariter

100 3284 259 3358 coaptauit.
297 3283 390 3340 Sicuti
403 3291 433 3339 et
446 3283 523 3339 inter
535 3292 662 3356 quatuor
673 3282 791 3354 aurigas
804 3299 910 3338 currus
927 3281 1089 3353 euangelici
1104 3281 1254 3340 lohannes

100 3372 227 3446 aquilari
246 3371 344 3429 volatu
364 3387 419 3444 pre
440 3370 547 3427 ceteris
567 3369 720 3427 subtiliora
740 3369 879 3426 trinitatis
900 3368 1033 3426 misteria
1053 3369 1163 3441 pennis
1184 3388 1255 3427 con·

100 3459 305 3534 templationis
324 3458 516 3515 fiducialiter⁷
537 3457 713 3531 propalauit,
732 3456 775 3513 sic
795 3457 906 3513 nostris
923 3457 954 3513 in
974 3456 1161 3530 temporibus
1179 3458 1254 3514 alter
1268 3479 1298 3531 35

99 3549 297 3621 euangelicos
318 3545 469 3602 lohannes
488 3545 644 3602 celestium
664 3544 866 3601 misteriorum
886 3543 1046 3617 singularis
1063 3545 1253 3616 secretarius,

100 3633 340 3708 supereminenti
352 3632 613 3705 contemplationis
631 3632 732 3690 volatu
749 3631 902 3689 terrestria
921 3649 1064 3688 recusans
1083 3649 1117 3688 se
1136 3632 1253 3689 celesti·

100 3725 161 3781 bus
180 3722 337 3795 coaptauit.
373 3721 422 3777 Ad
441 3720 525 3776 cuius
545 3720 732 3793 probabilem
752 3719 1010 3776 confirmationem
1029 3718 1164 3776 veritatis
1183 3721 1253 3776 sub-

100 3811 257 3883 sequentis
276 3808 477 3882 pariformitas
495 3807 643 3864 elucessit.
727 3793 873 3879 Namque
892 3824 960 3862 cum
979 3806 1100 3863 diuersa
1119 3807 1254 3863 maneria

100 3898 286 3955 monasterio
304 3895 486 3970 pertinentia
502 3894 647 3962 visitaret,
660 3893 757 3950 officio
771 3902 963 3967 perurgente,
975 3894 1095 3950 diuertit
1108 3895 1145 3950 ad
1159 3911 1253 3966 quan·
1266 3919 1299 3970 40

100 3989 172 4044 dam
192 3985 340 4042 reclusam
361 3983 392 4039 in
411 3982 552 4039 comitatu
573 3981 803 4048 Richemundie,
821 3989 853 4037 vt
874 3980 953 4037 inter
973 3988 1016 4037 tot
1038 3980 1253 4052 immergentes

99 4072 313 4145 occupationes
337 4070 606 4128 communicatione
631 4069 798 4126 delectabili
823 4068 954 4124 animam
981 4067 1107 4124 interius
1135 4067 1252 4125 inflam-

100 4169 206 4218 maret.
238 4159 353 4216 Eadem
367 4176 439 4215 vero
452 4159 578 4224 reclusa,
591 4165 679 4213 nocte
692 4157 876 4230 precedente
885 4154 1001 4212 visione
1013 4154 1252 4212 immarcessibili

132 4275 181 4324 ¹r.
194 4274 319 4324 insidiosi.
396 4271 568 4321 ¹l2.faciunt.
645 4265 703 4321 ⁸E.
714 4271 834 4332 flagrans.
913 4266 971 4318 ⁴1¹2.
984 4267 1118 4330 remigare.
1194 4268 1252 4320 ⁸1¹2.

100 4341 278 4392 dulcesteutis.
377 4339 388 4370 ⁸
404 4337 433 4388 E.
448 4337 618 4401 perimplisse.
717 4333 726 4363 ²
744 4337 774 4386 E.
788 4334 949 4384 fiducialitur.
962 4335 970 4352 ⁰
