3008 4904
287 307 360 360 210
599 287 731 374 mnne
756 281 949 387 lenione
973 283 1126 387 tinnit.

284 495 425 559 tanquam
444 502 500 559 per
518 485 655 556 extasim,
675 504 782 560 preces
801 495 919 543 nostras
936 495 1072 558 tempore
1090 484 1261 557 vigiliarum
1282 485 1342 540 vix
1366 502 1456 557 posse

284 573 430 646 attingere
443 591 538 647 vsque
550 576 588 630 ad
601 575 719 631 culmen
732 583 877 632 tectorum
892 583 1069 630 nostrorum.
1106 573 1194 628 Vnde
1214 572 1363 645 profecto
1377 590 1456 628 com-

284 660 350 734 peri
362 679 431 718 esse
450 661 560 734 aliquid
580 661 694 719 offense
714 661 743 717 in
763 661 857 731 nobis,
871 671 994 734 propter
1012 662 1092 733 quod
1104 660 1198 716 sancti
1215 659 1321 732 angeli
1345 663 1457 733 quibus

284 765 373 806 omne
387 747 542 822 peccatum
555 749 690 822 displicet
703 766 762 804 non
772 749 838 806 sine
850 749 938 821 culpa
951 758 1052 805 nostra
1064 749 1221 805 voluerunt
1234 765 1271 804 se
1285 749 1456 804 absentare

256 847 302 896 ta
324 837 418 893 nobis.
457 835 681 906 interrogemus
702 854 774 910 ergo
794 836 991 893 conscientias
1013 846 1147 893 nostras:
1174 835 1254 892 etsi
1280 835 1363 908 quid
1387 838 1456 892 latet

284 924 501 992 absconditum,
514 924 679 997 penitentia
692 934 721 980 et
735 924 924 982 consessione
937 941 1110 996 purgemus,
1122 933 1153 980 vt
1166 923 1329 996 possimus
1343 926 1388 980 ad
1402 941 1456 978 nos

285 1011 429 1068 reducere
446 1012 550 1068 beatos
567 1011 691 1084 spiritus
706 1011 773 1068 dei!
810 1012 887 1069 Cum
905 1011 960 1068 hec
979 1011 1113 1078 dixisset,
1126 1011 1259 1068 surrexit
1272 1028 1371 1068 soror
1384 1029 1455 1084 que

285 1100 354 1156 dam
377 1100 466 1156 etad
489 1100 584 1172 pedes
605 1109 708 1156 sancte
733 1099 913 1156 Modwenne
938 1117 1007 1156 cum
1030 1098 1183 1155 lachrimis
1207 1109 1370 1170 prostrata
1397 1100 1454 1154 ait:

285 1185 412 1242 ‘Coram
426 1187 483 1244 deo
496 1196 525 1242 et
539 1186 651 1243 sanctis
662 1187 728 1244 eius
741 1186 886 1244 confiteor
898 1185 961 1254 tibi,
974 1185 1095 1242 domina
1111 1203 1186 1254 mea,
1199 1185 1325 1258 cuipam
1342 1203 1457 1243 meam.

243 1293 273 1327 ιο
286 1273 362 1330 Cum
373 1275 453 1330 enim
463 1291 519 1346 ego
531 1273 682 1346 peccatrix
693 1273 802 1331 misera
810 1274 848 1331 de
862 1274 922 1330 vita
930 1273 1025 1330 veteri
1036 1273 1178 1331 hesterna
1186 1273 1236 1329 die
1246 1274 1453 1345 penitentiam

285 1361 486 1432 promittendo
510 1361 567 1417 huc
587 1361 715 1433 coniugi,
735 1361 884 1418 sotulares
905 1379 998 1428 meos,
1020 1379 1096 1433 quos
1114 1362 1283 1416 donauerat
1305 1363 1389 1418 mihi
1412 1361 1456 1416 tir

285 1447 384 1505 illicite
396 1447 567 1521 copulatus¹
580 1447 611 1504 in
625 1449 736 1517 seculo,
749 1466 848 1521 neque
861 1449 977 1504 reddidi
991 1466 1090 1521 neque
1102 1447 1242 1505 consessa
1253 1466 1337 1518 surn,
1352 1451 1412 1506 sed
1426 1451 1454 1504 in

285 1535 498 1607 proprietatem
529 1535 656 1606 retinui3
687 1553 763 1608 quos
793 1535 883 1592 etiam
914 1545 1001 1592 nocte
1026 1537 1082 1592 ista
1106 1536 1178 1591 dum
1202 1535 1301 1608 frigus
1327 1547 1455 1610 paterer

285 1623 411 1694 pedibus
424 1625 500 1680 meis
513 1621 669 1697 imponere
682 1640 742 1679 non
756 1622 851 1679 timui.
890 1623 954 1696 Ego
966 1623 1048 1680 enim
1062 1640 1129 1679 sum
1146 1641 1206 1696 que
1225 1629 1375 1695 peccaui;
1397 1643 1454 1696 ego

241 1721 272 1770 ι5
285 1726 352 1765 sum
365 1727 424 1782 que
437 1727 505 1767 mea
517 1711 605 1782 culpa
617 1719 739 1767 sanctos
750 1711 874 1783 angelos
887 1728 905 1766 a
917 1720 1018 1768 vestro
1027 1711 1225 1766 contubernio
1238 1715 1447 1784 sequestr-aui.

285 1795 341 1853 Cui
353 1797 503 1854 abbatissa
516 1798 690 1871 respondit:
705 1797 869 1854 ‘Absoluat
881 1807 911 1854 te
924 1807 953 1854 et
968 1797 1209 1866 misereaturtui,
1222 1798 1294 1868 iilia,
1306 1800 1357 1856 dei
1372 1802 1453 1857 filius

285 1885 360 1941 deus
373 1884 573 1957 omnipotens,
587 1885 638 1958 qui
650 1903 706 1958 pro
719 1885 925 1958 peccatoribus
938 1885 1015 1940 mori
1027 1885 1166 1958 dignatus
1179 1888 1243 1942 est’
1276 1886 1351 1943 Hiis
1364 1888 1453 1944 dictis

285 1971 430 2028 sotulares
451 1971 481 2028 in
501 1972 626 2029 iluuium
646 1973 750 2046 proiici
772 1972 877 2030 iussit:
901 1981 931 2030 et
952 1972 1001 2028 die
1023 1973 1159 2045 sequenti
1184 1973 1279 2030 dixit:
1309 1975 1452 2032 ‘Gratias

285 2076 374 2131 agere
399 2059 547 2116 debemus
571 2059 769 2133 omnipotenti
797 2061 862 2130 deo,
889 2060 939 2133 qui
964 2069 994 2116 et
1023 2069 1111 2116 nocte
1141 2059 1199 2116 ista
1226 2063 1370 2134 respexit
1398 2081 1452 2119 nos

242 2162 273 2196 ιο
286 2145 428 2203 misertus
453 2147 555 2216 nostri,
579 2156 610 2204 et
635 2151 744 2205 reiecta
768 2147 904 2204 offense¹
928 2146 1053 2204 materia
1078 2147 1195 2204 remisit
1219 2149 1312 2206 nobis
1344 2152 1451 2208 beatos

285 2233 408 2304 spiritus
420 2243 451 2290 vt
464 2235 555 2306 prius,
569 2235 619 2307 qui
632 2251 753 2292 sursum
771 2244 946 2308 presentent
961 2251 1055 2308 opera
1073 2244 1174 2292 nostra
1187 2246 1216 2292 et
1235 2237 1397 2296 orationes
1415 2241 1451 2294 ad

285 2320 428 2378 thronum
451 2321 668 2395 omnipotentis
690 2322 738 2379 dei
761 2331 791 2378 et
809 2322 1011 2395 suffragentur
1029 2322 1193 2378 infirmitati
1213 2333 1323 2382 nostre
1343 2337 1375 2384 et
1396 2328 1450 2382 im·

285 2417 406 2479 petrent
442 2411 561 2466 veniam
598 2419 769 2466 nostrorum
808 2427 989 2466 excessuum
1020 2419 1049 2467 et
1080 2411 1215 2466 omnium
1249 2411 1450 2471 delictorum'

287 2481 404 2552 Tribus
425 2496 506 2552 enim
526 2497 641 2554 vicibus
664 2496 753 2554 nudis
772 2498 901 2569 pedibus
924 2499 956 2552 in
981 2496 1077 2554 cilicio
1097 2515 1164 2555 curn
1188 2497 1307 2556 Latara
1334 2503 1450 2575 virgine

242 2599 271 2648 25
287 2581 416 2639 Romam
436 2583 570 2656 prosecta
581 2594 628 2642 est
642 2595 746 2641 sancta
763 2584 822 2641 dei.
860 2584 928 2641 Hoc
947 2583 1027 2641 enim
1047 2585 1104 2642 iter
1120 2585 1189 2642 iecit
1201 2587 1286 2644 velut
1298 2589 1334 2646 in
1347 2607 1449 2663 pecca-

286 2679 383 2727 torum
398 2671 602 2744 penitentiam,
615 2681 645 2728 et
664 2673 749 2745 quasi
768 2672 858 2729 vellet
875 2673 990 2729 nullum
1010 2674 1048 2728 de
1067 2673 1130 2730 suis
1150 2675 1335 2734 excessibus
1353 2679 1450 2750 impu-

286 2757 382 2814 nitum
403 2759 581 2832 relinquere,
604 2770 634 2816 et
656 2778 715 2833 que
736 2769 860 2832 cuperet
879 2777 990 2832 corpus
1015 2777 1103 2817 suum
1125 2761 1256 2818 diuersis
1281 2766 1450 2835 generibus

286 2845 470 2903 cruciatuum
488 2846 723 2924 vsquequaque³
741 2849 898 2920 castigare.
954 2847 1090 2905 Rediens
1108 2857 1210 2906 autem
1229 2849 1269 2905 de
1290 2851 1397 2910 Roma
1420 2854 1449 2909 in

287 2933 436 3006 Angliam,
457 2935 540 2990 venit
560 2936 597 2991 ad
619 2935 716 2991 locum
736 2936 785 3008 qui
807 2937 950 2992 vocatur⁴
968 2935 1113 3005 Scaleclii,
1132 2935 1182 2992 vbi
1204 2937 1290 2994 iuxta
1309 2953 1450 2998 montem

241 3037 273 3086 30
286 3020 360 3077 vidit
378 3020 408 3077 in
428 3019 519 3078 ssuuio
536 3021 648 3079 Trenta
667 3022 814 3079 modicam
833 3023 981 3080 insulam:
1000 3025 1032 3080 in
1050 3041 1109 3096 qua
1127 3024 1257 3080 oratorio
1275 3028 1307 3082 in
1330 3029 1449 3086 honore

287 3108 381 3165 sancti
395 3109 521 3165 Andree
540 3120 718 3180 constructo,
731 3119 848 3183 septem
865 3111 953 3167 annis
970 3111 1169 3168 anachoritice
1184 3111 1268 3170 vixit.
1305 3113 1404 3174 Vnde
1421 3127 1450 3173 et

286 3213 381 3269 vsque
407 3196 495 3253 hodie
518 3197 696 3268 Andreseia,
712 3198 729 3254 i.
750 3199 890 3256 ‘Andree
914 3199 1027 3255 insula'
1047 3208 1243 3272 nuncupatur.
1321 3190 1363 3258 in
1386 3206 1450 3261 loco

286 3283 338 3356 qui
351 3301 430 3340 nunc
444 3285 593 3341 Bredonia
606 3285 721 3356 dicitur,
736 3285 876 3342 habitauit
890 3286 939 3342 illo
952 3287 983 3342 in
1000 3295 1135 3359 tempore
1149 3287 1307 3359 religiosus
1320 3292 1449 3363 quidam

288 3370 440 3441 heremita,
454 3371 504 3444 qui
521 3371 620 3429 audita
635 3373 723 3430 huius
740 3373 864 3446 virginis
883 3373 961 3430 sama
977 3374 1150 3447 frequenter
1164 3375 1246 3432 venit
1262 3377 1301 3432 ad
1321 3395 1405 3450 eam,
1420 3391 1448 3436 et

241 3469 272 3519 35
287 3457 440 3515 deserebat
453 3458 480 3515 ei
493 3459 568 3516 vitas
580 3469 762 3530 sanctorum,
775 3461 805 3517 in
823 3461 932 3534 quibus
947 3479 982 3518 se
998 3461 1179 3520 reficiebant.
1216 3462 1358 3532 Quadam
1374 3485 1449 3525 vern
1494 3527 1495 3546 χ

287 3546 335 3602 die
348 3546 420 3603 dum
433 3547 542 3604 oblitus
560 3547 665 3605 suisset
684 3566 786 3605 secum
804 3549 909 3606 tollere
926 3551 1043 3617 librum,
1056 3549 1134 3623 cepit
1150 3550 1200 3606 illa
1215 3561 1311 3608 mesta
1322 3571 1400 3612 esse
1419 3567 1448 3612 et

286 3634 439 3706 conqueri,
452 3635 556 3692 dicens
568 3636 626 3694 illi:
647 3637 764 3706 ‘Quare
777 3636 885 3693 librum
899 3655 984 3695 more
997 3638 1083 3694 solito
1096 3655 1157 3694 non
1174 3637 1305 3708 attulisti,
1317 3652 1413 3712 pater
1423 3645 1449 3699 ?’
1494 3673 1495 3684 κ

288 3721 325 3779 Et
346 3721 413 3779 ille:
434 3721 502 3779 ‘sic
523 3723 620 3792 modo,
643 3723 773 3793 domina,
794 3723 1068 3798 contigit,.mecum
1093 3726 1172 3782 enirn
1198 3725 1306 3783 afferre
1329 3730 1448 3788 oblitus
1494 3745 1495 3806 ᾗ

286 3812 373 3868 ειιιιι.Ι
406 3809 486 3866 Misit
499 3811 597 3882 itaque
610 3812 685 3868 duas
697 3811 828 3884 virgines
838 3830 906 3869 cum
917 3812 1060 3882 nauicula,
1072 3831 1131 3885 que
1144 3811 1320 3870 festinanter
1331 3815 1447 3874 librum
1494 3809 1495 3870 i

240 3911 273 3960 40
287 3906 441 3971 reportare
454 3906 586 3970 possent
623 3898 759 3972 Cumque
777 3901 815 3956 ad
834 3901 931 3957 locum
951 3901 1001 3974 qui
1016 3901 1099 3972 Lega
1116 3901 1223 3958 dicitur
1236 3904 1446 3975 nauigassent,
1494 3887 1495 3942 i

287 3996 353 4043 orta
365 3995 544 4058 tempestate
562 3985 662 4044 carina
679 3987 815 4060 protinus
830 3987 969 4044 inclinata
984 3999 1125 4061 utrasque
1143 3989 1274 4062 virgines
1287 3991 1399 4048 subtus
1412 4012 1447 4052 se
1494 4015 1495 4022 ¹

286 4075 403 4132 clausas
424 4073 567 4131 infundo
589 4091 665 4147 aque
683 4075 845 4149 cooperuit.
881 4076 1017 4150 Cumque
1034 4076 1085 4134 diu
1108 4077 1271 4134 aduentum
1289 4077 1446 4152 virginum

287 4264 328 4382 ΕΙ
346 4265 374 4316 E.
387 4267 530 4380 ctopolatus.
619 4265 675 4316 ¹T.
688 4265 795 4316 offensa
881 4266 939 4319 ⁸13.
953 4282 1128 4330 vsquequam.
1211 4265 1445 4332 ‘Tappettatun
1494 4271 1495 4274 ’

311 4347 394 4383 ,voca
407 4347 443 4384 ur.
