3046 4902
263 279 337 348 ⁶1⁶
695 265 898 368 apparuit
926 269 978 346 11.

261 483 400 544 expertus,
420 481 449 528 et
468 481 498 527 vt
516 469 574 527 vidi
595 469 846 527 cauteriacionibue
866 487 901 526 ac
918 469 1032 526 colliriis
1050 488 1117 526 vsus
1137 471 1318 542 peroptimis,
1330 471 1415 528 eciam

260 555 376 610 fratrum
389 555 518 625 precibus
530 555 606 624 apud
617 553 702 608 deum
717 563 745 609 et
758 563 886 608 eandum
903 553 1085 608 Edmundum
1101 555 1225 618 adiutus,
1240 555 1316 609 infra
1334 557 1416 610 breue

261 647 372 708 tempus
393 637 521 708 sospitati
544 637 686 704 redditur3
708 637 831 709 quadam
847 648 942 692 tamen
963 637 1132 693 obscuritate
1151 636 1181 692 in
1196 638 1296 692 medio
1316 640 1417 709 pupille

261 720 342 776 unius
365 721 439 775 oculi
463 737 514 790 pro
538 720 620 789 signo
642 729 814 774 remanente.
857 721 896 774 Et
919 720 973 776 hoc
991 729 1036 774 est
1056 721 1133 790 quod
1155 722 1266 776 canitur
1291 722 1323 777 in
1347 724 1416 777 testo

234 817 248 867 5
262 803 456 858 translacionis
465 802 555 858 sancti
564 802 726 858 Edmundi:
740 803 802 858 ‘Ad
812 802 967 858 sedandum
975 801 1122 858 consilium
1131 802 1283 872 discordie,
1289 806 1417 860 conantis

262 887 398 942 honorem
426 885 550 941 alienum
579 885 721 952 inuadere,
746 885 924 952 Edmundus,
948 885 1034 955 digna
1064 886 1222 954 sanctitate,
1253 887 1417 957 pontificem

262 970 398 1040 percussit
411 970 547 1025 cecitate:
567 977 611 1022 set
623 967 758 1038 penitenti
771 985 844 1038 pene
856 977 965 1038 partem
976 967 1100 1035 donauit,
1109 978 1218 1037 partem
1232 986 1285 1038 pro
1297 971 1419 1026 audacia

261 1053 355 1108 eidem
377 1053 514 1108 seruauit)
551 1051 664 1106 Deinde
686 1052 778 1121 presul
802 1050 876 1106 idem
896 1049 925 1104 in
947 1050 993 1106 die
1013 1051 1086 1105 testo
1102 1051 1194 1106 saneti
1212 1053 1365 1109 Edmundi
1383 1056 1420 1110 de

262 1136 476 1206 recuperacione
496 1153 546 1190 sua
565 1133 683 1188 verbum
701 1133 766 1188 iecit
784 1134 822 1188 ad
840 1134 983 1203 populum,
1001 1131 1124 1188 inuitans
1143 1150 1208 1188 eum
1228 1136 1267 1190 ad
1288 1136 1419 1192 eiusdem

219 1233 249 1270 ro
263 1218 353 1276 sancti
366 1219 549 1274 deuocionem
560 1233 567 1284 ;
580 1217 719 1286 deumque
731 1226 759 1270 et
772 1225 902 1271 sanctum
916 1215 1062 1270 Martirem
1074 1216 1254 1273 oracionibus
1265 1218 1421 1290 delictique

263 1302 305 1357 sui
324 1300 507 1368 consessione,
525 1315 610 1354 cause
626 1299 718 1354 eciam
736 1315 785 1354 sue
803 1297 1003 1368 resignacione,
1019 1297 1142 1368 placans,
1160 1299 1199 1352 ad
1218 1301 1336 1370 propria
1353 1319 1421 1356 mum

261 1384 365 1454 gaudio
373 1400 501 1438 reuersus
510 1383 644 1438 est-Set
652 1383 839 1452 postea,quod
850 1381 903 1436 sibi
912 1381 991 1451 peius
1000 1389 1068 1448 erat,
1074 1397 1188 1436 omnem
1198 1384 1421 1452 promissionem

261 1483 341 1522 suam
359 1465 448 1535 fregit.
485 1465 643 1520 Restitutus
667 1463 742 1518 enim
764 1481 815 1534 pro
834 1480 937 1533 magna
958 1473 1037 1534 parte
1058 1462 1180 1530 sanitati,
1205 1465 1421 1538 calumpniam¹

261 1565 342 1604 suam
360 1557 476 1604 renouat
494 1557 521 1604 et
540 1547 641 1604 iterum
658 1547 761 1602 clamat
778 1547 925 1602 abbaciam
943 1545 1034 1600 sancti
1052 1546 1195 1602 Edmundi
1208 1547 1317 1604 debere
1329 1551 1421 1620 redigi

219 1647 249 1700 ¹5
262 1633 316 1688 sub
335 1632 402 1687 iuris
420 1632 462 1687 sui
481 1629 614 1686 dominio
653 1631 717 1697 Qua
735 1628 916 1684 discucienda
933 1627 1101 1697 calumpnia,
1118 1639 1146 1684 et
1164 1641 1194 1684 ut
1213 1629 1423 1702 intelligeretur

262 1716 412 1772 comitatus
432 1714 540 1782 exinde,
564 1711 684 1768 mittitur
707 1712 745 1766 ad
769 1711 932 1767 suburbium
956 1709 1046 1766 sancti
1070 1711 1214 1766 Edmundi
1239 1714 1321 1784 regio
1342 1715 1423 1772 iussu

265 1799 438 1854 lantrancsu
452 1795 603 1853 Cantuarie
624 1795 726 1865 presul,
741 1797 795 1850 hac
813 1811 864 1866 pro
879 1812 909 1849 re
921 1793 1070 1848 terminato
1082 1792 1187 1848 ibidem
1202 1812 1310 1852 nouem
1330 1799 1423 1854 comi-

265 1891 374 1936 tatuum
399 1891 472 1948 cetu,
496 1879 616 1934 Aliwino
639 1876 802 1932 ramesiensi
827 1877 931 1932 abbate
951 1887 1018 1931 tunc
1040 1877 1124 1945 pleno
1144 1877 1256 1932 dierum
1280 1897 1317 1934 ac
1343 1899 1423 1948 sene,

263 1962 343 2020 cuius
361 1961 553 2018 testimonium
572 1978 607 2016 ex
625 1969 751 2031 tempore
774 1959 847 2030 regis
872 1959 973 2015 Canuti
995 1960 1143 2029 prolatum,
1164 1977 1293 2032 voceque
1315 1982 1423 2021 nomm

219 2067 251 2102 ao
263 2045 444 2102 comitatuum
462 2045 648 2112 obfimtatum,
661 2043 738 2114 quod
755 2042 874 2098 abbacia
885 2043 974 2112 viguit
991 2041 1186 2112 prenominata
1198 2053 1268 2100 tunc
1284 2048 1423 2118 temporis

263 2128 391 2188 libertate
409 2129 565 2184 testificata.
602 2127 649 2181 Ad
665 2127 740 2197 quod
760 2125 893 2182 inuitatus
914 2125 1007 2196 presul
1028 2123 1186 2194 iniuriosus,
1205 2128 1305 2184 venire
1327 2133 1423 2187 renuit

263 2229 300 2268 ne
308 2213 384 2268 fieret
394 2211 733 2276 dedecorosus,euomens
742 2225 838 2264 secum
848 2210 975 2264 tianunas
983 2207 1032 2275 ire,
1042 2217 1117 2264 retro
1124 2210 1258 2265 mordens
1266 2231 1423 2282 venenose,

263 2294 363 2350 acriter
375 2311 517 2350 morsurus
529 2293 706 2364 quandoque
743 2291 832 2347 Dedit
848 2301 962 2348 eentum
979 2307 1089 2346 mareas
1101 2291 1162 2346 auri
1174 2310 1246 2363 quas
1263 2295 1326 2366 regi
1340 2297 1422 2366 polli-

263 2377 336 2432 citus
344 2387 386 2432 est
397 2377 497 2432 stolide
507 2393 557 2447 pro
564 2374 680 2430 licencia
688 2374 789 2445 placidi
801 2394 807 2430 :
821 2391 874 2432 nec
883 2373 1198 2445 nouissimusquadrans
1206 2377 1424 2446 perdonabatur

220 2482 250 2533 ²5
264 2457 338 2526 inde,
346 2459 413 2530 quin
426 2459 498 2514 vltra
510 2459 661 2528 decuplum
672 2457 834 2528 exigebatur
845 2476 853 2523 5
866 2474 965 2512 reuma
976 2457 1139 2522 fortunatus,
1150 2457 1173 2513 si
1188 2477 1245 2514 non
1258 2461 1423 2532 exigeretur

262 2541 391 2611 amplius
427 2542 592 2596 Mun'anus.
620 2541 708 2610 igitur
725 2557 801 2596 anno
819 2540 925 2596 domini
945 2540 1087 2595 M⁰lxxxi⁰
1104 2540 1254 2598 ventilatur
1267 2545 1323 2600 hec
1337 2548 1422 2602 alter·

263 2624 357 2680 cacio¹
374 2641 408 2679 ex
429 2635 561 2694 precepto
583 2624 658 2693 regis
681 2624 757 2693 apud
782 2624 962 2688 Wintoniam,
988 2623 1163 2693 presentibus
1187 2625 1423 2699 archiepiscopis,

262 2707 410 2778 episcopis,
423 2706 582 2775 abbatibus,
596 2707 754 2773 comitibus,
766 2719 795 2763 et
808 2707 900 2762 multis
912 2707 974 2762 aliis
988 2707 1064 2776 regni
1079 2707 1238 2775 nobilibus3
1256 2711 1307 2765 vbi
1323 2714 1422 2782 presul

263 2807 345 2846 suum
361 2790 481 2845 facunde
496 2789 561 2846 iecit
576 2789 734 2856 clamorem,
748 2799 791 2846 set
806 2789 918 2860 scriptis
930 2799 959 2844 et
971 2788 1137 2846 testimoniis
1149 2791 1264 2846 omnino
1279 2810 1421 2862 vacuum

219 2895 252 2948 30
264 2874 354 2930 abbas
366 2891 431 2928 vero
443 2884 568 2940 econm,
581 2873 723 2941 quomodo
737 2873 862 2928 Canutus
874 2890 922 2928 rex
934 2889 997 2927 cum
1010 2871 1128 2927 consilio
1138 2873 1421 2947 archiepiscopomm

263 2967 292 3014 et
316 2957 512 3027 episcoporum
538 2965 568 3012 et
593 2956 758 3025 optimatum
787 2971 900 3010 suorum
927 2954 1082 3010 monachos
1111 2954 1139 3008 in
1165 2957 1266 3011 eadem
1297 2961 1421 3015 ecclesia

264 3041 388 3112 posuerit
412 3039 553 3095 mediante
574 3049 603 3093 et
626 3037 778 3094 auxiliante
799 3037 944 3107 Ayelwino
968 3039 1079 3109 presule
1101 3048 1169 3092 tunc
1187 3037 1353 3109 diocesano,
1375 3043 1424 3110 (ex

263 3125 382 3178 cronicis
393 3123 426 3178 de
437 3121 507 3192 Ely)
521 3121 568 3192 qui
581 3121 695 3192 quidem
714 3121 807 3191 presul
819 3122 856 3176 ob
869 3119 1049 3176 deuocionem
1061 3119 1173 3191 qua[m]
1183 3118 1194 3151 ¹
1206 3139 1274 3192 erga
1287 3137 1420 3182 sanctum

265 3206 447 3261 Edmundum
466 3206 610 3270 habuerat,
630 3213 721 3259 totum
738 3203 782 3258 ius
801 3220 882 3258 suum
903 3213 931 3258 et
951 3203 1172 3259 iurisdiccionem
1189 3223 1224 3260 ac
1243 3207 1422 3278 episcopalia

221 3307 252 3360 35
266 3299 442 3343 sacramenta
463 3287 535 3342 intra
552 3287 626 3342 idem
645 3287 845 3342 monasterium
861 3296 889 3341 et
906 3285 1042 3356 oppidum
1062 3297 1090 3342 et
1108 3286 1138 3341 in
1155 3288 1272 3343 circuitu
1290 3291 1420 3348 eiusdem

220 3379 225 3388 “
265 3371 372 3439 prefato
389 3369 559 3426 monasterio
578 3369 722 3438 concessit,
741 3386 793 3425 nec
807 3369 844 3424 ad
863 3369 971 3425 illorum
990 3369 1170 3439 ingressionis
1189 3371 1291 3438 officia,
1308 3391 1363 3430 nec
1381 3377 1419 3430 ad

264 3451 493 3508 benedcdonem
516 3453 627 3508 abbatis
651 3452 786 3508 interesse
810 3450 915 3520 voluit3
945 3452 1123 3522 (Maniam)
1154 3455 1192 3508 Et
1210 3456 1289 3524 quod
1310 3457 1419 3526 primus

264 3535 353 3590 abbas
370 3534 425 3590 loci
443 3535 480 3590 ab
498 3535 631 3606 episcopo
649 3534 836 3601 londoniensi,
856 3535 996 3590 secundus
1017 3537 1054 3590 ab
1078 3535 1210 3606 episcopo
1229 3538 1419 3608 wintoniensi,

264 3627 293 3674 et
317 3617 377 3687 ipse
401 3618 578 3674 Baldewinus
602 3618 702 3674 tercius
724 3619 811 3674 abbas
831 3617 869 3673 ab
889 3617 1098 3689 archiepiscopo
1122 3621 1310 3676 cantuariensi
1334 3623 1420 3680 fuerit

220 3724 253 3776 40
265 3699 454 3768 confirmatus,
466 3711 495 3756 et
513 3700 589 3772 quod
605 3717 657 3771 per
671 3699 785 3770 triginta
803 3710 860 3756 tres
877 3717 968 3756 annos
986 3701 1045 3756 sine
1061 3702 1180 3757 alicuius
1196 3702 1343 3776 episcopi¹
1360 3706 1419 3764 iam

265 3783 332 3840 dicti
346 3783 450 3840 Art'asti
465 3785 670 3854 predecessoris
687 3783 911 3840 contradiccione
923 3785 1054 3840 monachi
1070 3785 1186 3854 predicti
1205 3786 1259 3842 loci
1276 3805 1295 3842 a
1312 3789 1419 3860 quibus

265 3869 412 3924 voluerunt
432 3865 570 3937 episcopis
585 3866 699 3922 ordines
718 3865 900 3936 susceperint,
915 3883 951 3922 ex
969 3867 1067 3922 ordine
1082 3867 1235 3924 luculenter
1252 3873 1418 3941 enarrauit3

265 4033 294 4088 in
306 4033 407 4104 quibus
424 4032 461 4088 ab
473 4033 550 4088 omni
568 4031 764 4088 dominacione
781 4030 908 4088 omnium
925 4032 1120 4103 episcoporum
1132 4033 1278 4104 Estanglie
1289 4035 1419 4094 funditus

220 4140 252 4190 45
266 4117 437 4186 sepedictam
453 4115 598 4171 ecclesiam
613 4116 729 4170 liberam
742 4131 805 4170 esse
821 4115 1027 4185 perpetualiter,
1042 4115 1094 4186 ipsi
1109 4133 1189 4186 reges
1207 4131 1417 4176 concesserunt.

267 4199 350 4267 Quod
372 4198 572 4254 cantuariensis
593 4197 818 4270 archiepiscopus
840 4199 1020 4266 Laniramus,
1039 4208 1068 4255 et
1089 4200 1214 4254 Thomas
1235 4200 1417 4258 eboracensis

330 4331 581 4386 ¹H.calamitatem.
668 4335 731 4386 Ἠ.
748 4335 888 4388 calamitas.
985 4335 1134 4403 'Mbqua
1225 4335 1351 4389 ‘dorm
