3054 4904
274 321 342 389 126
581 316 712 402 mona
737 313 928 417 litatum
952 313 1102 418 ancta

269 513 430 588 religionis,
444 523 547 573 mutue
560 515 711 574 charitatis
726 517 797 590 [et]¹
811 517 903 591 pacis,
914 518 1132 592 hospitalitatis,
1145 527 1175 575 et
1190 517 1271 590 [de]²
1284 519 1421 576 lectionis

268 619 302 660 ac
319 603 463 660 orationis
484 605 624 661 instantia
642 606 815 662 hortabatur
827 623 880 662 eos
892 627 899 676 ;
913 607 952 662 de
965 615 1137 663 sanctorum
1155 617 1273 680 patrum
1290 608 1422 664 decretis

269 700 431 764 sancteque
444 709 567 749 romane
581 693 708 750 ecclesie
721 695 864 750 institutis
876 694 1003 750 firmiter
1014 695 1226 763 custodiendis,
1240 695 1326 751 fortia
1338 696 1423 751 dedit

269 796 303 835 ac
316 779 475 853 dereliquit
488 789 640 853 precepta.
677 779 807 852 Quidam
820 790 928 851 autem,
942 783 992 855 qui
1010 782 1095 838 illum
1113 781 1223 838 arctius
1240 783 1422 852 dilexerunt,

241 875 338 926 tcum
358 866 508 924 lachrimis
530 867 670 941 prostrati
690 868 848 926 dixerunt:
877 869 1021 939 ‘Scimus
1042 879 1178 942 pateret
1199 869 1330 940 domine,
1352 871 1423 942 quia

269 953 354 1026 cupis
369 955 493 1011 dissolui
513 965 542 1012 et
561 973 630 1012 esse
649 973 718 1012 curn
732 955 868 1027 Christo;
888 957 942 1012 sed
963 958 1065 1028 nostri,
1078 974 1251 1030 quesumus,
1265 958 1422 1028 miserere,

268 1058 345 1114 quos
364 1041 393 1098 in
407 1043 527 1100 Christo
546 1043 708 1116 parturisti.
746 1045 893 1117 Quicquid
909 1045 1040 1100 humana
1058 1044 1214 1117 fragilitate
1231 1045 1424 1119 deliquimus,

269 1145 392 1202 semper
413 1131 443 1188 in
464 1139 626 1204 conspectu
649 1140 700 1187 tuo
721 1133 907 1200 confitentes,
928 1133 965 1188 ad
987 1133 1141 1189 arbitrium
1161 1133 1351 1190 discretionis
1371 1144 1424 1191 tue

269 1219 431 1275 emendare
448 1218 626 1275 curauimus.
665 1219 737 1276 Pete
755 1237 828 1292 ergo
844 1237 862 1276 a
880 1221 1001 1276 domino
1018 1221 1083 1276 dari
1101 1222 1187 1277 nobis
1204 1238 1295 1293 posse
1311 1239 1350 1278 ex
1367 1223 1424 1279 hac

227 1319 257 1358 ro
269 1305 346 1362 valle
359 1305 570 1362 lachrimarum
580 1307 617 1362 ad
627 1309 768 1380 gaudium
778 1308 891 1364 domini
904 1307 945 1364 tui
955 1317 1054 1364 tecum
1064 1308 1288 1380 commigrandi.
1319 1309 1424 1365 Credi-

270 1409 338 1450 mus
354 1391 434 1448 enim
447 1395 517 1466 quia
529 1395 668 1468 quicquid
682 1394 804 1467 petieris
815 1413 833 1451 a
845 1396 912 1464 deo,
924 1395 1006 1453 dabit
1022 1396 1074 1452 tibi
1088 1396 1235 1453 dominus.
1273 1396 1425 1454 lndecens

269 1479 388 1536 autem³
401 1481 488 1538 nobis
500 1483 618 1539 videtur
629 1493 661 1538 vt
679 1481 813 1556 pontifex
832 1483 898 1540 sine
916 1483 1005 1551 clero,
1018 1493 1123 1556 pastor
1137 1485 1252 1557 absque
1268 1484 1369 1557 aliquo
1385 1485 1425 1542 de

270 1585 361 1640 grege
379 1585 442 1638 suo,
456 1579 542 1641 pater
558 1571 672 1643 absque
690 1571 758 1626 filiis
775 1571 865 1628 intret
882 1573 918 1628 ad
936 1573 1045 1644 gaudia
1062 1571 1176 1628 domini
1192 1572 1256 1628 sui!
1292 1571 1432 1629 Sanctus

272 1655 387 1728 [vero]⁴
407 1656 518 1728 pietate
538 1667 713 1728 commotus,
734 1659 856 1715 collecto
878 1659 949 1715 flatu
967 1669 999 1716 vt
1018 1658 1118 1730 valuit,
1137 1659 1230 1716 dixit:
1260 1658 1425 1718 ‘Voluntas

227 1757 255 1806 15
270 1744 383 1800 domini
396 1744 434 1801 de
447 1745 588 1801 omnibus
601 1746 687 1802 nobis
700 1746 760 1816 fiat,
774 1756 804 1802 et
823 1747 899 1803 sicut
916 1747 1022 1803 melius
1036 1746 1120 1802 nouit
1132 1756 1163 1802 et
1175 1747 1202 1804 ei
1216 1747 1371 1819 placuerit,
1385 1750 1426 1804 de

270 1831 358 1888 nobis
383 1832 522 1889 omnibus
545 1833 700 1906 disponat.²
743 1833 780 1890 Et
805 1852 875 1891 ecce
899 1835 1024 1907 angelus
1049 1833 1162 1890 domini
1187 1851 1255 1892 curn
1280 1835 1425 1891 ineffabili

270 1918 386 1992 fulgore
399 1930 429 1976 et
444 1921 577 1977 claritate
594 1938 745 1994 apparens
757 1921 951 1979 circumfulsit
964 1939 1041 1991 eum,
1055 1931 1085 1978 et
1097 1921 1190 1979 dixit:
1210 1921 1426 1995 ‘Kentegeme

271 2007 366 2065 electe
380 2017 410 2064 et
422 2007 529 2064 dilecte
542 2008 599 2078 dei,
612 2009 713 2066 exulta
726 2019 756 2065 et
773 2009 874 2079 letare,
888 2011 1029 2083 quoniam
1042 2009 1182 2066 exaudita
1198 2019 1244 2066 est
1257 2011 1351 2066 oratio
1363 2021 1425 2080 tua,

271 2105 301 2152 et
313 2096 555 2168 preparationem
566 2097 663 2154 cordis
676 2099 718 2153 tui
731 2097 844 2156 audiuit
857 2097 938 2154 auris
950 2099 1060 2154 diuina.
1093 2097 1158 2154 Fiet
1170 2099 1251 2154 enim
1264 2099 1317 2154 tibi
1330 2115 1425 2170 super

227 2197 258 2232 20
271 2183 425 2256 discipulis
442 2183 500 2240 tuis
519 2184 595 2242 sicut
612 2187 667 2242 vis.
704 2185 780 2242 Cras
799 2185 994 2258 egrediemini
1012 2187 1049 2242 de
1066 2203 1193 2258 corpore
1212 2187 1318 2242 mortis
1335 2187 1426 2243 huius

271 2271 309 2326 ad
320 2271 410 2328 vitam
424 2271 655 2343 indeficientem,
665 2281 696 2328 et
708 2274 847 2330 dominus
860 2273 917 2330 erit
926 2275 1089 2343 vobiscum,
1099 2283 1129 2330 et
1140 2291 1195 2330 vos
1208 2274 1291 2331 eritis
1304 2291 1373 2330 cum
1387 2293 1426 2332 eo

271 2359 302 2415 in
315 2368 504 2431 perpetuum.
536 2359 574 2418 Et
586 2363 656 2434 quia
668 2368 728 2417 tota
737 2361 797 2417 vita
810 2371 860 2417 tua
873 2363 903 2418 in
917 2362 972 2418 hoc
985 2362 1097 2418 mundo
1107 2362 1173 2435 iuge
1183 2360 1237 2417 fuit
1249 2363 1427 2430 martirium,

272 2446 381 2518 placuit
395 2445 517 2502 domino
526 2456 557 2504 vt
570 2450 719 2505 mitiorem
729 2449 838 2505 ceteris
850 2449 1021 2505 hominibus
1034 2449 1146 2506 habeas
1155 2449 1214 2505 vite
1225 2449 1325 2506 finem.
1365 2449 1390 2505 F
1391 2467 1426 2506 ac

271 2533 324 2590 tibi
341 2534 371 2590 in
385 2537 548 2592 crastinum
561 2536 690 2592 calidum
705 2537 803 2608 parari
815 2536 978 2606 lauacrum,
991 2535 1021 2592 in
1035 2555 1095 2610 quo
1111 2537 1295 2609 ingrediens,
1308 2537 1426 2610 absque

228 2625 258 2676 ²⁵
271 2621 409 2694 angustia
421 2623 505 2694 graui
522 2623 553 2678 in
569 2641 677 2680 manus
689 2625 737 2680 dei
755 2625 865 2680 reddes
882 2625 912 2680 in
930 2642 1004 2697 pace
1021 2623 1158 2697 spiritum
1174 2633 1267 2681 tuum.
1304 2624 1378 2681 Post
1395 2635 1427 2682 te

273 2705 363 2761 etiam
388 2705 494 2762 fratres
518 2705 560 2763 illi
585 2707 737 2764 lauacrum
763 2708 900 2780 ingressi,
920 2716 950 2764 et
968 2708 1073 2764 mortis
1091 2707 1217 2765 vinculis
1238 2707 1375 2775 absoluti,
1395 2709 1427 2766 in

272 2793 484 2866 splendoribus
505 2804 677 2851 sanctorum
697 2795 820 2852 celestia
839 2812 934 2868 regna
952 2805 1050 2852 tecum
1072 2797 1288 2869 penetrabunt’
1328 2796 1428 2853 Rece-

271 2883 362 2938 dente
380 2883 496 2956 angelo,
510 2882 578 2939 miri
594 2882 696 2940 odoris
713 2883 874 2956 fragrantia
887 2885 984 2940 locum
1001 2893 1030 2940 et
1043 2900 1149 2941 omnes
1163 2885 1331 2940 habitantes
1344 2887 1375 2940 in
1390 2903 1429 2942 eo

272 2969 510 3027 inestimabiliter
538 2969 683 3043 respersit
691 2969 710 3027 ⁶.
790 2959 828 3028 ln
853 2981 957 3044 parato
982 2971 1071 3043 igitur
1094 2971 1211 3028 lauacro
1236 2972 1283 3028 vir
1306 2971 1355 3028 dei
1382 2973 1429 3028 in·

227 3069 260 3118 30
273 3075 405 3130 gressus,
431 3057 554 3114 eleuatis
579 3059 673 3115 oculis
697 3066 728 3115 et
753 3059 892 3116 manibus
917 3059 947 3116 in
973 3059 1078 3128 celum,
1103 3059 1189 3132 quasi
1217 3060 1247 3116 in
1272 3059 1427 3132 placidum

273 3146 422 3202 resolutus
435 3163 606 3218 sompnum,
615 3145 755 3202 inclinato
768 3149 864 3219 capite
873 3147 994 3202 tradidit
1006 3146 1151 3219 spiritum
1190 3147 1313 3204 Eleuato
1323 3158 1427 3205 autem

273 3250 290 3288 a
303 3233 457 3305 discipulis
470 3233 507 3288 de
521 3233 640 3290 lauacro
653 3250 779 3306 corpore
792 3243 904 3304 sancto,
914 3235 1023 3308 singuli
1037 3233 1162 3291 fratrum
1174 3244 1335 3307 antequam
1347 3253 1430 3309 aqua

274 3319 447 3393 frigesceret
465 3320 495 3375 in
514 3320 666 3377 lauacrum
685 3321 829 3391 immersi,
849 3323 887 3378 ad
904 3323 1043 3380 ethereas
1062 3323 1235 3379 mansiones
1252 3339 1319 3378 cum
1339 3334 1429 3395 patre

273 3417 378 3464 sancto
389 3408 630 3480 commigrarunt.
685 3397 821 3468 Sanctus
834 3410 934 3482 itaque
945 3409 1159 3482 Kentegemus
1167 3409 1177 3442 ⁶
1185 3427 1253 3466 cum
1263 3420 1346 3466 esset
1355 3429 1429 3468 cen-

228 3508 259 3558 35
273 3504 336 3551 turn
349 3493 629 3568 octogintaquinque
643 3513 799 3566 annorum,
810 3515 890 3553 anno
900 3497 1088 3570 episcopatus
1100 3498 1147 3553 sui
1160 3498 1324 3554 centesimo
1337 3515 1430 3555 sexa·

273 3584 398 3656 gesimo,
420 3582 515 3656 signis
538 3584 692 3656 preclarus
716 3593 746 3640 et
767 3585 910 3656 prodigiis
934 3584 1050 3641 idibus²
1074 3583 1203 3641 Ianuarii
1225 3585 1366 3657 migrauit
1389 3589 1429 3644 ad

273 3670 447 3740 dominum;
480 3671 517 3726 ad
543 3673 626 3728 cuius
651 3671 799 3728 tumulum
824 3673 855 3728 in
884 3672 1055 3744 glascuensi
1079 3672 1205 3730 ecclesia
1229 3671 1308 3728 cecis
1332 3675 1429 3742 visus,

273 3757 373 3814 surdis
397 3757 527 3826 auditus,
551 3758 665 3814 claudis
686 3777 819 3831 gressus,
845 3761 936 3816 mutis
959 3760 1087 3833 loquela,
1111 3760 1241 3832 leprosis
1266 3761 1428 3832 mundicia,

273 3847 435 3920 paraliticis
452 3848 656 3904 membrorum
669 3847 810 3918 valitudo,
823 3847 944 3904 furiosis
964 3865 1082 3918 sensus,
1095 3847 1297 3906 restituuntur.
1336 3846 1429 3921 lmpii

228 3947 261 3998 40
273 3935 418 4009 sacrilegi,
431 3937 552 4009 periuri,
565 3946 595 3993 et
612 3935 694 4008 pacis
711 3935 838 3993 ecclesie
851 3953 906 3993 sue
918 3936 1086 4005 violatores,
1100 3945 1130 3993 et
1146 3935 1241 3992 sancti
1260 3935 1315 3992 loci
1330 3933 1429 4009 inqui-

274 4033 403 4094 natores,
425 4025 573 4096 condigna
597 4040 677 4096 pena
700 4023 879 4096 plectuntur.
953 4012 1091 4098 Quidam
1112 4026 1151 4080 de
1171 4023 1284 4096 Glasgu
1303 4039 1429 4081 vaccam

274 4121 360 4168 nocte
379 4114 508 4186 quadam
526 4111 636 4168 furtiue
654 4111 815 4180 abducens,
831 4129 922 4168 vacca
940 4113 1009 4169 viua
1025 4121 1056 4168 et
1074 4113 1112 4168 ad
1131 4111 1226 4184 pedes
1244 4111 1309 4167 eius
1328 4111 1430 4184 ligata,

274 4201 377 4257 diuino
395 4199 487 4256 nutu⁸
499 4199 648 4257 extinctus
666 4199 823 4272 reperitur.
862 4198 947 4256 Multi
960 4216 1080 4273 quoque
1092 4197 1220 4256 camelis
1236 4197 1340 4272 flagitii
1357 4215 1430 4272 per-

309 4309 381 4358 'om
395 4309 421 4357 in
434 4308 463 4359 E.
546 4307 624 4360 ¹0m.
706 4307 785 4358 ’oua
798 4308 824 4357 irr
836 4307 865 4358 T.
953 4308 1010 4358 ⁴T.
1023 4307 1052 4358 E.
1065 4309 1145 4369 enim,
1226 4307 1429 4372 ‘Eresparsit

273 4373 329 4426 *Β
346 4373 531 4436 Kentegrr'nus.
599 4372 740 4436 'T.idus;
756 4374 891 4427 E.idibus.
956 4373 1103 4428 'avuta
