3064 4882
294 322 364 394 ι70
599 301 730 390 uuna
756 298 946 403 [tumltu
969 298 1123 402 unaue

288 509 494 572 agnoscerent,
518 502 710 574 agnoscendo
734 502 875 570 colerent,
900 501 1025 558 colendo
1052 501 1082 556 in
1107 501 1247 558 omnibus
1271 497 1438 572 diligerent,

290 596 320 644 et
339 587 489 661 diligendo
510 591 548 646 ad
567 589 687 647 celestis
709 589 793 663 regni
816 589 941 663 glon'am
964 589 1166 662 peruenirent.
1204 589 1302 644 Nemo
1324 587 1375 642 illa
1393 587 1438 641 in·

288 675 378 748 genio
403 675 587 749 profundior,
611 695 701 734 nemo
726 677 845 751 eloquio
869 687 932 735 erat
962 677 1077 733 clarior.
1122 677 1239 748 Regem
1270 675 1369 748 ipsum
1400 673 1437 729 ad

289 763 413 832 iusticie,
432 765 644 836 misericordie,
658 766 900 835 elemosinarum,
915 765 1099 837 aliarumque
1119 781 1211 838 opera
1229 763 1372 820 virtutum
1391 779 1438 816 ac·

261 852 388 918 stendit
405 863 435 908 et
451 863 631 926 cooperante
648 854 705 910 deo
722 853 1046 926 obtemperatissimum
1063 851 1169 910 effecit
1206 849 1321 907 Videns
1339 858 1438 905 autem

289 955 345 995 rex
361 939 392 995 in
410 942 500 996 corde
517 941 620 1013 regine
633 941 786 997 Christum
801 941 946 1013 veraciter
964 939 1104 1008 habitare,
1118 940 1198 996 illam
1210 955 1330 1011 quoquo
1349 937 1438 992 modo

288 1026 442 1084 offendere
455 1027 629 1096 formidans,
637 1029 715 1085 votis
727 1029 793 1084 eius
805 1039 835 1085 et
844 1028 976 1085 consiliis
989 1027 1019 1084 in
1032 1027 1171 1084 omnibus
1184 1027 1305 1082 obedire
1318 1025 1438 1081 studuit.

289 1113 355 1182 Que
377 1116 491 1188 respuit
513 1115 587 1188 ipsa,
607 1126 637 1172 et
658 1117 707 1172 ille
728 1133 888 1189 respuere;
918 1125 948 1172 et
968 1132 1026 1188 que
1048 1123 1209 1182 amauerat,
1230 1129 1333 1170 amore
1359 1111 1437 1168 illius

288 1217 390 1258 amare
407 1203 521 1260 solebat
531 1203 556 1274 1;
575 1213 605 1260 et
618 1204 727 1260 librum
741 1205 770 1260 in
784 1221 843 1276 quo
861 1204 964 1276 regina
977 1204 1080 1272 orauit,
1095 1203 1232 1258 manibus
1251 1209 1438 1258 contrectare

245 1307 276 1343 ro
288 1298 318 1344 et
336 1290 437 1346 osculo
456 1293 594 1348 venerari
612 1292 775 1349 delectatus
794 1300 849 1348 est.
888 1291 973 1364 Rege
992 1308 1059 1348 cum
1079 1307 1187 1362 magno
1206 1289 1346 1346 comitatu
1370 1305 1437 1360 pro·

288 1377 423 1448 cedente,
442 1378 603 1436 familiares
624 1380 689 1436 eius
708 1397 843 1453 quosque
862 1387 943 1436 tanta
961 1396 1088 1436 censura
1107 1377 1266 1445 cohercuit,
1284 1387 1317 1434 vt
1338 1376 1437 1433 nullus

289 1463 447 1536 quicquam
462 1483 577 1538 rapere,
590 1485 646 1523 nec
667 1468 795 1524 rusticos
812 1477 862 1523 aut
879 1485 1029 1540 pauperes
1042 1467 1191 1540 quoslibet
1204 1465 1377 1539 opprimere
1390 1463 1436 1519 vel

288 1551 390 1610 ledere
403 1554 535 1610 auderet
560 1553 658 1611 Tanto
668 1573 797 1627 namque
810 1566 913 1611 sancta
924 1555 1028 1628 regina
1037 1553 1153 1611 facilius
1163 1569 1305 1626 pompam
1315 1567 1437 1608 omnem

289 1641 394 1696 mundi
415 1642 603 1715 contempsit,
622 1652 812 1716 peccatorum
831 1644 978 1700 maculam
997 1641 1101 1710 euasit,
1120 1650 1231 1714 quanto
1252 1650 1388 1697 tremens
1409 1647 1438 1696 et

246 1751 274 1802 ¹5
290 1743 405 1799 pauens
421 1728 587 1786 districtum
607 1730 706 1786 iudicii
723 1731 804 1787 diem
823 1739 892 1786 ante
912 1730 1021 1786 mentis
1036 1729 1139 1786 oculos
1158 1729 1214 1785 sibi
1231 1727 1438 1784 indesinenter

289 1817 490 1887 presentabat.
518 1817 632 1873 Crebro
642 1817 731 1890 igitur
739 1818 942 1875 consessorem
956 1817 1063 1874 suum*
1076 1817 1197 1890 rogabat
1209 1825 1240 1872 vt
1253 1815 1393 1888 quicquid
1406 1814 1437 1869 in

289 1902 354 1960 eius
368 1904 460 1960 verbo
476 1906 524 1961 vel
543 1904 620 1962 facto
639 1905 920 1978 reprehendendum
940 1913 1145 1978 cognosceret,
1158 1904 1187 1962 id
1208 1903 1438 1975 reprehendens

288 2001 406 2048 secreto
418 1991 460 2048 illi
474 1992 604 2050 indicare
618 2011 679 2049 non
691 1994 847 2051 dubitaret.
878 1994 966 2064 Quod
976 1994 1048 2049 dum
1058 1993 1153 2049 rarius
1164 2002 1193 2049 et
1205 1991 1336 2064 tepidius
1347 2007 1437 2063 quarn

288 2079 337 2135 illa
350 2081 440 2138 vellet
459 2081 577 2150 laceret,
594 2080 796 2154 importunam
815 2099 849 2138 se
868 2081 909 2138 illi
929 2081 1070 2155 ingessit;
1090 2080 1289 2138 dormientem
1307 2089 1338 2134 et
1356 2079 1437 2134 velut

245 2191 275 2226 ιο
288 2183 343 2224 sue
356 2167 459 2224 salutis
476 2168 678 2241 negligentem
692 2169 774 2226 illurn
787 2171 938 2242 arguebat.
976 2169 1150 2242 ‘Corripiat
1162 2167 1266 2240 inquit,
1279 2183 1329 2223 me
1342 2165 1438 2222 iustus

288 2254 318 2312 in
333 2255 536 2312 misericordia
554 2267 583 2314 et
602 2256 737 2330 increpet
757 2275 824 2327 me;
843 2259 942 2314 oleum
960 2265 1069 2326 autem,
1082 2257 1113 2313 id
1125 2265 1171 2313 est
1187 2255 1316 2312 adulatio
1331 2271 1438 2327 pecca·

288 2343 371 2412 toris,
385 2361 443 2400 non
459 2343 635 2417 inpinguet⁸
646 2354 734 2417 caput
748 2348 867 2402 meum!
900 2345 1182 2418 Reprehensionem
1195 2343 1249 2412 sui,
1258 2359 1348 2415 quarn
1362 2341 1438 2396 alius

288 2431 453 2503 deputare*
473 2441 589 2504 poterat
613 2433 651 2489 ad
677 2433 879 2506 obprobrium,
899 2433 965 2505 ipsa
989 2433 1027 2489 ad
1047 2431 1163 2488 virtutis
1187 2432 1348 2503 appetebat
1368 2446 1438 2501 pro·

289 2517 408 2575 sectum.
448 2519 561 2577 Malum
581 2538 648 2578 cum
667 2521 790 2592 videret,
807 2521 960 2577 admonuit
977 2529 1009 2577 vt
1028 2521 1124 2577 bonus
1143 2519 1246 2588 lieren
1267 2519 1388 2582 bonum,
1405 2527 1437 2573 vt

245 2631 275 2680 ²5
290 2606 396 2662 melior
420 2607 571 2664 existeret.
609 2597 691 2667 Cum
718 2611 799 2666 enirn
824 2617 928 2664 contra
948 2607 1127 2664 vniuersalis
1152 2606 1277 2664 ecclesie
1302 2614 1438 2662 sanctam

289 2695 538 2752 consuetudinem
558 2696 649 2752 multa
667 2697 697 2752 in
716 2707 806 2770 gente
823 2697 980 2753 Scotorum
998 2695 1099 2752 illicita
1115 2694 1181 2752 fieri
1199 2693 1408 2767 perspexisset
1416 2693 1437 2762 ⁶,

289 2783 395 2838 crebra
408 2783 551 2839 concilia‘
564 2785 673 2854 statuit,
685 2794 717 2840 vt
735 2787 772 2840 ad
785 2784 919 2841 veritatis
931 2785 1009 2840 viam
1023 2792 1159 2840 errantes
1172 2781 1292 2839 Christo
1305 2783 1438 2838 donante

290 2870 455 2927 reduceret.
492 2870 528 2927 ln
541 2889 600 2944 quo
613 2872 750 2928 conflictu
768 2889 822 2928 rex
840 2873 906 2945 ipse
923 2872 1040 2928 adiutor
1056 2871 1083 2927 ei
1101 2870 1260 2944 precipuus
1278 2868 1438 2938 residebat,

289 2959 489 3032 quodcunque
504 2959 534 3016 in
548 2960 603 3016 hac
617 2977 706 3016 causa
723 2961 773 3017 illa
789 2961 935 3030 iussisset,
947 2959 1046 3017 dicere
1059 2959 1265 3032 paratissimus
1283 2967 1313 3013 et
1329 2955 1438 3012 lacere.

243 3067 275 3116 30
290 3046 348 3116 Qui
362 3047 503 3119 quoniam
516 3047 648 3120 perfecte
662 3049 829 3121 Anglorum
846 3048 979 3120 linguam
993 3065 1070 3120 eque
1083 3056 1114 3104 vt
1131 3045 1284 3120 propriam
1302 3055 1437 3113 nouerat,

288 3133 533 3206 vigilantissimus
551 3137 581 3193 in
601 3137 656 3194 hoc
676 3137 818 3194 concilio⁷
835 3136 989 3209 utriusque
1008 3135 1101 3210 partis
1120 3135 1270 3207 interpres
1288 3133 1437 3190 extiterat.

290 3220 384 3292 Igitur
397 3223 509 3294 regina,
516 3224 681 3297 prefatione
694 3223 842 3297 premissa
851 3233 882 3280 vt
894 3225 944 3297 qui
958 3241 1026 3280 cum
1039 3223 1184 3280 catholica
1196 3221 1322 3280 ecclesia
1334 3221 1364 3278 in
1377 3239 1439 3278 vna

288 3309 348 3365 fide
365 3309 416 3366 vni
431 3311 489 3366 deo
507 3312 664 3380 semirent,
678 3313 714 3369 ab
732 3313 838 3368 eadem
855 3312 981 3368 ecclesia
998 3311 1085 3368 nouis
1103 3311 1280 3384 quibusdam
1300 3319 1330 3366 et
1349 3327 1438 3384 pere·

287 3396 382 3468 grinis
398 3397 632 3456 institutionibus
645 3399 817 3472 discrepare
834 3417 894 3456 non
912 3401 1076 3469 deberent;
1096 3398 1197 3455 Primo
1215 3399 1370 3471 proposuit
1383 3417 1438 3456 eos

243 3503 273 3552 35
287 3485 546 3558 quadragesimale
564 3486 707 3544 ieiunium
725 3505 786 3544 non
802 3487 934 3560 legitime
951 3488 1122 3556 obseruare,
1135 3486 1204 3558 quia
1221 3486 1277 3543 hoc
1294 3504 1355 3542 non
1368 3505 1437 3543 cum

289 3581 391 3630 sancta
402 3575 529 3631 ecclesia
541 3593 559 3632 a
571 3575 645 3632 len'a
657 3585 762 3648 quarta
774 3576 805 3632 in
816 3576 913 3649 capite
925 3575 1036 3645 ieiunii,
1047 3576 1102 3632 sed
1118 3574 1256 3648 sequenti
1268 3575 1439 3647 septimana

287 3659 362 3717 seria
385 3663 518 3719 secunda
536 3673 755 3720 consueuerant
776 3663 924 3720 inchoare
964 3661 1093 3720 Econtra
1112 3663 1172 3718 illi:
1199 3662 1373 3732 ‘ieiunium
1392 3664 1437 3720 in·

288 3750 403 3821 quiunt,
422 3751 502 3822 quod
521 3749 647 3822 agimus,
666 3752 839 3823 euangelica
860 3751 1042 3819 auctoritate,
1062 3767 1120 3823 que
1141 3749 1253 3808 Christi
1275 3761 1377 3807 narrat
1396 3755 1438 3809 ie-

291 3837 415 3906 iunium,
434 3838 631 3894 obseruamus
656 3856 713 3911 per
730 3855 786 3895 sex
810 3839 1017 3896 hebdomadas
1025 3842 1051 3894 Ὗ
1088 3837 1126 3894 Et
1150 3837 1218 3894 illa:
1239 3838 1369 3911 ‘Longe,
1388 3840 1438 3907 ait,

242 3941 276 3993 40
289 3925 319 3980 in
341 3925 396 3981 hoc
410 3926 447 3980 ab
461 3926 618 3998 euangelio
635 3927 829 4002 discordetis:
850 3928 957 4001 legitur
968 3927 1049 3983 enim
1062 3927 1103 3982 ibi
1111 3927 1130 3996 ⁹,
1141 3926 1296 3983 dominum
1308 3928 1438 3999 quadra-

288 4013 370 4087 ginta
388 4014 492 4070 diebus
510 4015 669 4086 ieiunasse,
687 4017 767 4088 quod
787 4015 977 4074 manifestum
995 4025 1041 4072 est
1058 4031 1113 4072 vos
1132 4032 1193 4070 non
1213 4014 1320 4071 lacere.
1360 4015 1438 4072 Nam

288 4119 356 4157 cum
370 4119 427 4173 per
443 4118 498 4158 sex
516 4103 720 4160 hebdomadas
738 4120 793 4160 sex
810 4103 951 4161 dominici
968 4103 1034 4160 dies
1052 4121 1070 4159 a
1088 4101 1198 4159 ieiunio
1216 4101 1438 4172 abstrahuntur,

290 4189 410 4262 triginta
423 4197 538 4246 tantum
551 4199 581 4246 et
594 4209 649 4247 sex
661 4191 728 4248 dies
740 4191 777 4246 ad
791 4191 984 4248 ieiunandum
998 4207 1155 4248 remanere
1168 4200 1340 4247 noscuntur.
1370 4191 1438 4246 Non

295 4293 489 4346 .¹om.inVit.
525 4294 658 4346 ’Vit.me.
691 4295 741 4346 ³1⁸.
755 4296 784 4347 E.
794 4297 937 4359 inpinguat.
970 4296 1155 4358 ‘Edeputari
1185 4296 1439 4359 ⁶T.perspexisset;

289 4357 318 4408 E.
332 4360 520 4421 conspexisset.
554 4361 611 4412 ⁸13.
624 4363 738 4412 consilia.
770 4360 821 4414 'R
835 4363 950 4412 consilio.
983 4362 1216 4415 'T.ebdomadas.
1250 4362 1301 4412 ¹13.
1313 4363 1347 4412 ibi
1359 4364 1438 4414 enim.
