3048 4884
386 301 941 397 wesmonasteriensi.
1165 323 1239 398 417

86 504 207 578 prepeti
220 521 311 563 cursu
324 504 382 563 iter
392 507 526 580 arripuit
563 507 630 579 Quo
643 505 762 565 iuuenis
776 515 939 580 comperto,
947 505 1125 564 furibundus
1137 503 1237 562 statim

85 591 214 650 effectus
231 593 463 668 vehementique
481 594 652 652 iracundia¹
670 595 813 668 repletus,
826 603 960 653 extracto
979 593 1078 668 gladio
1095 591 1238 652 velociter

86 696 155 736 eam
168 679 354 754 insequitur;
374 689 405 739 et
416 690 503 739 toruo
515 682 597 739 vultu
614 698 682 739 eam
700 681 830 752 intuens,
843 681 903 738 ait:
924 681 1023 740 ‘Olim
1041 690 1072 740 te
1090 679 1188 738 amaui
1207 687 1238 736 et

87 769 166 825 meis
186 768 378 842 amplexibus
398 777 428 828 te
450 769 630 843 coniungere
648 769 838 840 desideraui3
863 787 943 827 nunc
962 771 1000 826 ad
1019 779 1048 826 te
1067 770 1238 827 venientem

87 855 203 929 reiirgis
224 865 255 914 et
275 866 307 913 te
325 865 478 930 petentem
500 858 696 931 contempnis.
742 857 806 914 lam
825 855 948 930 quidem
973 875 1029 930 pro
1054 865 1135 914 certo
1159 855 1268 918 scissi

85 943 157 1015 quia
177 954 230 1001 aut
248 944 320 1001 mihi
341 946 373 1001 in
397 945 532 1019 presenti
552 945 689 1003 vltronea
712 942 965 1013 commisceberis,
986 952 1037 1002 aut
1062 944 1128 1002 sine
1153 960 1238 1000 mora

85 1030 188 1104 gladio
201 1049 270 1089 meo
282 1041 372 1106 caput
382 1041 466 1090 tuum
484 1033 662 1107 amputabo!
699 1031 785 1090 Tunc
802 1031 853 1088 illa
870 1033 909 1089 ad
925 1033 1067 1089 iuuenem
1081 1048 1238 1097 conuersa,

86 1117 290 1192 imperterrita
308 1120 483 1194 respondit:
507 1120 621 1194 ‘Regis
639 1120 736 1178 eterni
755 1129 785 1177 et
804 1119 939 1178 omnium
958 1119 1114 1177 hominurn
1132 1118 1239 1177 iudicis

86 1206 148 1264 lilio
168 1205 199 1263 in
220 1207 409 1264 matrimonio
428 1207 573 1282 copulata,
591 1208 706 1265 nullum
723 1207 814 1265 alium
830 1205 972 1281 excipere
987 1224 1131 1280 possum;
1150 1216 1180 1265 et
1199 1223 1239 1263 ne

85 1303 116 1351 te
138 1293 253 1351 diutius
273 1296 455 1369 protraham,
481 1295 596 1354 nullum
620 1304 723 1368 preter
742 1293 825 1352 illum
849 1296 922 1352 dum
942 1296 1047 1353 vixero
1071 1295 1240 1352 admissura
1255 1305 1286 1342 10

86 1399 165 1438 snm.
217 1381 350 1456 Ideoque
380 1383 481 1440 exime
514 1382 657 1457 gladium,
687 1383 816 1440 exerce¹
845 1382 935 1454 vires,
959 1382 1091 1456 qualibet
1120 1382 1239 1440 feritate

87 1468 242 1527 accinctus
253 1478 285 1527 vt
303 1470 402 1544 placet
414 1479 518 1541 vtere;
544 1479 704 1545 certusque
722 1479 787 1527 esto
807 1469 876 1543 quia
895 1487 952 1527 nec
970 1480 1103 1528 terrores
1122 1469 1164 1527 tui
1183 1487 1239 1527 nec

88 1556 242 1626 blanditie,
251 1557 533 1633 necpromissiones
541 1556 606 1616 siue
614 1557 811 1628 munera³,ab
820 1557 899 1615 illius
908 1557 1239 1615 dilectionisdulcedine

88 1661 139 1702 me
158 1644 303 1703 diuellere
321 1654 473 1718 poterunt,
492 1645 575 1704 cuius
595 1644 785 1719 amplexibus
806 1645 928 1702 astricta
948 1653 1067 1702 sumet
1088 1645 1240 1704 deuotioni

88 1731 245 1806 copulata'
292 1732 429 1791 Incestus
452 1742 553 1791 autem
577 1733 703 1804 iuuenis,
729 1750 764 1790 se
788 1733 960 1806 contempni
983 1732 1099 1802 videns,
1124 1750 1239 1806 sueque
1256 1745 1284 1798 15

88 1819 224 1877 libidinis
236 1819 404 1894 impatiens,
417 1821 625 1894 virginemque
636 1819 716 1878 flecti
729 1838 789 1876 non
802 1837 894 1895 posse
907 1837 964 1878 nec
975 1837 1011 1877 se
1023 1819 1155 1893 quietem
1167 1821 1240 1878 dum

88 1907 139 1964 iila
151 1907 268 1965 viueret
281 1908 392 1966 habere
405 1909 608 1978 considerans,
621 1907 719 1982 gladio
734 1915 823 1982 caput
841 1906 906 1966 eius
922 1907 1095 1981 amputauit.
1132 1906 1240 1965 Statim

88 2004 121 2050 vt
134 2004 226 2069 caput
237 1993 362 2069 virginis
378 1997 416 2053 ad
434 2004 546 2053 terram
564 1995 681 2065 corruit,
694 1995 725 2052 in
744 1996 852 2052 eodem
869 1995 936 2052 loco
954 1995 1022 2052 fons
1039 1994 1241 2052 lucidissimus

89 2083 167 2139 mire
185 2081 398 2155 magnitudinis
415 2100 581 2158 enimpens
599 2100 742 2141 emanare
759 2082 848 2156 cepit,
862 2082 912 2157 qui
929 2099 1024 2156 vsque
1041 2082 1130 2140 hodie
1145 2082 1240 2140 liuere

90 2185 151 2226 non
166 2169 292 2242 desistit,
300 2169 400 2229 multis
413 2171 542 2229 infirmis
548 2170 672 2245 virginis
682 2179 784 2228 sancte
793 2170 908 2228 meritis
920 2172 1078 2228 sanitatem
1091 2179 1239 2244 prestans.
1255 2189 1286 2226 ao

92 2257 128 2313 In
141 2258 312 2315 descensu⁴
324 2259 405 2317 enim
423 2259 534 2316 montis
551 2268 640 2332 caput
655 2257 781 2332 virginis
799 2257 959 2330 abscisum,
971 2258 1056 2316 facile
1074 2259 1191 2316 ruendo
1207 2259 1240 2316 in

90 2340 253 2398 ecclesiam
272 2341 423 2416 relapsum
441 2351 504 2412 est;
529 2351 669 2400 truncum
686 2359 760 2400 vero
778 2359 888 2415 eorpus
906 2359 966 2415 quo
984 2341 1069 2415 prius
1090 2341 1241 2400 ceciderat

90 2428 193 2485 locum
211 2427 372 2487 obtinebat.
416 2429 502 2487 Inter
518 2431 613 2503 pedes
631 2429 714 2488 enim
732 2427 843 2487 diuinis
861 2428 1003 2487 misteriis
1020 2429 1239 2488 intendentium

91 2523 183 2588 caput
200 2533 354 2585 corruens,
366 2517 563 2575 admiratione
582 2516 714 2575 maxima
725 2517 883 2575 uniuersos
896 2517 1065 2577 commouit.
1090 2518 1239 2576 Omnibus

91 2605 195 2676 itaque
219 2604 311 2661 nimio
340 2613 456 2664 terrore
480 2605 636 2678 perculsis,
660 2612 691 2662 et
715 2604 814 2662 dirum
838 2605 955 2678 nephas
979 2608 1111 2679 grauiter
1139 2624 1158 2668 a
1181 2609 1240 2664 deo
1255 2623 1285 2674 ²⁵

89 2691 296 2748 viciscendum
304 2693 507 2750 asserentibus
516 2690 696 2766 scelerisque
705 2701 857 2750 auctorem
866 2693 1241 2767 detestantibus,parentes

90 2778 202 2852 puelle,
211 2777 334 2836 tristicia
346 2789 377 2837 et
388 2779 537 2838 anxietate
547 2779 644 2850 soluti,
654 2778 786 2837 flebilem
793 2797 898 2837 vocem
911 2781 1090 2851 emittentes,
1100 2782 1240 2840 clamosis

91 2867 264 2940 planctibus
292 2867 428 2925 dolorem
452 2885 540 2926 suum
563 2866 769 2943 prodiderunt.
814 2867 992 2941 Peremptor
1014 2869 1095 2925 enim
1116 2869 1241 2943 virginis

90 2955 191 3011 adhuc
213 2953 296 3011 iuxta
313 2954 453 3013 exanime
473 2973 583 3028 corpus
606 2955 729 3012 timidus
753 2955 826 3013 loris
850 2964 962 3026 astans,
986 2954 1118 3029 gladium
1142 2973 1241 3028 suum,

91 3058 201 3099 cruore
218 3041 342 3114 virginis
361 3041 522 3113 madidtun,
535 3059 592 3116 per
609 3043 735 3100 herbam
754 3043 937 3116 detergebat
975 3042 1053 3100 Nam
1072 3043 1142 3116 quia
1160 3044 1240 3102 iilius
1255 3062 1288 3114 30

94 3129 177 3202 regis
189 3137 261 3201 erat,
273 3129 399 3203 impune
417 3129 561 3204 flagitium
580 3147 615 3188 se
633 3140 827 3205 perpetrasse
845 3129 1003 3200 arbitrans,
1015 3130 1046 3186 in
1058 3131 1241 3189 admissione

90 3215 167 3276 tanti
192 3215 332 3274 facinoris
356 3216 429 3274 nihil
454 3235 488 3276 se
512 3219 603 3276 deum
627 3217 726 3276 vereri
746 3225 873 3276 testatus
898 3225 953 3276 est.
989 3216 1044 3274 Vir
1067 3227 1166 3277 autem
1190 3218 1240 3276 dei

94 3303 247 3375 Beunous,
260 3303 325 3362 eius
343 3303 516 3378 superbiam
533 3314 563 3363 et
578 3304 767 3362 obstinatiam
787 3305 918 3378 grauiter
934 3305 1045 3377 ierens,
1058 3305 1184 3364 accessit
1202 3308 1240 3364 ad

93 3408 174 3461 eum,
199 3391 230 3450 in
260 3391 398 3450 manibus
428 3401 517 3466 caput
544 3390 668 3465 virginis
691 3391 834 3462 baiulans,
864 3399 895 3450 et
924 3392 955 3449 in
985 3393 1092 3451 faciem
1121 3393 1240 3452 iuuenis

93 3479 263 3552 respiciens
281 3479 341 3538 ait:
360 3479 409 3536 Ὀ
429 3479 566 3550 sceleste,
581 3479 685 3553 inquit,
698 3479 749 3553 qui
767 3479 906 3538 iuuenilis
924 3481 1041 3538 decoris
1059 3481 1189 3539 indolem
1208 3490 1238 3540 et
1256 3497 1287 3552 35

93 3567 179 3640 regie
203 3566 354 3641 dignitatis
377 3567 554 3642 progeniem
579 3566 748 3625 homicidali
777 3568 931 3626 maculasti
962 3567 1096 3639 erimine,
1126 3587 1180 3627 cur
1208 3578 1239 3628 te

92 3663 212 3712 tantum
224 3654 382 3712 admisisse
394 3655 494 3713 scelus
506 3672 567 3713 non
579 3655 712 3728 penitet?
730 3672 835 3729 pacem
845 3656 1028 3714 conturbasti
1042 3665 1072 3714 et
1084 3656 1241 3716 ecelesiam

94 3751 148 3800 tuo
167 3741 323 3815 sacrilegio
341 3740 456 3812 sedasti,
475 3743 627 3816 deumque
645 3741 783 3800 irritasti:
803 3760 859 3801 nec
877 3743 983 3801 doles?
1024 3743 1110 3801 Nunc
1130 3753 1240 3814 autem,

93 3829 238 3903 quoniam
267 3829 394 3887 ecclesie
419 3847 480 3888 non
505 3829 667 3904 pepercisti
691 3847 748 3888 nec
772 3830 833 3888 diei
857 3829 1007 3889 dominice
1037 3833 1238 3888 reuerentiam

93 3915 266 3987 exhibuisti,
288 3919 379 3974 deum
408 3933 511 3975 meum
535 3918 683 3991 deprecor
707 3917 849 3992 quatinus
871 3935 931 3992 que
956 3926 988 3975 tu
1013 3917 1134 3991 indigne
1160 3935 1240 3976 com-
1255 3933 1290 3986 40

93 4003 213 4073 misisti,
237 4003 269 4061 in
292 4005 428 4078 presenti
451 4004 542 4080 digna
566 4005 845 4078 recompensatione
869 4004 1014 4078 recipias!
1053 4005 1122 4062 Hiis
1145 4004 1242 4077 dictis,

92 4091 214 4150 iuuenis
226 4091 305 4148 illico
317 4091 355 4148 ad
368 4099 479 4150 terram
492 4109 636 4150 corruens
648 4092 805 4167 expirauit.
842 4091 1012 4165 Mirumque
1025 4091 1113 4163 dictu,
1125 4092 1157 4149 in
1169 4109 1241 4150 con·

93 4189 200 4254 spectu
230 4177 365 4236 omnium
393 4179 554 4238 astandum
578 4196 690 4254 corpus
714 4177 846 4237 defuncti
870 4178 1062 4252 liquefactum
1086 4179 1243 4254 disparuit,

94 4266 198 4324 multis
218 4264 425 4324 asserentibus
447 4267 520 4324 illud
539 4283 557 4324 a
575 4275 657 4325 terra
675 4263 870 4342 absorptum⁸
887 4264 981 4324 fuisse
1000 4275 1115 4326 etcum
1134 4267 1240 4341 spiritu

126 4379 243 4442 ¹T.ira;
256 4379 439 4433 Eiracuadia.
471 4379 620 4434 'uterere
653 4380 795 4434 'amine
828 4381 1006 4435 *uaccam
1046 4380 1245 4436 'labendum

130 4473 196 4518 VOL
210 4473 242 4518 ll·
645 4475 694 4520 Η
