3028 4894
286 320 361 417 bt
385 317 550 412 sanos
576 319 742 418 oroma
767 317 1068 426 ordinabunt.
1182 343 1253 418 393

106 509 209 583 Cuius
221 539 294 581 vero
306 521 434 580 efficatie
452 520 548 580 suerat
566 521 596 578 in
611 521 745 581 Roberto
763 523 922 595 sententia,
936 532 1042 597 postea
1060 523 1173 580 clarum
1192 520 1255 578 suit

104 611 183 669 Cum
203 610 335 668 enimin
355 611 445 668 domo
466 627 530 682 sua,
545 627 635 685 quam
654 611 692 668 de
712 611 886 669 nemoribus
907 611 1125 686 archiepiscopi
1142 609 1255 685 passim

4 746 19 782 Σ
104 698 231 757 succisis
248 701 278 756 in
292 699 452 757 Cantuan'a
464 707 682 769 construxerat,
696 698 866 756 conuiuium
885 698 1014 769 fecisset,
1027 717 1118 757 canes
1136 716 1255 773 panem,

104 804 197 859 quem
202 804 311 844 manus
320 787 386 844 eius
393 795 651 843 contrectauerant
656 786 674 857 ¹,
685 787 871 856 recusabant,
876 786 927 860 qui
938 788 976 844 de
984 787 1122 844 manibus
1129 787 1254 844 aliorum

1 912 29 954 2..
103 873 193 932 auide
217 875 385 931 sumebant.
423 873 603 931 Mirantibus
631 873 746 931 cunctis
770 883 801 931 et
825 874 965 948 reliquias
989 875 1054 932 eius
1078 873 1283 948 fragmentiss

103 960 233 1018 aliorum
264 961 538 1032 commiscentibus,
562 961 601 1018 ab
624 961 760 1034 utrisque
788 961 844 1020 visi
876 971 946 1018 sunt
976 979 1067 1020 canes
1096 962 1255 1020 abstinere.

106 1036 183 1106 Rex
201 1067 274 1107 vero
295 1065 313 1106 a
334 1050 429 1107 tribus
449 1048 609 1123 episcopis,
628 1057 661 1104 vt
683 1047 872 1121 premittitur,
892 1049 924 1106 in
946 1048 1079 1107 furorem
1100 1066 1255 1118 accensus,

13 1187 25 1224 ι,
103 1135 265 1194 manifeste
283 1154 384 1195 coranr
403 1137 544 1194 omnibus
562 1138 601 1194 de
619 1136 844 1210 archiepiscopo
862 1146 1006 1212 tanquam
1023 1139 1062 1196 de
1080 1137 1166 1195 hoste
1184 1155 1256 1196 corr·

1 1282 14 1295 β
102 1233 231 1296 questus
252 1233 308 1296 est,
329 1233 359 1282 et
383 1241 458 1299 sepe
479 1240 587 1282 omnes
608 1241 684 1299 quos
705 1224 849 1282 nutrierat
867 1233 898 1282 et
922 1225 1068 1284 beneficia
1091 1226 1257 1284 contulerat

9 1311 20 1388 j,
103 1311 262 1368 maledixit
279 1311 329 1385 qui
339 1313 350 1344 ²
362 1312 462 1386 ipsunr
481 1313 519 1370 de
538 1313 693 1370 sacerdote
710 1329 770 1369 vno
785 1329 846 1369 non
858 1313 1046 1370 vindicarent
1053 1313 1073 1385 ⁸,
1086 1313 1137 1386 qui
1155 1313 1255 1387 ipsum
1270 1331 1301 1370 ro

102 1407 135 1456 et
145 1415 272 1472 regnum
283 1417 371 1456 suum
381 1401 424 1458 sic
434 1401 627 1474 perturbabat
639 1408 670 1456 et
682 1399 746 1456 suis
756 1399 949 1473 dignitatibus
958 1401 1057 1474 ipsum
1068 1403 1255 1460 exheredare

1 1472 19 1555 ’ζ’
102 1487 260 1559 querebat.
299 1486 338 1544 Et
358 1487 481 1546 adiecit:
505 1487 608 1544 ‘Vnus
627 1487 718 1544 homo
736 1487 787 1560 qui
806 1489 996 1545 manducauit
1014 1505 1125 1562 panem
1145 1505 1256 1560 meum,

1 1581 17 1655 J
104 1574 218 1631 leuauit
241 1583 343 1632 contra
362 1592 412 1632 me
429 1576 602 1635 calcaneum
621 1591 718 1632 suum.
755 1575 842 1632 Vnus
860 1574 951 1632 homo
970 1575 1147 1650 (profecto)⁴
1165 1577 1255 1634 bene·

2 1653 13 1732 's
102 1661 183 1718 ficiis
204 1663 281 1720 meis
302 1663 424 1720 insultat
442 1671 472 1721 et
497 1671 592 1720 totum
613 1679 711 1736 genus
732 1663 847 1735 regium
869 1664 1054 1735 dehonestat,
1074 1673 1168 1720 totum
1189 1664 1255 1722 sine

10 1751 17 1760 '
102 1749 225 1806 vindice
244 1767 370 1824 regnum
389 1750 559 1808 conculcat?
596 1750 684 1820 Quod
704 1767 772 1808 cum
792 1753 894 1823 sepius
915 1751 945 1807 in
967 1750 1067 1808 furore
1089 1752 1254 1824 replicaret,
1270 1771 1300 1820 ¹5

3 1831 15 1848 ”
105 1847 236 1910 quatuor
254 1838 364 1896 milites
382 1839 478 1910 aulici,
492 1838 618 1896 dicentis
636 1847 739 1895 votum
757 1838 970 1911 concipientes,
987 1840 1018 1895 in
1037 1839 1254 1912 archiepiscopi

1 1931 13 2007 'j
103 1941 214 1981 necem
234 1925 491 1999 conspirauerunt
527 1925 586 1983 Hir'
604 1931 698 1983 autem
710 1929 853 2000 suemnt:
873 1925 1059 1999 Reginaldus
1079 1926 1158 1983 iilius
1176 1926 1255 1998 Vrsi,

1 2015 16 2022 ”
105 2011 200 2084 Hugo
222 2013 260 2070 de
282 2012 447 2084 Moreuilla,
466 2013 639 2071 Willelmus
656 2013 753 2083 Traci‚
773 2024 803 2072 et
826 2013 996 2071 Richardus
1016 2013 1106 2071 Brito.
1142 2014 1255 2072 Trans·

1 2107 14 2182 J
103 2108 216 2156 euntes
233 2109 332 2158 autem
348 2101 397 2158 isti
415 2110 541 2175 quatuor
552 2118 699 2175 prospere
716 2117 807 2169 mare,
820 2100 1012 2158 cantuariam
1028 2101 1060 2157 in
1078 2100 1153 2158 sesto
1167 2101 1254 2159 lrrno·

1 2194 13 2205 ”
102 2187 246 2260 centium,
271 2189 335 2246 sola
358 2206 443 2248 arma
467 2198 630 2264 portantes,
656 2206 724 2246 cunr
749 2189 944 2262 complicibus
972 2189 1035 2246 suis
1059 2189 1254 2247 intrauerunt.
1269 2209 1301 2245 ro

9 2284 13 2292 '
104 2263 227 2350 Quinto
239 2276 330 2348 igitur
342 2277 450 2334 natalis
462 2278 520 2347 die,
532 2279 657 2335 sedente
673 2276 899 2350 archiepiscopo
918 2276 949 2332 in
961 2277 1091 2333 thalamo
1109 2294 1164 2334 suo
1177 2276 1255 2334 circa

1 2357 9 2384 ³
102 2363 212 2418 horam
228 2363 427 2436 undecimam,
445 2382 516 2422 ecce
532 2373 658 2438 quatuor
674 2365 784 2422 milites
801 2365 927 2438 predicti
942 2365 981 2420 ad
998 2364 1254 2438 archiepiscopum

1 2461 13 2478 ³
101 2450 235 2523 ingressi
253 2461 331 2509 sunt
370 2451 408 2508 Et
426 2452 618 2510 considentes
636 2461 706 2510 ante
724 2453 819 2526 pedes
838 2452 903 2510 eius
924 2452 955 2509 irr
977 2461 1057 2509 terra
1077 2469 1133 2509 nec
1154 2451 1254 2526 ipsum

5 2553 10 2561 ¹
103 2538 281 2606 salutantes,
289 2547 319 2596 et
328 2539 543 2614 aliquantulum
554 2558 622 2597 curn
632 2541 751 2598 silentio
760 2541 919 2610 sedentes;
937 2539 1254 2613 Reginaidustandem

103 2625 187 2682 filius
199 2625 269 2683 Vrsi
286 2629 329 2684 sic
346 2637 483 2686 sanctum
500 2628 608 2686 aliatus
624 2637 688 2686 est:
708 2627 754 2685 ‘A
767 2628 888 2685 domino
901 2636 1004 2686 nostro
1022 2645 1093 2701 rege
1107 2629 1145 2686 de
1158 2637 1254 2686 trans·
1270 2647 1299 2697 ²⁵

2 2705 7 2740 ³
104 2713 234 2771 marinis
252 2715 387 2788 partibus
404 2716 442 2773 ad
461 2725 491 2773 te
510 2717 623 2788 directi,
636 2716 719 2790 regia
736 2716 789 2773 tibi
807 2717 948 2772 mandata
966 2715 1147 2774 deserimus:
1166 2725 1198 2774 vt
1216 2717 1254 2774 ad

103 2800 202 2858 filium
224 2819 312 2859 suum
331 2819 435 2878 regern
452 2821 572 2878 pergas,
591 2803 723 2861 facturus
741 2803 769 2862 ei
786 2806 866 2878 quod
885 2803 1007 2861 domino
1025 2812 1055 2861 et
1073 2805 1137 2878 regi
1155 2803 1255 2864 iacere

1 2909 3 2915 ·
101 2889 212 2961 debes,
236 2890 472 2965 fidelitatemque
496 2892 524 2950 ei
550 2892 737 2966 interposito
751 2891 918 2949 iuramento
942 2891 1040 2962 facias,
1066 2901 1096 2948 et
1119 2893 1199 2965 quod
1223 2893 1254 2949 irr

1 3002 2 3068 ]
103 2977 222 3051 regiam
235 2979 365 3052 peccasti
378 2981 564 3038 maiestatem
577 2982 738 3039 emendes’
776 2981 893 3038 Etille:
914 2979 1018 3037 ‘Vnde
1035 2979 1063 3036 ei
1080 2981 1254 3038 fidelitatem

102 3065 193 3123 tactis
205 3067 420 3125 sacrosanctis⁶
429 3069 526 3125 debeo
539 3068 726 3136 confirmare,
735 3077 785 3126 aut
796 3067 828 3125 irr
841 3085 900 3141 quo
913 3067 1076 3126 maiestatis
1089 3067 1170 3141 regie
1183 3085 1254 3125 reus
1268 3083 1301 3133 30

102 3154 233 3212 effectus
252 3157 355 3213 sumi'
392 3155 447 3213 Ille
466 3155 523 3215 ait:
546 3156 611 3214 ‘De
629 3156 751 3214 baronia
769 3157 898 3228 exigitur
915 3172 933 3213 a
950 3163 982 3213 te
999 3172 1068 3213 cum
1086 3155 1254 3212 iuramento

102 3242 252 3313 fidelitas;
272 3243 352 3302 etde
366 3243 482 3302 clericis
493 3261 569 3318 quos
582 3247 612 3301 irr
625 3253 738 3302 terram
750 3244 911 3315 adduxisti,
924 3243 993 3301 siin
1005 3252 1085 3302 terra
1097 3260 1255 3300 remanere

1 3324 2 3417 s
102 3331 255 3391 voluerint
262 3331 281 3402 ⁸,
294 3331 461 3389 securitatis
473 3331 674 3390 iuramentum
686 3333 831 3406 exigitur!
865 3331 920 3389 Vir
933 3332 981 3389 dei
994 3333 1168 3405 respondit:
1189 3331 1254 3389 ‘De

1 3439 2 3444 ¹
103 3419 230 3477 baronia
248 3419 371 3476 domino
389 3420 453 3493 regi
473 3421 612 3494 quicquid
631 3420 677 3479 ius
690 3421 738 3478 vel
754 3423 830 3478 ratio
845 3421 1007 3490 dictauerit,
1021 3419 1118 3477 facere
1131 3430 1254 3494 paratus

102 3526 183 3566 sum.
219 3507 332 3566 Verum
353 3525 409 3582 pro
425 3517 507 3566 certo
526 3517 627 3567 teneat
640 3512 719 3583 quod
733 3527 788 3567 nec
800 3527 818 3566 a
830 3526 880 3566 me
892 3526 947 3566 nec
961 3525 979 3565 a
991 3507 1108 3566 clericis
1121 3508 1197 3564 meis
1209 3508 1254 3564 iu·
1268 3515 1299 3569 35

104 3603 277 3656 ramentum
296 3596 416 3670 aliquod
435 3596 543 3669 poterit
562 3599 757 3671 extorquere.¹
789 3595 1027 3670 ‘Intelligimus⁷,
1044 3595 1139 3669 inquit
1157 3595 1254 3666 miles,

102 3686 187 3758 quod
199 3684 275 3740 nihil
291 3684 398 3741 horum
411 3701 470 3758 que
486 3687 699 3758 proposuimus
715 3685 776 3754 tibi,
790 3684 921 3742 facturus
938 3684 989 3740 sis.
1026 3683 1169 3741 Preterea
1185 3699 1252 3756 pre·

103 3773 197 3847 cipit⁸
207 3772 260 3830 tibi
271 3772 411 3830 dominus
423 3781 517 3830 rexvt
529 3773 688 3846 episcopos
701 3775 766 3831 sine
775 3772 841 3831 eius
853 3769 971 3830 licentia
980 3770 1256 3828 excommunicatos

104 3861 261 3920 absoluas.¹
299 3860 337 3917 Et
349 3860 418 3918 ille:
439 3859 624 3935 ‘Episcopus
639 3861 720 3918 eninr
733 3878 793 3918 non
806 3877 872 3934 ego,
885 3859 940 3916 sed
952 3859 1092 3916 dominus
1105 3875 1194 3932 papa,
1206 3859 1253 3916 cui

103 3952 175 4009 data
191 3959 239 4007 est
255 3957 388 4023 potestas
405 3949 565 4020 adomino,
578 3949 858 4007 excommunicauit.
894 3947 927 4004 Si
945 3946 1026 4003 enirn
1042 3946 1169 4003 ecclesie
1186 3963 1254 4004 mee
1267 3956 1300 4006 40

104 4039 220 4096 illatam
238 4035 376 4095 iniuriam
389 4035 592 4108 uindicauerit,
605 4037 701 4096 fateor
718 4055 779 4095 non
798 4035 872 4094 mihi
889 4034 1067 4109 displicere!
1104 4033 1167 4092 ‘Ex
1183 4051 1253 4108 quo,

136 4263 192 4314 'E
206 4269 435 4314 contractauennt.
559 4261 615 4315 ¹T.
629 4263 768 4326 quoniami
785 4261 817 4312 al.
830 4260 906 4325 quod.
1033 4258 1088 4310 ⁸T.
1102 4259 1251 4311 vindicaret.

102 4330 180 4380 ⁴onr¹
192 4329 219 4379 in
231 4329 261 4380 T.
343 4330 414 4380 ‘Ta
426 4345 490 4382 sacr.
500 4328 650 4393 euangeliis.
743 4326 799 4380 ’Β
813 4327 951 4378 noluerint.
1033 4323 1088 4376 'T.
1102 4325 1253 4378 intellimus.

102 4394 113 4426 ⁸
129 4395 159 4448 F„
171 4395 296 4462 precepit.
