3028 4894
393 299 469 394 De
492 296 656 388 sancto
682 299 899 391 wlstano.
1145 313 1219 402 467

56 501 184 558 honore
195 509 226 559 et
238 518 357 559 summa
369 502 539 560 reuerentia
550 510 596 559 est
609 503 773 560 humatum.
811 503 875 560 Nec
891 502 984 561 multo
1000 511 1069 576 post
1081 504 1221 578 specialis

57 589 146 647 filius
167 599 197 648 et
216 591 321 648 martir
337 590 418 663 regis
436 590 570 663 superni,
591 592 628 647 ad
648 591 810 664 specialem
829 591 921 648 filiam
940 609 1063 649 romane
1084 593 1221 662 ecclesie,

57 677 228 735 ecclesiam
236 678 373 735 videlicet
386 678 637 750 euishamensem‚
651 679 752 736 diuina
764 678 943 752 disponente
957 681 1051 752 gratia
1062 689 1108 736 est
1121 689 1222 738 trans·

57 765 154 834 latus,
173 776 206 823 vt
224 767 322 823 locum
341 783 432 840 quem
453 765 613 823 Kenredus
634 783 688 824 rex
711 767 793 840 regia
814 776 963 840 potestate
986 768 1070 842 regie
1092 768 1221 826 libertati

58 853 199 920 donauit,
224 853 360 911 eiusdem
388 854 468 927 regis
495 854 736 928 consanguineus
763 855 868 912 beatus
892 855 1058 925 Wistanus,
1083 866 1116 913 vt
1146 857 1250 920 alters

58 941 289 1012 quodammodo
306 940 482 998 substitutus
497 949 651 1014 patronus,
663 943 745 1015 regla
756 950 902 1015 potestate
914 952 1084 1016 protegeret
1098 954 1128 1000 et
1142 961 1222 1000 mar·

60 1027 133 1086 tiris
145 1028 300 1102 presentia
312 1027 519 1086 sanctificaret.
579 1017 663 1088 Cum
676 1038 776 1087 autem
789 1033 895 1088 beatus
907 1031 1065 1089 Wistanus
1078 1031 1222 1103 martirio,

60 1123 95 1172 vt
110 1116 275 1189 prefertur,
288 1125 490 1188 coronaretur,
502 1117 584 1174 omni
602 1133 679 1174 anno
698 1135 754 1191 per
765 1135 855 1175 vnam
873 1119 979 1176 horam
995 1118 1074 1176 illius
1086 1121 1147 1177 diei
1164 1137 1223 1192 qua

61 1203 176 1276 gladiis
197 1204 357 1277 impiorum
381 1204 526 1274 occubuit,
545 1204 578 1261 in
599 1205 706 1263 eodem
730 1204 796 1262 loco
817 1206 866 1263 vbi
889 1206 1048 1280 columpna
1071 1207 1146 1265 lucis
1170 1224 1223 1280 ap·

62 1292 176 1364 paruit,
195 1293 293 1365 capilli
312 1293 417 1365 quales
435 1292 575 1349 videntur
592 1292 623 1348 in
643 1291 738 1365 capite
757 1293 921 1364 hominum,
939 1294 1091 1365 oriuntur3
1117 1303 1149 1351 vt
1168 1311 1224 1369 per
1240 1311 1269 1348 ιο

63 1380 193 1452 capillos
211 1397 229 1436 a
245 1379 342 1452 capite
356 1379 492 1436 eiusdem
508 1381 707 1438 adolescentis
725 1381 856 1450 auulsos,
869 1381 899 1438 in
913 1382 1020 1440 eodem
1034 1384 1097 1439 loco
1111 1383 1224 1441 effusos

63 1477 95 1524 et
109 1469 275 1541 dispersos,
288 1467 339 1540 qui
352 1484 370 1524 a
382 1467 520 1525 fidelibus
534 1476 604 1525 tunc
621 1467 662 1524 ibi
679 1469 868 1541 presentibus
885 1469 982 1543 colligi
1000 1488 1060 1526 non
1078 1480 1224 1543 poterant,

65 1556 166 1612 adhuc
188 1565 289 1612 tamen
310 1554 421 1612 ibidem
441 1564 652 1628 permanentes
671 1563 701 1612 et
718 1557 873 1614 annuatim
892 1567 1072 1628 crescentes,
1091 1558 1222 1615 veridica

65 1642 228 1700 saluatoris
247 1643 431 1716 approbetur
449 1643 597 1700 sententia
617 1660 677 1715 qua
697 1643 805 1700 dicitur
822 1645 892 1718 quia
908 1645 1053 1719 ‘capillus
1071 1647 1110 1702 de
1129 1645 1225 1718 capite

64 1739 171 1787 vestro
187 1747 248 1787 non
263 1730 390 1804 peribit!
427 1729 552 1787 Etcum
572 1729 658 1787 multi
677 1731 817 1788 martires
836 1731 941 1805 capitis
960 1733 1127 1789 abscisione
1146 1749 1269 1801 mar-15

65 1817 171 1874 tirium
201 1818 436 1890 compleuerunt,
467 1817 525 1874 iste
556 1835 617 1874 non
648 1818 767 1875 absciso
795 1820 899 1893 capite,
924 1821 979 1877 sed
1006 1829 1122 1877 tantum
1149 1838 1225 1878 cono

67 1903 177 1978 capitis
205 1914 346 1979 quassato
376 1905 406 1960 in
432 1905 555 1962 modum
585 1922 695 1962 corone
723 1905 819 1963 victor
846 1907 991 1964 occubuit.
1039 1907 1116 1964 Cum
1143 1908 1225 1966 enim

69 1992 265 2049 Baidewinus
286 1991 530 2066 archiepiscopus
552 1993 770 2050 cantuariensis
792 2011 885 2068 super
906 1991 1047 2068 predictis
1069 1994 1225 2052 certificari

67 2081 169 2148 vellet,
187 2081 318 2137 instante
339 2081 388 2137 die
410 2080 517 2137 natalis
541 2079 679 2137 eiusdem
702 2081 842 2150 martiris,
865 2081 945 2138 misit
967 2081 1035 2139 illuc
1053 2081 1135 2139 viros
1156 2083 1226 2139 reli·

68 2168 173 2241 giosos
192 2176 222 2224 et
240 2169 301 2225 fide
319 2167 437 2240 dignos,
456 2169 506 2241 qui
526 2167 594 2225 illuc
612 2169 799 2239 accedentes,
817 2186 873 2242 per
891 2169 1026 2242 spacium
1044 2170 1132 2227 vnius
1152 2171 1226 2227 hore
1241 2189 1272 2227 ao

69 2254 131 2313 diei
145 2254 295 2328 passionis
308 2272 363 2312 sue
376 2255 407 2311 in
425 2257 534 2312 eodem
550 2255 624 2325 loco,
637 2255 715 2312 circa
728 2257 873 2329 capellam
887 2274 946 2330 que
959 2256 998 2314 ibi
1012 2257 1068 2314 sita
1081 2266 1136 2328 est,
1148 2257 1227 2314 inter

70 2344 198 2400 herbam
220 2343 347 2400 viridem
369 2343 494 2416 capillos
516 2342 602 2417 quasi
625 2342 765 2411 hominis,
783 2361 860 2417 quos
882 2344 1019 2402 manibus
1038 2344 1101 2402 suis
1123 2345 1227 2418 palpa·

70 2439 181 2488 uerunt
196 2436 226 2486 et
243 2446 295 2487 ore
313 2429 531 2498 osculabantur,
544 2429 648 2487 videre
666 2441 858 2502 meruerunt;
878 2441 908 2488 et
925 2431 1033 2488 iterum
1050 2441 1118 2506 post
1131 2432 1227 2488 modi·

71 2535 141 2575 cum
157 2517 229 2574 nihil
246 2517 277 2574 in
294 2517 402 2574 eodem
421 2518 485 2573 loco
504 2517 562 2574 nisi
581 2517 677 2574 solam
696 2518 821 2575 herbam
839 2528 1070 2593 perspexerunt.
1142 2507 1230 2578 Cum

71 2607 154 2662 enim
173 2603 327 2662 Walterus
350 2606 452 2675 abbas,
471 2604 522 2678 qui
547 2604 664 2678 primus
688 2605 712 2660 F
713 2605 942 2679 raneigenarum
967 2606 1093 2664 ecclesie
1117 2607 1227 2681 prefuit
1242 2627 1271 2680 ²⁵

72 2692 287 2761 euishamensi,
300 2693 410 2750 multas
423 2701 594 2749 sanctorum
612 2693 780 2750 inuenisset
798 2693 939 2767 reliquias
948 2693 966 2765 ¹,
986 2694 1056 2768 igne
1074 2694 1140 2752 illas
1158 2713 1226 2767 pro·

72 2779 138 2837 bari
162 2777 304 2837 decreuit.
342 2778 497 2852 Reliquias
521 2779 611 2836 etiam
636 2780 715 2836 beati
738 2779 877 2850 Wistani,
899 2782 937 2838 de
962 2781 1046 2838 cuius
1071 2781 1227 2839 sanctitate

72 2868 234 2938 dubitabat,
251 2867 282 2924 in
299 2867 400 2941 ignem
419 2867 574 2940 copiosum
593 2866 733 2926 immisit:
757 2870 811 2926 sed
828 2868 968 2926 dominus
985 2868 1025 2925 ita
1040 2869 1107 2925 illas
1125 2869 1227 2927 illesas

72 2957 263 3013 conseruauit
274 2965 306 3014 vt
323 2955 454 3012 ilammis
471 2954 576 3012 diuisis
594 2955 703 3013 intacte
720 2965 942 3028 permanerent,
954 2956 1095 3030 colorque
1108 2955 1139 3012 in
1151 2957 1226 3014 ossi-

73 3045 133 3101 bus
156 3052 286 3100 mutatus
311 3060 371 3099 non
397 3051 451 3100 est
495 3041 584 3100 Vnde
608 3045 783 3116 perterritus
808 3043 901 3101 abbas
926 3044 1062 3100 tremulis
1087 3045 1226 3101 manibus
1240 3059 1273 3110 30

73 3139 183 3188 testam
205 3129 311 3204 capitis
334 3129 456 3204 gloriosi
480 3131 612 3187 martiris
633 3148 701 3188 curn
728 3133 767 3188 ab
788 3130 857 3206 igne
881 3132 919 3188 ad
941 3132 1040 3187 locum
1065 3131 1225 3203 pristinum

74 3222 255 3291 deportaret,
268 3236 339 3275 casu
351 3220 390 3276 de
403 3218 541 3275 manibus
554 3218 620 3275 eius
633 3219 731 3276 subito
748 3219 778 3275 in
795 3229 907 3276 terram
923 3218 1036 3286 cecidit,
1049 3226 1227 3291 tantumque

74 3307 172 3364 riuum
192 3305 310 3362 sudoris
329 3305 428 3362 emisit
446 3314 590 3379 quantum
608 3307 715 3379 aliquis
728 3305 860 3363 virorum
877 3307 1009 3379 quolibet
1026 3306 1172 3364 accidenti
1187 3309 1226 3364 de

75 3414 111 3454 se
130 3393 264 3451 emittere
284 3401 393 3468 posset
431 3393 499 3464 Quo
511 3393 576 3450 viso
593 3411 710 3463 omnes,
726 3394 774 3451 dei
793 3395 949 3452 laudantes
967 3393 1123 3467 magnalia,
1135 3412 1227 3452 voces

75 3483 115 3540 ad
128 3481 225 3539 sidera
237 3481 353 3551 tollunt,
365 3491 395 3539 et
411 3489 500 3555 caput
517 3499 585 3538 cum
602 3481 711 3538 ceteris
731 3481 875 3538 membris
894 3482 924 3538 in
943 3481 1086 3538 feretrum
1106 3482 1226 3540 honori·
1240 3499 1272 3552 3⁵

76 3571 133 3627 fiee
145 3579 301 3642 reponunt.

115 3699 190 3771 [MS.
203 3698 272 3755 Tib.
285 3700 385 3758 adds:
554 3699 742 3757 Incidencia².

117 3821 189 3891 Non
213 3834 339 3891 multum
361 3841 431 3891 ante
452 3834 508 3891 hec
529 3842 666 3907 tempora
684 3844 788 3892 sancta
806 3834 917 3903 Aurea,
939 3832 1060 3892 Parisiis
1078 3834 1108 3892 in
1132 3834 1228 3892 Gallia

78 3923 198 3991 florens,
225 3922 297 3978 dum
323 3938 419 3994 panes
444 3923 482 3978 ad
509 3921 707 3978 reseccionem
736 3939 872 3978 sororum
900 3923 1052 3992 deessent,
1077 3921 1226 3981 clibanum

79 4010 255 4067 candentem
280 4009 396 4066 intrans
420 4027 534 4083 prunas
559 4011 700 4066 ardentes
722 4010 785 4066 suis
810 4009 948 4066 manibus
969 4009 1049 4067 ioras
1071 4010 1176 4066 detulit
1198 4019 1228 4067 et

79 4101 229 4156 fornacem
252 4098 396 4153 mundam
419 4096 573 4166 exhibuit;
601 4107 633 4153 ut
651 4108 751 4154 autem
774 4097 948 4153 miraculum
974 4097 1175 4170 duplicaretur
1198 4107 1229 4155 et
1241 4120 1275 4168 40

81 4187 145 4243 laus
157 4185 282 4258 uirginis
295 4194 397 4242 sancte
410 4194 662 4259 augmentaretur.
675 4203 820 4259 campane
835 4185 901 4242 sine
918 4202 1061 4242 manuum
1076 4195 1156 4242 tactu
1172 4203 1229 4259 per

251 4366 259 4396 ²
277 4383 326 4418 om.
342 4369 368 4418 u
380 4369 409 4419 r.
533 4346 538 4356 '
628 4370 638 4399 ¹
655 4369 693 4417 cs.
706 4369 779 4420 vinc.
794 4369 858 4418 acu.
872 4367 975 4418 xx111.
987 4370 1020 4431 σς
1032 4367 1057 4418 a.

614 4484 636 4524 a
649 4467 669 4523 h
681 4484 700 4523 a
