3036 4878
115 274 346 345 asanaa-r
371 263 445 356 Dc
469 261 525 352 a.
547 265 765 351 cumanus
788 281 882 369 trac
904 273 944 352 et
965 273 1154 369 muctare.
1198 273 1270 364 685

114 457 270 517 brachium
294 481 384 534 suum,
409 477 437 522 st
461 485 525 523 curn
550 484 654 538 magno
678 467 783 524 lumine
807 485 863 540 quo
887 469 1015 540 apparuit
1040 469 1077 524 ab
1102 468 1161 524 eius
1185 470 1273 526 oculis

118 541 335 617 discessilsse]t.
367 551 432 606 Hoc
445 551 566 622 denique
579 552 690 622 signum
700 551 799 608 nutrici
814 569 882 623 puer
894 552 990 608 dedit:
1007 551 1163 622 ‘inuenies
1174 553 1272 624 inquit,

119 627 288 694 panniculos
309 643 337 688 et
356 649 523 706 quecunque
541 635 690 705 diligenter
708 636 823 692 brachio
842 652 906 690 meo
925 635 1090 707 apposuisti,
1111 635 1139 690 in
1158 637 1273 706 prosun-

120 707 236 782 dita[te]
258 713 351 770 lectuli
372 717 534 773 recondita!
573 720 635 788 Que
661 717 756 774 statim
781 735 899 788 surgens
923 728 951 773 et
976 718 1073 773 omnia
1097 729 1179 789 prout
1204 737 1273 790 puer

120 791 297 852 indicauerat
316 798 471 868 inueniens,
491 817 646 873 sanumque
665 801 811 857 brachium
829 800 1045 873 circumquaque
1070 803 1269 859 considerans:
1286 813 1300 862 5

119 877 233 944 gracias
252 881 309 950 egit
329 884 383 938 deo
401 893 428 938 et
448 883 506 939 eius
525 885 604 939 militi
625 894 724 940 sancto
743 885 912 953 Edmrrndo;
932 894 1031 956 postea
1049 896 1145 940 votum
1165 885 1271 941 facturn

119 960 250 1017 soluebat
262 975 291 1020 et
302 966 478 1022 oblacionem
491 978 588 1022 sancto
601 968 706 1023 martiri
719 968 871 1023 deserebat.

127 1089 249 1215 ERat
262 1093 376 1164 quidam
389 1099 542 1153 monachus
556 1098 646 1153 sancti
659 1097 802 1153 Edmundi
821 1098 936 1153 nomine
955 1098 1094 1153 Iohannes
1112 1099 1148 1153 de
1162 1099 1271 1154 Lauen·

227 1177 308 1246 ham;
334 1189 401 1234 tunc
419 1192 565 1252 susceptor
584 1181 738 1252 hospitum,
758 1191 787 1237 et
807 1193 907 1252 postea
929 1180 1045 1236 sacrista
1065 1181 1117 1236 fuit
1140 1183 1271 1252 optimus.

120 1258 176 1313 Cui
189 1259 264 1316 circa
276 1279 381 1317 annum
396 1264 501 1319 domini
522 1279 533 1320 1
538 1281 553 1334 3
557 1277 570 1334 5
574 1279 599 1334 3,
612 1276 736 1336 ternpore
749 1275 845 1320 sancte
859 1265 1078 1336 quadragesime,
1092 1264 1169 1320 vicus
1185 1283 1271 1335 graue
1289 1283 1318 1318 ro

118 1359 207 1411 supra
218 1345 333 1400 modum
346 1347 397 1401 sub
409 1357 505 1402 mento
518 1367 536 1402 a
547 1348 633 1404 latere
646 1349 763 1418 gutturis
777 1348 850 1420 cepit
861 1365 1043 1414 succrescere,
1053 1365 1108 1420 quo
1116 1349 1173 1402 vim
1182 1348 1271 1404 eciam

119 1425 266 1494 inserente,
280 1447 298 1482 a
311 1429 453 1485 dominica
466 1431 511 1502 iij·
524 1433 651 1486 eiusdem
666 1432 879 1504 quadragesime
891 1449 976 1502 vsque
992 1431 1020 1486 in
1032 1431 1155 1502 vigiliam
1167 1434 1273 1503 pasche

119 1525 213 1579 neque
234 1527 354 1582 sompno
374 1531 464 1586 neque
484 1514 548 1570 cibo
569 1515 654 1570 iibere
673 1525 783 1586 poterat
808 1515 961 1586 indulgere.
1007 1516 1134 1588 Cumque
1158 1517 1272 1572 morbus

119 1591 327 1664 intumesceret,
340 1607 368 1652 et
388 1597 446 1668 ipse
462 1598 518 1668 iugi
538 1599 694 1668 punccione
711 1609 830 1654 mortem
848 1598 902 1654 sibi
921 1599 1066 1653 imminere
1085 1609 1272 1668 tremesceret,

119 1677 224 1733 multos
242 1677 369 1735 sanctos¹
389 1681 538 1751 inuocauit,
551 1693 593 1737 set
605 1682 694 1738 sancti
712 1682 856 1736 Edmundi
871 1681 945 1752 regis
957 1693 984 1737 et
997 1681 1118 1736 martiris
1132 1692 1160 1736 et
1176 1693 1272 1737 sancte
1288 1697 1315 1747 15

118 1759 237 1830 virginis
249 1763 418 1819 Etheldrede
431 1782 461 1820 se
474 1765 603 1835 precibus
622 1765 729 1835 plenius
744 1763 988 1835 com[m]endauit.
1026 1765 1112 1818 Porro
1125 1765 1220 1819 aleria
1230 1767 1272 1835 vj⁸

118 1853 187 1898 ante
197 1845 369 1901 dominicam
381 1847 537 1917 palmarum
548 1865 635 1919 vsque
648 1847 677 1902 in
687 1847 761 1903 diem
774 1864 940 1918 parasceues
953 1846 992 1901 ita
1005 1847 1060 1901 iarn
1072 1847 1163 1902 dictus
1175 1865 1270 1902 mona-

119 1927 191 1981 chus
204 1927 366 1984 infirmitate
379 1931 529 2001 depressus
540 1932 651 1988 iacebat
661 1941 690 1986 ut
704 1948 753 2001 per
765 1932 855 2001 ipsam
867 1930 1056 1986 ebdomadam
1069 1929 1206 1998 integram
1218 1948 1271 1986 nec

118 2009 239 2064 verbum
252 2013 418 2082 exprimeret
431 2031 520 2085 neque
534 2015 632 2069 dentes
646 2025 688 2069 set
700 2014 746 2068 vix
762 2015 836 2069 labia
854 2031 905 2084 pro
919 2029 1093 2083 quacumque
1105 2013 1271 2068 necessitate

118 2093 160 2148 ab
178 2093 300 2150 inuicem
318 2096 477 2166 disiungere
496 2096 638 2168 potuisset,
658 2097 732 2152 vnde
750 2097 952 2168 desperacione
970 2096 1027 2151 vite
1046 2107 1192 2167 concepta,
1204 2099 1271 2169 quia
1285 2114 1317 2150 ao

118 2177 198 2246 loqui
210 2195 268 2233 non
281 2189 390 2249 poterat
404 2197 537 2235 manuum
547 2181 643 2250 signis,
653 2196 731 2235 more
743 2182 946 2234 monachorum
958 2178 986 2233 in
1000 2179 1045 2234 die
1056 2196 1231 2249 parasceues,
1241 2199 1271 2236 se

118 2271 263 2316 mortuum
278 2263 417 2332 signabat.
456 2265 519 2319 Hoc
538 2265 654 2319 tandem
668 2265 714 2320 die
732 2263 761 2318 in
780 2281 891 2319 summa
909 2279 982 2332 perra
1000 2263 1037 2317 ab
1053 2263 1114 2333 ipso
1131 2266 1271 2319 monacho

118 2355 291 2415 exspectato,
311 2347 385 2402 circa
403 2348 502 2402 horam
521 2347 576 2403 diei
597 2363 703 2402 nonam
721 2347 864 2418 paululum
883 2345 1034 2402 dormitare
1056 2347 1147 2416 cepit;
1167 2346 1196 2401 irr
1215 2365 1271 2419 qua

119 2427 324 2486 dormitaeione
348 2446 414 2486 mox
437 2430 490 2486 sibi
514 2430 605 2486 visum
629 2431 679 2486 {uit
704 2432 780 2503 quod
804 2431 832 2485 irr
857 2429 975 2486 ecclesia
1005 2431 1096 2485 sancti
1128 2431 1271 2486 Edmundi

119 2511 235 2580 gloriosi
248 2513 290 2568 sui
303 2513 412 2583 patroni
425 2515 500 2570 iuxta
512 2515 649 2585 capellam
661 2515 787 2570 eiusdem
801 2515 828 2569 in
841 2512 995 2584 aquilonari
1008 2525 1086 2584 parte
1098 2514 1175 2570 chori
1189 2515 1272 2570 sitam
1287 2531 1298 2564 2
1302 2529 1316 2580 5

60 2623 63 2628 ·
121 2612 154 2650 se
171 2596 264 2666 sopori
283 2598 414 2653 dedisset.
452 2599 516 2668 Quo
528 2597 583 2653 illic
596 2608 625 2652 vt
640 2595 717 2668 [sibi]
731 2598 822 2654 visurn
835 2608 877 2653 est
889 2599 918 2652 in
930 2598 1018 2653 extasi
1031 2608 1221 2668 permanente,
1235 2599 1271 2653 de

120 2681 229 2748 capella
245 2680 370 2750 proxima
385 2680 493 2736 sancti¹
510 2682 584 2736 Sabe
597 2680 706 2736 abbatis
719 2681 785 2736 exiit
798 2682 919 2752 quedam
932 2680 1154 2736 sanctimonialis
1166 2682 1272 2736 femina

120 2780 206 2833 supra
224 2765 339 2819 modurn
351 2764 462 2830 decora,
475 2781 529 2835 que
542 2765 579 2819 ad
592 2765 685 2820 locum
703 2763 732 2818 in
748 2781 805 2836 quo
821 2764 905 2819 iacuit
920 2763 1024 2820 directe
1042 2765 1166 2834 profecta
1183 2777 1226 2819 est
1243 2774 1272 2819 et

119 2847 221 2903 leniter
232 2848 293 2903 cius
305 2848 453 2918 pollicibus
470 2848 530 2904 eius
547 2848 621 2903 labia
633 2857 753 2917 tangens
765 2858 792 2902 et
806 2847 935 2917 aperiens
953 2847 1065 2916 orisque
1081 2845 1153 2901 illius
1172 2846 1272 2902 intima

121 2930 315 2997 considerans,
328 2931 418 2986 crucis
431 2933 542 3001 signum
555 2931 691 3002 apposuit,
704 2941 732 2986 et
744 2947 841 2986 versus
852 2946 987 2998 magnum
999 2930 1088 2984 altare
1099 2939 1128 2984 et
1140 2929 1270 2984 feretrum
1284 2941 1316 2991 3ο

121 3014 212 3069 sancti
221 3013 365 3070 Edmundi
376 3014 449 3085 cepit
461 3015 509 3070 ire.
547 3015 595 3070 Set
609 3031 674 3069 mox
683 3014 720 3068 ad
730 3013 870 3068 infirmum
879 3014 1048 3067 monachum
1061 3029 1180 3080 reuersa,
1193 3029 1269 3068 eum-

120 3113 177 3167 que
189 3099 293 3154 blande
306 3100 463 3164 consolans,
477 3098 572 3152 taliter
583 3099 704 3152 allocuta
716 3105 776 3152 est:
796 3097 854 3150 ‘Tu
865 3097 936 3150 duos
949 3096 1048 3150 anulos
1065 3111 1164 3150 aureos
1182 3095 1270 3150 habes

121 3179 151 3235 in
159 3180 330 3250 cistellatua,
338 3181 374 3236 de
382 3181 482 3253 quibus
492 3182 567 3251 apud
575 3179 819 3236 monasteriumde
828 3179 882 3248 Ely
890 3195 976 3233 vnum
984 3178 1070 3233 facies
1079 3177 1165 3232 michi
1175 3178 1268 3244 ferri;'

121 3281 175 3318 nec
187 3266 234 3319 vix
246 3266 330 3321 verba
343 3266 539 3335 compleuerat,
552 3281 618 3318 ecce
630 3264 709 3336 quasi
721 3265 758 3318 ab
771 3263 902 3332 ymagine
915 3261 1004 3316 sancti
1018 3262 1162 3316 Edmundi
1173 3278 1227 3332 que
1241 3262 1269 3316 in

120 3347 197 3404 dicta
205 3348 313 3419 capella
323 3347 378 3403 sita
391 3357 458 3416 erat,
472 3365 526 3402 vox
538 3347 601 3402 talis
613 3348 706 3403 exibat
719 3365 726 3402 :
747 3347 803 3402 ‘Et
815 3347 933 3401 alterum
946 3346 1028 3400 dabis
1038 3344 1142 3400 michi!
1161 3345 1271 3414 Quibus
1284 3365 1314 3415 ³5

121 3430 162 3486 ita
181 3432 275 3498 finitis,
297 3431 369 3487 visio
388 3432 462 3486 tacta
480 3430 624 3501 disparuit.
662 3432 700 3485 Et
718 3429 814 3484 statim
833 3430 989 3484 monachus
1008 3429 1142 3495 infirmus,
1156 3429 1201 3484 cui
1220 3447 1271 3501 per

120 3515 309 3571 ebdomadam
321 3515 518 3586 precedentem
533 3531 586 3568 nec
601 3514 732 3584 loquendi
746 3529 799 3568 nec
811 3513 923 3568 viuendi
943 3530 1007 3584 spes
1019 3514 1074 3568 vlla
1090 3523 1271 3582 remanserat,

120 3599 256 3654 excitatus
269 3617 287 3654 a
299 3615 417 3669 sompno
429 3607 457 3653 et
470 3615 487 3652 a
499 3613 618 3668 sompno
630 3597 765 3663 turbatus,
778 3595 871 3651 multis
891 3597 947 3652 illic
963 3597 1121 3652 astantibus
1133 3613 1189 3650 vna
1200 3613 1270 3651 voce

121 3682 277 3738 clamabat:
298 3683 305 3710 ‘
317 3682 487 3746 benedicite,
501 3681 599 3736 iratres
612 3680 665 3735 mei
678 3699 685 3747 ;
703 3679 765 3751 quis
777 3679 855 3735 affuit
868 3679 914 3735 hic
926 3680 1072 3735 uobiscum
1081 3681 1106 3733 l'
1138 3679 1193 3749 Qui
1206 3696 1270 3733 curn

121 3765 254 3821 mirantes
267 3765 477 3836 respondissent
489 3763 565 3834 quod
582 3765 672 3818 nullus
689 3764 741 3818 nisi
756 3763 808 3834 ipsi
822 3764 890 3818 soli:
909 3771 1008 3833 aperto
1027 3761 1122 3816 statim
1138 3777 1186 3816 ore
1201 3761 1267 3830 eius,
1280 3781 1315 3831 40

120 3859 205 3904 cunta
218 3865 268 3920 per
279 3849 406 3904 ordinem
418 3848 458 3903 eis
470 3848 618 3902 enarrabat
631 3865 685 3919 que
697 3847 768 3902 deus
781 3847 886 3902 meritis
898 3845 973 3901 beati
988 3843 1131 3899 Edmundi
1145 3853 1173 3898 et
1184 3844 1269 3900 beate

121 3933 294 3988 Etheldrede
311 3933 387 3987 circa
405 3948 470 3986 eum
491 3932 594 3985 iecerat
613 3931 730 3985 mirifica
749 3929 860 4000 pietate.
899 3930 965 3984 Post
981 3929 1034 3982 hec
1050 3927 1126 3982 febre
1145 3928 1269 3998 quadarn

121 4025 265 4086 correptus
277 4016 313 4070 de
326 4015 489 4070 infimritate
507 4013 656 4080 conualuit,
669 4014 778 4083 deoque
797 4027 906 4066 summo
921 4019 948 4067 et
965 4009 1069 4066 sanctis
1084 4009 1143 4064 eius
1160 4010 1269 4079 gracias

122 4099 185 4169 egit.
203 4100 206 4167 l
224 4098 347 4169 Quidam
358 4097 477 4153 forsitan
490 4098 542 4152 hec
554 4097 700 4152 audientes
713 4097 748 4152 de
760 4094 872 4162 sanctis,
881 4093 958 4150 varie
970 4093 1133 4148 iudicabunt
1145 4093 1268 4164 eoquod

155 4229 161 4257 ¹
181 4228 236 4279 MS.
248 4229 338 4279 socios.
502 4225 512 4254 ²
529 4225 582 4276 MS.
595 4232 686 4276 sancte.
720 4225 782 4274 This
793 4223 882 4290 chapel
893 4223 942 4274 had
955 4223 1017 4274 been
1029 4222 1137 4272 founded
1148 4222 1181 4286 by
1193 4223 1270 4273 abbot

121 4293 385 4426 ffizellnlrItlrrssYS),
397 4293 454 4344 who
463 4292 513 4343 had
525 4291 665 4357 previously
675 4294 735 4342 been
748 4291 825 4341 abbot
836 4291 864 4340 oi
873 4289 911 4342 St.
920 4291 999 4341 Sabas
1008 4297 1034 4340 at
1044 4291 1140 4350 Rome;
1156 4287 1187 4339 cl.
1199 4289 1268 4341 Mon.
