3044 4894
406 306 668 408 bessum
694 312 903 409 cudha.
1204 321 1227 404 9

79 513 142 572 vite
160 532 214 572 sue
232 532 312 572 anno
331 514 443 586 militie,
462 525 494 572 vt
512 515 704 589 premittitur,
723 531 757 572 se
776 515 865 584 dedit,
884 523 914 572 et
932 523 997 570 octo
1022 513 1111 570 annis
1129 511 1159 568 in
1179 512 1228 568 illa

80 601 234 660 ferocitate
254 613 283 660 et
305 603 436 659 vanitate
457 603 637 675 permansit3
666 613 696 659 et
717 603 888 676 quindecim
909 603 997 659 annis
1017 601 1047 658 in
1069 601 1229 658 solitudine

79 691 172 747 vitam
194 692 251 747 deo
268 691 438 764 placentem
459 691 553 746 duxit.
627 679 745 763 Elapso
757 707 830 747 vero
850 700 919 763 post
941 690 1055 746 obitum
1075 689 1139 745 eius
1156 687 1228 744 anni

78 778 199 846 circulo,
212 795 280 834 curn
293 794 379 834 soror
390 780 456 835 eius
468 795 527 834 vua
540 795 608 834 cum
619 778 766 851 religiosis
782 777 959 850 presbiteris
972 795 1081 850 corpus
1092 785 1228 832 sanctum

78 865 236 924 decentius
254 867 400 922 collocare
419 866 518 934 vellet,
540 873 633 922 totum
653 883 763 939 corpus
782 866 932 938 integrum
954 874 983 922 et
1011 865 1258 937 incorruptum,5

79 953 241 1010 dormienti
263 954 358 1026 magis
371 970 461 1027 quarn
474 962 593 1009 mortuo
611 953 737 1009 similius
755 953 916 1010 inuenitur.
953 951 1080 1008 Brachia
1100 951 1230 1008 enimet

79 1040 165 1113 digiti
178 1041 217 1096 ita
229 1040 309 1098 flecti
321 1049 352 1097 et
364 1040 433 1096 duci
450 1049 599 1113 poterant,
613 1058 648 1097 ac
667 1041 693 1098 si
711 1041 863 1110 humores
877 1039 983 1113 spiritu
1003 1039 1162 1106 mediante,
1175 1053 1231 1110 per

78 1145 175 1184 venas
187 1138 393 1196 excurrerent,
406 1127 553 1200 neruique
572 1127 647 1183 nihil
666 1129 697 1183 in
716 1137 812 1184 morte
830 1128 909 1184 beati
921 1125 978 1184 viri
997 1129 1034 1184 de
1054 1145 1108 1184 sue
1121 1125 1230 1182 vinaci-

78 1214 151 1271 tatis
176 1215 304 1272 efficatia
328 1215 539 1288 perdidissent.
578 1215 687 1270 Omnia
711 1224 811 1272 autem
831 1216 1019 1284 vestimenta,
1039 1214 1148 1287 quibus
1167 1221 1230 1270 erat

79 1302 244 1371 inuolatus,
269 1303 392 1359 omnino
422 1303 606 1370 intemerata,
630 1301 758 1374 pristino
783 1304 914 1359 candore
946 1303 1153 1375 splendebant.
1193 1300 1230 1356 Et
1247 1315 1277 1352 ιο

79 1407 193 1462 corpus
206 1389 271 1447 eius
284 1407 378 1463 super
390 1399 504 1446 terram
517 1389 548 1445 in
562 1389 677 1445 tumulo
685 1407 753 1445 cum
767 1407 876 1463 magna
889 1389 1071 1446 exultatione
1083 1398 1112 1445 et
1122 1388 1230 1462 gaudio

81 1477 214 1533 locatum
234 1487 289 1534 est.
361 1465 479 1534 Audito
491 1494 565 1533 vero
583 1477 664 1532 obitu
683 1477 740 1533 viri
758 1477 816 1546 dei,
832 1476 1028 1533 Ethelbaldus
1047 1477 1117 1534 exul
1138 1475 1231 1531 nimio

80 1563 186 1622 dolore
204 1574 370 1638 correptus,
389 1581 458 1620 cum
478 1563 579 1620 multis
598 1563 751 1620 lachrimis
763 1564 846 1620 venit
864 1565 902 1620 ad
921 1564 1114 1637 sepulchrum
1135 1563 1230 1619 sancti

79 1651 148 1721 viri,
161 1651 266 1708 dicens
278 1671 285 1709 :
305 1653 349 1709 ‘O
360 1653 400 1708 mi
414 1660 507 1725 pater,
520 1669 577 1724 ego
589 1651 692 1707 infelix
708 1652 777 1707 exul
789 1669 849 1724 quo
861 1652 930 1708 ibo?
942 1652 1013 1724 quid
1027 1651 1153 1707 faciam?
1172 1667 1231 1723 quo

81 1756 133 1795 me
146 1744 283 1795 vertam?
320 1739 407 1796 Nunc
420 1741 518 1812 primo
531 1756 580 1796 me
598 1739 742 1795 miserum
756 1747 786 1795 et
801 1740 921 1795 exulem
934 1755 1125 1812 recognosco.
1164 1738 1231 1793 Non
1246 1755 1277 1806 15

80 1828 218 1896 deseras,
244 1836 331 1899 pater
353 1826 508 1896 Guthlace,
534 1827 613 1882 hunc
638 1828 803 1896 desertum,
822 1827 902 1882 hunc
926 1827 1046 1883 exulem
1073 1826 1232 1895 abiectum,

83 1913 182 1970 filium
195 1915 315 1983 dolone,
328 1931 437 1986 vagum
450 1923 481 1970 et
494 1913 663 1986 profugum,
675 1914 845 1986 expositum
859 1913 1002 1987 periculis
1015 1923 1044 1970 et
1058 1912 1233 1970 tormentis!

83 2000 156 2057 Hiis
169 2009 199 2057 et
212 2001 313 2058 multis
325 2001 390 2058 aliis
403 2019 472 2058 curn
485 2001 606 2073 planctu
619 2010 649 2058 et
662 2002 774 2074 gemitu
788 2002 883 2070 dictis,
897 2002 1003 2074 elapsa
1016 2018 1124 2074 magna
1137 1999 1233 2056 noctis

81 2097 172 2161 parte
183 2089 258 2145 vidit
271 2089 433 2145 oratorium
451 2088 626 2145 circumfusi
645 2089 766 2145 luminis
785 2089 947 2161 splendore
966 2088 1142 2145 mirabiliter
1160 2089 1233 2143 irra-

81 2177 208 2246 diatum,
226 2177 407 2249 beatumque
431 2177 609 2233 Guthlacum
629 2177 732 2233 celesti
753 2177 867 2249 fulgore
887 2177 1109 2249 splendentem,
1125 2184 1155 2231 et
1175 2175 1230 2232 hec
1248 2195 1279 2232 ao

81 2265 178 2322 verba
190 2264 247 2319 sibi
257 2266 406 2320 dicentem
418 2282 425 2321 ε
441 2266 448 2293 ‘
460 2264 515 2319 Fili
525 2264 710 2334 charissime,
719 2265 857 2320 domiuus
868 2273 898 2322 te
908 2263 1041 2336 respexit
1053 2283 1060 2321 ι
1075 2263 1191 2319 confide
1205 2271 1234 2319 et

83 2351 265 2422 confortare,
279 2353 348 2425 quia
360 2351 437 2408 infra
456 2352 610 2409 biennium
627 2341 747 2408 labores
767 2354 809 2408 tui
822 2353 914 2409 finem
934 2352 1095 2419 habebunt,
1109 2360 1137 2407 et
1151 2368 1233 2406 recu·

83 2438 208 2513 perabis
221 2439 252 2495 in
265 2440 378 2497 honore
389 2448 419 2497 et
431 2439 525 2512 gloria
537 2455 663 2512 regnum
673 2443 774 2496 tuum’
812 2439 850 2496 Et
859 2441 930 2496 dum
941 2449 1063 2496 sanctus
1075 2437 1234 2510 longitudi-

84 2543 159 2584 nem
169 2527 286 2583 dierum
298 2527 444 2598 [suorum]
454 2527 574 2599 viteque
584 2527 707 2583 finalem
717 2535 829 2583 metam
838 2537 868 2584 et
877 2527 933 2584 alia
943 2544 1002 2599 que
1012 2535 1139 2583 ventura
1149 2535 1235 2582 erant

84 2611 174 2683 quasi
187 2611 226 2667 ad
239 2612 358 2667 oculum
371 2612 545 2680 declararet,
557 2619 587 2667 et
605 2610 654 2666 ille
673 2611 793 2683 signum
805 2619 954 2684 quereret,
968 2610 1081 2667 addidit
1094 2618 1232 2666 sanctus:
1249 2627 1279 2678 ²5

84 2697 234 2769 ‘Signum
248 2697 304 2755 hoc
317 2708 347 2756 et
359 2698 501 2756 indicium
513 2697 565 2756 tibi
578 2697 624 2768 sit,
633 2697 702 2770 quia
711 2698 760 2754 die
772 2698 901 2755 crastina
917 2707 985 2755 ante
999 2698 1104 2754 horam
1117 2696 1234 2753 tertiam

86 2786 271 2842 habitatores
284 2786 373 2844 huius
384 2786 442 2842 loci
454 2786 527 2843 citra
545 2802 631 2858 spem
652 2802 756 2842 eorum
768 2786 852 2842 vberi
872 2786 1081 2842 alimentorum
1101 2784 1234 2840 consola-

85 2875 170 2931 tione
182 2874 371 2946 gaudebunt’
403 2874 491 2944 Quod
505 2891 573 2930 curn
586 2873 783 2930 Ethelbaldus
795 2872 951 2946 impletum
961 2873 1086 2941 videret,
1097 2871 1235 2943 spiritum

85 2961 173 3035 prius
183 2961 370 3018 vacillantem
383 2960 414 3018 iu
428 2979 483 3034 spe
496 2971 526 3018 et
538 2960 646 3017 fiducia
660 2960 808 3016 stabiliuit.
834 2961 896 3018 Nec
906 2977 998 3029 mora,
1007 2961 1082 3016 deus
1095 2975 1236 3031 persecu·

85 3059 185 3106 torem
195 3049 259 3105 eius
272 3049 310 3105 de
322 3050 421 3105 medio
434 3049 563 3118 abstulit,
576 3047 786 3105 exterminarit
796 3047 931 3104 inimicos
944 3047 1018 3116 eius,
1028 3056 1058 3103 et
1071 3055 1139 3102 ante
1152 3045 1236 3103 bien·
1250 3061 1282 3112 30

85 3139 173 3196 nium
184 3136 401 3209 plenitudinem
415 3137 496 3208 regie
508 3135 663 3210 potestatis
676 3137 809 3193 obtinuit
881 3124 975 3208 Cepit
987 3134 1069 3192 enim
1083 3135 1173 3200 locus,
1186 3132 1236 3190 vbi

87 3225 227 3299 sepultus
252 3235 299 3281 est
323 3224 496 3295 Guthlacus,
521 3224 688 3280 innumeris
713 3225 891 3281 choruscare
922 3223 1090 3280 miraculis:
1120 3221 1236 3278 Omnes

86 3313 171 3370 enim
183 3312 285 3370 infide
298 3313 409 3370 Christi
428 3321 458 3369 et
476 3312 571 3368 sancti
590 3312 770 3369 confessoris
789 3312 959 3369 reuerentia
971 3312 1009 3366 de
1028 3309 1091 3366 suis
1106 3309 1237 3365 necessi·

87 3401 200 3458 tatibus
213 3401 346 3457 remedia
358 3408 505 3473 petentes,
516 3401 562 3456 sui
571 3399 632 3456 voti
641 3399 803 3456 efficaciam
817 3397 971 3470 consequti
984 3396 1142 3454 sunt—³
1152 3384 1238 3455 Con-

88 3487 181 3546 cessit
211 3496 311 3544 autem
342 3505 397 3545 rex
421 3488 626 3557 Ethelbaldus,
652 3488 726 3544 sicut
747 3486 859 3544 viuenti
879 3485 1023 3542 Guthlaco
1048 3484 1237 3557 promiserat,
1252 3497 1283 3549 35

88 3577 267 3646 absolutam,
280 3576 405 3633 liberant
418 3585 449 3632 et
461 3576 593 3648 quietam
605 3575 685 3631 illius
698 3575 795 3632 insule
808 3583 911 3631 sancto
924 3573 972 3629 dei
990 3581 1020 3630 et
1037 3573 1102 3629 eius
1119 3589 1238 3628 succes-

88 3666 209 3723 soribus
235 3663 441 3720 mansionem:
473 3664 640 3736 adiecitque
667 3663 750 3735 regia
776 3661 988 3729 munificentia,
1014 3669 1045 3716 vt
1076 3659 1141 3716 iure
1170 3676 1238 3732 per-

89 3763 183 3825 petuo
195 3760 225 3808 et
234 3751 414 3809 inconcussa
426 3751 620 3824 possessione
633 3751 803 3807 obtinerent
816 3750 948 3822 quinque
962 3748 1088 3805 miliaria
1107 3747 1238 3820 regionis

89 3841 169 3897 illius
188 3841 227 3896 ad
246 3840 403 3908 orientem,
416 3839 446 3895 id
467 3848 513 3895 est
525 3857 620 3911 vsque
640 3839 678 3894 ad
691 3837 803 3894 fossam
819 3854 878 3910 que
891 3845 1015 3892 vocatur
1027 3835 1195 3902 ‘Asendic,'
1209 3843 1238 3891 et

89 3929 147 3984 tria
166 3929 203 3983 ad
221 3927 417 3996 occidentem,
430 3927 563 4000 quinque
575 3943 648 3982 vero
666 3927 704 3983 ad
724 3925 890 3994 meridiem,
906 3933 936 3981 et
950 3924 1081 3996 quinque
1100 3923 1136 3977 ad
1155 3921 1237 3994 aqui·
1251 3936 1284 3986 40

90 4015 202 4072 ionem.
234 4015 302 4071 Hec
315 4024 415 4071 autem
428 4013 529 4070 omnia
541 4016 578 4071 ab
586 4013 668 4070 omni
678 4013 832 4070 exactione
843 4022 873 4070 et
883 4010 1098 4068 consuetudine
1112 4009 1239 4066 seculari

89 4120 215 4176 prorsus
234 4102 355 4170 exemit,
374 4102 556 4175 plenamque
574 4102 605 4157 in
628 4102 767 4158 omnibus
787 4102 954 4158 libertatem
975 4098 1072 4171 sigillo
1089 4096 1189 4169 regali,
1207 4096 1238 4152 in

90 4191 301 4265 episcoporum
312 4199 342 4248 et
355 4207 512 4263 procerum
522 4189 684 4262 presentia,
693 4189 889 4245 confirmauit.
921 4187 959 4242 Et
967 4185 1036 4259 quia
1047 4185 1128 4240 locus
1139 4185 1239 4258 palus-

90 4281 144 4338 tris
160 4279 308 4336 insolidus
328 4287 392 4335 erat
409 4295 464 4335 nec
482 4277 591 4334 molem
609 4277 805 4334 edificationis
825 4275 942 4348 lapidee
958 4273 1106 4330 sustinere
1127 4280 1239 4345 posset,

188 4377 197 4406 ²
216 4375 255 4426 Cf.
268 4376 407 4427 Ordericus
418 4376 510 4426 Vitalis
523 4375 558 4426 H.
572 4375 610 4438 E,
625 4374 714 4437 lngulf
723 4373 792 4424 Hist.
807 4373 845 4439 (in
856 4373 888 4423 A.
902 4372 950 4422 SS.
964 4371 1030 4421 Boll.
1043 4385 1067 4433 p.
1081 4371 1135 4436 50).
