3036 4878
260 245 331 317 682
695 241 896 344 {intimuit
926 247 976 322 ll.

259 446 341 500 amici
356 445 471 502 nimium
484 446 649 512 contristati,
662 465 713 518 pro
726 449 815 504 salute
833 450 924 518 puelle
942 451 1120 506 refomranda
1137 451 1220 506 nudis
1239 452 1365 522 pedibus
1379 452 1421 506 ad

259 529 396 598 capellam
409 529 498 584 sancti
512 529 655 584 Edmundi
668 531 704 585 de
719 531 799 600 Lyng
813 532 1037 602 peregrinaturos
1054 551 1115 589 sese
1132 535 1243 589 deuotis
1261 535 1422 590 affectibus

259 612 453 682 promiserunt.
497 613 562 680 Quo
584 613 676 668 facto:
709 614 784 670 dicta
807 616 897 683 puella
919 615 1059 685 respirans
1083 616 1182 671 reuixit
1206 626 1234 672 et
1260 618 1422 681 conualuit,

259 695 342 748 deum
366 703 394 750 et
419 705 546 750 sanctum
572 696 754 750 Edmundum
778 697 897 752 laudans
921 709 949 752 et
979 699 1169 764 benedicens;
1199 717 1233 753 ac
1263 699 1293 753 in
1324 699 1420 754 sancti

231 777 380 838 smartiris
405 779 539 832 honorem
563 795 619 832 vna
644 797 706 834 cum
731 791 810 850 patre
834 791 862 834 et
886 791 974 836 matre
996 781 1056 836 eius
1081 792 1207 852 tempore
1226 781 1285 835 vite
1308 799 1420 846 eorum,

259 860 367 929 uigilias
381 861 506 916 eiusdem
518 861 639 916 martiris
652 861 680 916 in
694 879 766 932 pane
778 871 806 917 et
819 879 892 934 aqua
904 881 934 918 se
947 863 999 918 sub
1012 875 1078 919 voto
1091 864 1213 919 ieiunare
1226 865 1410 918 constrinxit.

439 1133 488 1186 DE
507 1145 640 1198 QUODAM
659 1143 783 1188 lUUENE
802 1145 935 1189 mortuo
953 1145 1027 1188 Vl'l'E
1046 1146 1228 1190 RESTITUTO.

260 1253 339 1380 AN
343 1271 380 1308 no
397 1253 504 1308 domini
525 1253 757 1324 tt⁰.ccc⁰.lxxiij⁰.‚
771 1253 886 1324 quidam
905 1253 1012 1309 iuuenis
1028 1254 1093 1308 ville
1111 1255 1147 1309 de
1165 1255 1246 1324 Lyng
1261 1271 1419 1324 percussus

358 1335 516 1404 enormiter,
541 1353 558 1390 a
582 1347 725 1392 momento
750 1335 844 1392 statim
864 1337 924 1392 sine
949 1353 999 1406 spe
1024 1337 1212 1407 recuperande
1237 1337 1339 1392 salutis
1364 1355 1420 1408 per

259 1431 369 1490 tempus
389 1419 511 1474 notabile
530 1418 676 1474 defunctus
695 1419 831 1488 apparuit.
868 1419 951 1474 Vnde
969 1429 1058 1474 mater
1075 1419 1134 1475 eius
1153 1419 1264 1474 turbata
1282 1431 1314 1475 et
1333 1420 1417 1490 quasi

216 1521 246 1557 ro
260 1513 336 1558 extra
355 1519 385 1556 se
404 1501 504 1571 posita,
517 1501 554 1556 ad
574 1501 663 1556 sancti
683 1501 826 1556 Edmundi
846 1503 983 1571 capellam
1001 1503 1038 1556 de
1053 1504 1133 1572 Lyng
1152 1501 1310 1572 predictam
1328 1520 1417 1558 cursu

259 1584 348 1640 veloci
361 1584 513 1640 festinauit.
550 1585 605 1639 Vbi
624 1585 708 1639 deum
726 1595 754 1638 et
774 1595 901 1640 sanctum
920 1585 1102 1640 Edmundum
1121 1603 1171 1655 pro
1190 1585 1237 1638 filii
1257 1585 1300 1641 sui
1321 1587 1418 1641 salute

259 1667 361 1736 iugiter
379 1667 564 1736 interpellans,
580 1677 607 1722 et
625 1668 738 1722 tandem
757 1669 873 1723 domum
890 1668 1067 1738 regrediens:
1088 1685 1212 1739 puerum,
1228 1685 1314 1739 quem
1331 1670 1417 1739 quasi

259 1759 398 1804 mortuum
423 1759 451 1804 et
481 1750 606 1804 animam
631 1751 787 1806 exalmtem
814 1749 931 1820 reliquit,
956 1750 1013 1806 vite
1043 1760 1071 1806 et
1102 1751 1214 1807 sanitati
1245 1751 1419 1807 mirabiliter

260 1832 417 1888 restitutum
430 1849 481 1904 per
492 1833 589 1888 merita
602 1833 692 1888 sancti
705 1833 827 1888 martiris
839 1833 955 1889 inuenit.

557 2097 606 2150 Dtt
624 2107 760 2162 Quonam
780 2108 944 2153 LANGUIDO
963 2109 1002 2152 ΕΤ
1021 2107 1119 2153 MUTO.

218 2229 246 2280 ¹5
334 2217 441 2274 Uidam
456 2219 595 2274 lohannes
606 2218 760 2289 Skynnem,
770 2219 806 2274 de
817 2220 950 2287 Derham‚
960 2235 1035 2274 anno
1045 2217 1149 2274 domini
1161 2217 1418 2288 M⁰.ccc⁰‚lxxiiij⁰.‚

273 2355 282 2367 ,
386 2301 459 2356 inter
494 2303 586 2356 natale
615 2301 721 2356 domini
759 2311 787 2356 et
823 2302 995 2358 dominicam
1025 2301 1242 2373 quadragesime
1271 2302 1353 2372 quasi
1386 2303 1418 2356 in

260 2384 390 2439 extremis
412 2385 591 2439 vehementer
612 2384 751 2453 elanguit:
779 2384 852 2440 vnde
874 2395 929 2440 tres
952 2385 1011 2440 eius
1031 2384 1115 2439 amici
1137 2383 1273 2453 speciales
1294 2385 1418 2438 multum

260 2466 424 2534 contristati,
438 2483 489 2536 pro
501 2466 561 2521 eius
574 2466 693 2522 sanitate
706 2467 899 2537 recuperanda
914 2468 951 2522 ad
968 2477 1095 2522 sanctum
1112 2466 1295 2521 Edmundum
1307 2477 1336 2520 et
1349 2466 1415 2521 eius

261 2549 399 2618 capellam
411 2549 447 2602 de
461 2550 541 2618 Lyng
553 2559 619 2604 vota
631 2559 775 2604 vuuerunt.
807 2551 870 2618 Quo
882 2551 973 2606 facto:
993 2551 1116 2621 perfecte
1130 2549 1244 2604 sanitati
1256 2549 1417 2604 restituitur

218 2631 307 2702 requi
321 2628 479 2685 modicum¹
493 2643 558 2686 ante
571 2643 689 2687 mortem
703 2632 795 2687 subire
808 2632 930 2687 vicinam
940 2633 975 2688 ab
985 2633 1114 2687 omnibus
1125 2633 1283 2702 putabatur.
1309 2633 1418 2686 Postea

261 2731 325 2770 curn
343 2713 410 2768 dicti
429 2713 511 2769 amici
530 2713 612 2768 simul
630 2731 695 2770 cum
714 2715 775 2786 ipso
795 2716 920 2771 Iohanne
943 2715 1067 2786 predicto
1087 2714 1291 2786 peregrinando
1313 2731 1416 2770 versus

261 2796 398 2868 capellam
411 2813 460 2866 pro
473 2807 539 2851 voto
555 2814 606 2852 suo
626 2798 761 2854 soluendo
777 2799 979 2869 procederent:
1001 2799 1143 2854 lohannes
1160 2798 1302 2869 predictus
1319 2799 1417 2853 subito

262 2879 290 2934 in
304 2879 411 2948 itinere,
419 2881 525 2950 plectro
538 2879 632 2950 lingue
645 2897 695 2940 sue
707 2891 861 2948 contracto,
874 2893 967 2938 mutus
980 2882 1103 2948 omnino,
1116 2891 1145 2936 et
1157 2881 1237 2951 quasi
1251 2881 1415 2936 insensatus

261 2963 376 3018 effectus
395 2973 447 3018 est.
484 2963 567 3034 Quod
586 2963 668 3019 amici
687 2963 747 3018 eius
766 2963 914 3030 intuentes,
933 2975 961 3018 et
980 2981 1064 3035 supra
1082 2964 1198 3018 modum
1216 2963 1366 3034 stupefacti
1385 2976 1416 3019 et

219 3067 248 3116 ²5
262 3044 383 3114 attoniti,
393 3045 521 3101 dixemnt
532 3045 558 3101 ei
571 3059 577 3096 ε
599 3047 688 3102 ‘Vere
702 3047 758 3101 iarn
770 3057 846 3116 patet
859 3046 935 3118 quod
947 3064 1004 3102 non
1017 3047 1118 3102 deuote
1130 3049 1265 3102 obseruas
1277 3057 1344 3100 vota
1358 3063 1416 3117 que

262 3139 353 3199 prote
367 3129 518 3184 emisimus.
556 3129 629 3184 Sede
642 3146 710 3199 ergo
726 3130 890 3185 festinanter
906 3139 934 3184 et
952 3139 980 3184 te
999 3129 1090 3199 ipsum
1107 3128 1249 3195 discalcia,
1263 3139 1292 3182 vt
1306 3127 1346 3183 sic
1360 3131 1417 3184 deo

262 3223 290 3267 et
309 3222 408 3266 sancto
427 3212 579 3266 Edmundo
598 3212 697 3266 melius
716 3215 838 3282 placens,
857 3211 982 3282 graciam
1000 3223 1028 3268 et
1047 3211 1196 3266 sanitatem
1215 3211 1417 3281 consequaris.¹

263 3295 318 3362 Qui
341 3295 437 3349 statim
459 3295 613 3350 amicorum
637 3312 750 3350 suorum
774 3293 899 3350 consiliis
919 3305 948 3350 et
968 3293 1081 3349 monitis
1103 3293 1299 3365 adquiescens,
1318 3294 1415 3348 subito

262 3393 344 3431 vsum
363 3377 456 3446 lingue
474 3389 502 3435 et
521 3379 629 3448 loquele
647 3377 857 3448 expressionem
877 3377 1043 3432 miraculose
1064 3376 1188 3446 recepit;
1214 3385 1243 3430 et
1264 3375 1306 3430 sic
1328 3376 1417 3431 deum

218 3477 250 3526 30
263 3469 291 3514 et
305 3470 433 3515 sanctum
446 3461 627 3516 Edmundum
643 3460 824 3527 benedicens,
837 3457 969 3516 deuocius
984 3459 1161 3531 prosequitur
1177 3457 1255 3529 quod
1272 3457 1415 3528 necligen-

264 3543 323 3598 cius
336 3541 494 3600 inchoabat.

626 3744 675 3798 Da
694 3753 839 3797 muueris
856 3752 1050 3798 conradere.

336 3862 449 3918 Uedam
461 3861 560 3916 mulier
572 3861 608 3917 de
622 3861 751 3931 Repham
763 3877 813 3930 per
829 3859 865 3930 vij
879 3876 969 3914 annos
978 3859 1020 3914 sic
1034 3867 1094 3913 erat
1112 3865 1258 3912 contracta
1271 3856 1349 3926 quod
1362 3857 1416 3911 nisi

371 3955 485 4000 curuata
495 3943 505 3975 ⁹
517 3961 600 4014 super
611 3960 712 3998 manus
724 3954 752 3998 et
764 3961 855 4012 genua
868 3943 979 3998 valebat
992 3941 1130 3996 incedere.
1166 3939 1250 3994 Vnde
1262 3939 1416 3994 addictam

264 4029 402 4098 capellam
426 4028 463 4082 de
488 4027 560 4097 Ling
588 4027 626 4082 ob
656 4025 746 4082 sancti
777 4023 919 4080 Edmundi
949 4023 1173 4090 veneracionem,
1203 4037 1278 4076 anno
1308 4022 1415 4076 domini

219 4122 250 4171 35
266 4110 417 4165 Millesimo
431 4113 610 4178 ,cce‘.lxxv⁰.,
623 4109 828 4180 peregrinando
840 4107 965 4175 veniens,
978 4123 1029 4177 per
1043 4105 1144 4160 merita
1164 4103 1255 4159 sancti
1271 4103 1415 4158 Edmundi

264 4191 356 4246 sanari
369 4192 527 4262 promeruit

475 4337 483 4367 ¹
502 4340 557 4392 MS.
569 4341 703 4392 modicam.
986 4337 997 4368 ¹
1013 4337 1069 4388 MS.
1080 4342 1202 4387 curuatas.
