<?xml version="1.0" encoding="UTF-8"?>
<!DOCTYPE html PUBLIC "-//W3C//DTD XHTML 1.0 Transitional//EN"
    "http://www.w3.org/TR/xhtml1/DTD/xhtml1-transitional.dtd">
<html xmlns="http://www.w3.org/1999/xhtml" xml:lang="en" lang="en">
 <head>
  <title>
</title>
<meta http-equiv="Content-Type" content="text/html;charset=utf-8" />
  <meta name='ocr-system' content='tesseract 3.04.00' />
  <meta name='ocr-capabilities' content='ocr_page ocr_carea ocr_par ocr_line ocrx_word'/>
</head>
<body>
  <div class='ocr_page' id='page_1' title='image "./novalegendaangl00wordgoog/novalegendaangl00wordgoog_0285.png"; bbox 0 0 3008 4904; ppageno 0'>
   <div class='ocr_carea' id='block_1_1' title="bbox 282 300 1119 408">
    <p class='ocr_par' dir='ltr' id='par_1_1' title="bbox 282 300 1119 408">
     <span class='ocr_line' id='line_1_1' title="bbox 282 300 1119 408; baseline 0.004 -24"><span class='ocrx_word' id='word_1_1' title='bbox 282 313 354 403; x_wconf 82' lang='lat'>276</span> <span class='ocrx_word' id='word_1_2' title='bbox 594 307 725 395; x_wconf 75' lang='lat' dir='ltr'>motta</span> <span class='ocrx_word' id='word_1_3' title='bbox 749 300 941 408; x_wconf 62' lang='lat' dir='ltr'>[tumba</span> <span class='ocrx_word' id='word_1_4' title='bbox 965 301 1119 408; x_wconf 60' lang='lat' dir='ltr'>finalia</span> 
     </span>
    </p>
   </div>
   <div class='ocr_carea' id='block_1_2' title="bbox 224 504 1500 4174">
    <p class='ocr_par' dir='ltr' id='par_1_2' title="bbox 224 504 1500 4174">
     <span class='ocr_line' id='line_1_2' title="bbox 280 504 1432 581; baseline -0.004 -17"><span class='ocrx_word' id='word_1_5' title='bbox 280 506 443 565; x_wconf 84' lang='lat' dir='ltr'>Paternum</span> <span class='ocrx_word' id='word_1_6' title='bbox 471 507 579 581; x_wconf 91' lang='lat' dir='ltr'>quouis</span> <span class='ocrx_word' id='word_1_7' title='bbox 610 510 700 565; x_wconf 91' lang='lat' dir='ltr'>modo</span> <span class='ocrx_word' id='word_1_8' title='bbox 730 507 838 565; x_wconf 89' lang='lat' dir='ltr'>callide</span> <span class='ocrx_word' id='word_1_9' title='bbox 864 515 1056 580; x_wconf 81' lang='lat' dir='ltr'><strong>temptarent.</strong></span> <span class='ocrx_word' id='word_1_10' title='bbox 1105 504 1164 576; x_wconf 85' lang='lat' dir='ltr'>Qui</span> <span class='ocrx_word' id='word_1_11' title='bbox 1193 519 1267 562; x_wconf 89' lang='lat' dir='ltr'>vasa</span> <span class='ocrx_word' id='word_1_12' title='bbox 1296 505 1432 577; x_wconf 85' lang='lat' dir='ltr'>quedam</span> 
     </span>
     <span class='ocr_line' id='line_1_3' title="bbox 278 596 1433 670; baseline -0.003 -19"><span class='ocrx_word' id='word_1_13' title='bbox 278 596 380 668; x_wconf 88' lang='lat' dir='ltr'>glarea</span> <span class='ocrx_word' id='word_1_14' title='bbox 411 597 573 670; x_wconf 85' lang='lat' dir='ltr'>replentes,</span> <span class='ocrx_word' id='word_1_15' title='bbox 604 597 722 670; x_wconf 77' lang='lat' dir='ltr'>regales</span> <span class='ocrx_word' id='word_1_16' title='bbox 756 596 916 652; x_wconf 89' lang='lat' dir='ltr'>thezauros</span> <span class='ocrx_word' id='word_1_17' title='bbox 945 597 983 651; x_wconf 91' lang='lat' dir='ltr'>ad</span> <span class='ocrx_word' id='word_1_18' title='bbox 1014 603 1151 651; x_wconf 87' lang='lat' dir='ltr'>sanctum</span> <span class='ocrx_word' id='word_1_19' title='bbox 1184 611 1218 650; x_wconf 91' lang='lat' dir='ltr'>se</span> <span class='ocrx_word' id='word_1_20' title='bbox 1250 601 1433 666; x_wconf 81' lang='lat' dir='ltr'>apportasse</span> 
     </span>
     <span class='ocr_line' id='line_1_4' title="bbox 280 681 1433 759; baseline -0.004 -18"><span class='ocrx_word' id='word_1_21' title='bbox 280 684 423 742; x_wconf 89' lang='lat' dir='ltr'>simulant</span> <span class='ocrx_word' id='word_1_22' title='bbox 442 693 472 743; x_wconf 95' lang='lat' dir='ltr'>et</span> <span class='ocrx_word' id='word_1_23' title='bbox 490 687 587 742; x_wconf 90' lang='lat' dir='ltr'>donec</span> <span class='ocrx_word' id='word_1_24' title='bbox 605 702 660 742; x_wconf 86' lang='lat' dir='ltr'>rex</span> <span class='ocrx_word' id='word_1_25' title='bbox 676 701 823 759; x_wconf 86' lang='lat' dir='ltr'>prospere</span> <span class='ocrx_word' id='word_1_26' title='bbox 843 692 1018 750; x_wconf 88' lang='lat' dir='ltr'>reuertatur,</span> <span class='ocrx_word' id='word_1_27' title='bbox 1032 682 1087 738; x_wconf 87' lang='lat' dir='ltr'>hos</span> <span class='ocrx_word' id='word_1_28' title='bbox 1106 681 1257 739; x_wconf 88' lang='lat' dir='ltr'>custodire</span> <span class='ocrx_word' id='word_1_29' title='bbox 1275 682 1433 737; x_wconf 83' lang='lat' dir='ltr'>mandant</span> 
     </span>
     <span class='ocr_line' id='line_1_5' title="bbox 279 769 1433 846; baseline -0.003 -18"><span class='ocrx_word' id='word_1_30' title='bbox 279 773 396 830; x_wconf 85' lang='lat' dir='ltr'>Annuit</span> <span class='ocrx_word' id='word_1_31' title='bbox 420 783 550 842; x_wconf 89' lang='lat' dir='ltr'>sanctus,</span> <span class='ocrx_word' id='word_1_32' title='bbox 575 773 686 846; x_wconf 88' lang='lat' dir='ltr'>deponi</span> <span class='ocrx_word' id='word_1_33' title='bbox 711 773 801 840; x_wconf 88' lang='lat' dir='ltr'>iubet,</span> <span class='ocrx_word' id='word_1_34' title='bbox 823 771 889 828; x_wconf 93' lang='lat' dir='ltr'>illos</span> <span class='ocrx_word' id='word_1_35' title='bbox 914 771 1113 828; x_wconf 90' lang='lat' dir='ltr'>inueniendos</span> <span class='ocrx_word' id='word_1_36' title='bbox 1138 787 1208 827; x_wconf 87' lang='lat' dir='ltr'>esse</span> <span class='ocrx_word' id='word_1_37' title='bbox 1232 769 1310 826; x_wconf 89' lang='lat' dir='ltr'>sicut</span> <span class='ocrx_word' id='word_1_38' title='bbox 1333 769 1433 825; x_wconf 86' lang='lat' dir='ltr'>relicti</span> 
     </span>
     <span class='ocr_line' id='line_1_6' title="bbox 249 857 1433 934; baseline -0.002 -19"><span class='ocrx_word' id='word_1_39' title='bbox 249 859 396 933; x_wconf 73' lang='lat' dir='ltr'>gsuerant</span> <span class='ocrx_word' id='word_1_40' title='bbox 426 861 563 918; x_wconf 82' lang='lat' dir='ltr'>affirmat.</span> <span class='ocrx_word' id='word_1_41' title='bbox 615 861 700 934; x_wconf 90' lang='lat' dir='ltr'>Rege</span> <span class='ocrx_word' id='word_1_42' title='bbox 731 860 832 933; x_wconf 89' lang='lat' dir='ltr'>itaque</span> <span class='ocrx_word' id='word_1_43' title='bbox 871 859 985 932; x_wconf 81' lang='lat' dir='ltr'>pacatis</span> <span class='ocrx_word' id='word_1_44' title='bbox 1022 858 1079 916; x_wconf 83' lang='lat' dir='ltr'>sibi</span> <span class='ocrx_word' id='word_1_45' title='bbox 1114 857 1255 914; x_wconf 62' lang='lat' dir='ltr'>inimicis*</span> <span class='ocrx_word' id='word_1_46' title='bbox 1279 873 1433 930; x_wconf 85' lang='lat' dir='ltr'>regresso,</span> 
     </span>
     <span class='ocr_line' id='line_1_7' title="bbox 277 945 1434 1023; baseline -0.004 -17"><span class='ocrx_word' id='word_1_47' title='bbox 277 948 437 1007; x_wconf 87' lang='lat' dir='ltr'>venientes</span> <span class='ocrx_word' id='word_1_48' title='bbox 461 950 613 1023; x_wconf 81' lang='lat' dir='ltr'>predones</span> <span class='ocrx_word' id='word_1_49' title='bbox 634 957 664 1006; x_wconf 91' lang='lat' dir='ltr'>et</span> <span class='ocrx_word' id='word_1_50' title='bbox 690 965 831 1004; x_wconf 87' lang='lat' dir='ltr'>vasorum</span> <span class='ocrx_word' id='word_1_51' title='bbox 854 947 996 1003; x_wconf 86' lang='lat' dir='ltr'>interiora</span> <span class='ocrx_word' id='word_1_52' title='bbox 1020 955 1197 1012; x_wconf 74' lang='lat' dir='ltr'>scrutantes,</span> <span class='ocrx_word' id='word_1_53' title='bbox 1221 945 1358 1018; x_wconf 72' lang='grc' dir='ltr'>ςὶειειω</span> <span class='ocrx_word' id='word_1_54' title='bbox 1380 946 1434 1001; x_wconf 89' lang='lat' dir='ltr'>de·</span> 
     </span>
     <span class='ocr_line' id='line_1_8' title="bbox 281 1033 1435 1110; baseline -0.002 -18"><span class='ocrx_word' id='word_1_55' title='bbox 281 1047 407 1108; x_wconf 88' lang='lat' dir='ltr'>ponunt,</span> <span class='ocrx_word' id='word_1_56' title='bbox 439 1045 469 1094; x_wconf 93' lang='lat' dir='ltr'>et</span> <span class='ocrx_word' id='word_1_57' title='bbox 500 1037 581 1110; x_wconf 87' lang='lat' dir='ltr'>regis</span> <span class='ocrx_word' id='word_1_58' title='bbox 610 1037 770 1092; x_wconf 87' lang='lat' dir='ltr'>thezauros</span> <span class='ocrx_word' id='word_1_59' title='bbox 800 1035 901 1092; x_wconf 83' lang='lat' dir='ltr'>furtim</span> <span class='ocrx_word' id='word_1_60' title='bbox 937 1034 1051 1091; x_wconf 88' lang='lat' dir='ltr'>ablatos</span> <span class='ocrx_word' id='word_1_61' title='bbox 1087 1043 1117 1090; x_wconf 91' lang='lat' dir='ltr'>et</span> <span class='ocrx_word' id='word_1_62' title='bbox 1147 1051 1204 1107; x_wconf 92' lang='lat' dir='ltr'>pro</span> <span class='ocrx_word' id='word_1_63' title='bbox 1233 1033 1280 1090; x_wconf 90' lang='lat' dir='ltr'>eis</span> <span class='ocrx_word' id='word_1_64' title='bbox 1311 1033 1435 1106; x_wconf 76' lang='lat' dir='ltr'>glareas</span> 
     </span>
     <span class='ocr_line' id='line_1_9' title="bbox 278 1121 1434 1190; baseline -0.001 -11"><span class='ocrx_word' id='word_1_65' title='bbox 278 1123 431 1182; x_wconf 86' lang='lat' dir='ltr'>immissas</span> <span class='ocrx_word' id='word_1_66' title='bbox 443 1125 508 1181; x_wconf 87' lang='lat' dir='ltr'>sore</span> <span class='ocrx_word' id='word_1_67' title='bbox 521 1125 697 1182; x_wconf 83' lang='lat' dir='ltr'>exclamant</span> <span class='ocrx_word' id='word_1_68' title='bbox 735 1123 865 1180; x_wconf 89' lang='lat' dir='ltr'>Sanctus</span> <span class='ocrx_word' id='word_1_69' title='bbox 877 1132 978 1180; x_wconf 89' lang='lat' dir='ltr'>autem</span> <span class='ocrx_word' id='word_1_70' title='bbox 993 1122 1141 1179; x_wconf 85' lang='lat' dir='ltr'>Paternus</span> <span class='ocrx_word' id='word_1_71' title='bbox 1154 1131 1278 1178; x_wconf 84' lang='lat' dir='ltr'>econtra</span> <span class='ocrx_word' id='word_1_72' title='bbox 1290 1121 1434 1190; x_wconf 85' lang='lat' dir='ltr'>asseruit,</span> 
     </span>
     <span class='ocr_line' id='line_1_10' title="bbox 277 1208 1433 1279; baseline 0 -13"><span class='ocrx_word' id='word_1_73' title='bbox 277 1217 309 1266; x_wconf 86' lang='lat' dir='ltr'>vt</span> <span class='ocrx_word' id='word_1_74' title='bbox 326 1211 478 1279; x_wconf 87' lang='lat' dir='ltr'>dimissos,</span> <span class='ocrx_word' id='word_1_75' title='bbox 497 1211 538 1268; x_wconf 87' lang='lat' dir='ltr'>ita</span> <span class='ocrx_word' id='word_1_76' title='bbox 555 1210 619 1268; x_wconf 83' lang='lat' dir='ltr'>sore</span> <span class='ocrx_word' id='word_1_77' title='bbox 638 1211 785 1267; x_wconf 90' lang='lat' dir='ltr'>inuentos.</span> <span class='ocrx_word' id='word_1_78' title='bbox 823 1210 869 1267; x_wconf 93' lang='lat' dir='ltr'>Illi</span> <span class='ocrx_word' id='word_1_79' title='bbox 887 1217 988 1266; x_wconf 63' lang='lat' dir='ltr'>umen</span> <span class='ocrx_word' id='word_1_80' title='bbox 1008 1209 1125 1265; x_wconf 91' lang='lat' dir='ltr'>ruinam</span> <span class='ocrx_word' id='word_1_81' title='bbox 1144 1208 1233 1266; x_wconf 90' lang='lat' dir='ltr'>totius</span> <span class='ocrx_word' id='word_1_82' title='bbox 1253 1209 1433 1266; x_wconf 82' lang='lat' dir='ltr'>monasterii</span> 
     </span>
     <span class='ocr_line' id='line_1_11' title="bbox 233 1296 1434 1373; baseline -0.004 -16"><span class='ocrx_word' id='word_1_83' title='bbox 233 1319 266 1357; x_wconf 85' lang='lat' dir='ltr'>ro</span> <span class='ocrx_word' id='word_1_84' title='bbox 279 1307 309 1356; x_wconf 94' lang='lat' dir='ltr'>et</span> <span class='ocrx_word' id='word_1_85' title='bbox 334 1299 596 1373; x_wconf 86' lang='lat' dir='ltr'>depopulationem</span> <span class='ocrx_word' id='word_1_86' title='bbox 622 1299 821 1366; x_wconf 83' lang='lat' dir='ltr'>minabantur,</span> <span class='ocrx_word' id='word_1_87' title='bbox 846 1298 872 1354; x_wconf 90' lang='lat' dir='ltr'>si</span> <span class='ocrx_word' id='word_1_88' title='bbox 897 1296 1033 1355; x_wconf 87' lang='lat' dir='ltr'>thezauri</span> <span class='ocrx_word' id='word_1_89' title='bbox 1058 1314 1119 1353; x_wconf 88' lang='lat' dir='ltr'>nou</span> <span class='ocrx_word' id='word_1_90' title='bbox 1143 1297 1353 1353; x_wconf 87' lang='lat' dir='ltr'>redderentur.</span> <span class='ocrx_word' id='word_1_91' title='bbox 1403 1297 1434 1352; x_wconf 82' lang='lat' dir='ltr'>A</span> 
     </span>
     <span class='ocr_line' id='line_1_12' title="bbox 278 1385 1433 1459; baseline -0.003 -16"><span class='ocrx_word' id='word_1_92' title='bbox 278 1403 350 1459; x_wconf 87' lang='lat' dir='ltr'>rege</span> <span class='ocrx_word' id='word_1_93' title='bbox 372 1396 472 1444; x_wconf 90' lang='lat' dir='ltr'>autem</span> <span class='ocrx_word' id='word_1_94' title='bbox 497 1396 586 1443; x_wconf 87' lang='lat' dir='ltr'>antea</span> <span class='ocrx_word' id='word_1_95' title='bbox 607 1404 663 1459; x_wconf 94' lang='lat' dir='ltr'>per</span> <span class='ocrx_word' id='word_1_96' title='bbox 686 1385 872 1442; x_wconf 81' lang='lat' dir='ltr'>Britanniam</span> <span class='ocrx_word' id='word_1_97' title='bbox 896 1385 992 1442; x_wconf 89' lang='lat' dir='ltr'>fuerat</span> <span class='ocrx_word' id='word_1_98' title='bbox 1016 1385 1145 1442; x_wconf 91' lang='lat' dir='ltr'>edictum</span> <span class='ocrx_word' id='word_1_99' title='bbox 1169 1395 1202 1440; x_wconf 87' lang='lat' dir='ltr'>vt</span> <span class='ocrx_word' id='word_1_100' title='bbox 1226 1401 1320 1440; x_wconf 87' lang='lat' dir='ltr'>omne</span> <span class='ocrx_word' id='word_1_101' title='bbox 1345 1403 1433 1441; x_wconf 87' lang='lat' dir='ltr'>men-</span> 
     </span>
     <span class='ocr_line' id='line_1_13' title="bbox 278 1470 1433 1547; baseline -0.001 -18"><span class='ocrx_word' id='word_1_102' title='bbox 278 1473 409 1529; x_wconf 88' lang='lat' dir='ltr'>datium¹</span> <span class='ocrx_word' id='word_1_103' title='bbox 438 1491 516 1547; x_wconf 88' lang='lat' dir='ltr'>aqua</span> <span class='ocrx_word' id='word_1_104' title='bbox 546 1473 768 1532; x_wconf 84' lang='lat' dir='ltr'>feruentissima</span> <span class='ocrx_word' id='word_1_105' title='bbox 798 1473 1084 1546; x_wconf 87' lang='lat' dir='ltr'>deprehenderetur.</span> <span class='ocrx_word' id='word_1_106' title='bbox 1127 1470 1213 1528; x_wconf 89' lang='lat' dir='ltr'>Tunc</span> <span class='ocrx_word' id='word_1_107' title='bbox 1243 1471 1276 1528; x_wconf 90' lang='lat' dir='ltr'>in</span> <span class='ocrx_word' id='word_1_108' title='bbox 1309 1472 1433 1528; x_wconf 82' lang='lat' dir='ltr'>feruore</span> 
     </span>
     <span class='ocr_line' id='line_1_14' title="bbox 278 1559 1433 1635; baseline 0 -17"><span class='ocrx_word' id='word_1_109' title='bbox 278 1561 403 1635; x_wconf 89' lang='lat' dir='ltr'>spiritus</span> <span class='ocrx_word' id='word_1_110' title='bbox 433 1561 515 1618; x_wconf 91' lang='lat' dir='ltr'>iubet</span> <span class='ocrx_word' id='word_1_111' title='bbox 548 1561 696 1620; x_wconf 86' lang='lat' dir='ltr'>Paternus</span> <span class='ocrx_word' id='word_1_112' title='bbox 723 1577 831 1634; x_wconf 88' lang='lat' dir='ltr'>aquam</span> <span class='ocrx_word' id='word_1_113' title='bbox 857 1561 887 1616; x_wconf 92' lang='lat' dir='ltr'>in</span> <span class='ocrx_word' id='word_1_114' title='bbox 913 1578 990 1617; x_wconf 92' lang='lat' dir='ltr'>eneo</span> <span class='ocrx_word' id='word_1_115' title='bbox 1017 1561 1137 1630; x_wconf 85' lang='lat' dir='ltr'>cacabo,</span> <span class='ocrx_word' id='word_1_116' title='bbox 1161 1561 1259 1616; x_wconf 88' lang='lat' dir='ltr'>donec</span> <span class='ocrx_word' id='word_1_117' title='bbox 1287 1559 1433 1630; x_wconf 76' lang='lat' dir='ltr'>temeret,</span> 
     </span>
     <span class='ocr_line' id='line_1_15' title="bbox 278 1646 1433 1722; baseline -0.001 -17"><span class='ocrx_word' id='word_1_118' title='bbox 278 1648 409 1705; x_wconf 89' lang='lat' dir='ltr'>calefieri</span> <span class='ocrx_word' id='word_1_119' title='bbox 420 1667 428 1718; x_wconf 73' lang='grc' dir='ltr'>ς</span> <span class='ocrx_word' id='word_1_120' title='bbox 447 1659 477 1706; x_wconf 91' lang='lat' dir='ltr'>et</span> <span class='ocrx_word' id='word_1_121' title='bbox 490 1665 612 1705; x_wconf 87' lang='lat' dir='ltr'>manum</span> <span class='ocrx_word' id='word_1_122' title='bbox 630 1647 804 1717; x_wconf 89' lang='lat' dir='ltr'>immittens,</span> <span class='ocrx_word' id='word_1_123' title='bbox 817 1649 915 1704; x_wconf 88' lang='lat' dir='ltr'>albam</span> <span class='ocrx_word' id='word_1_124' title='bbox 933 1657 963 1704; x_wconf 90' lang='lat' dir='ltr'>et</span> <span class='ocrx_word' id='word_1_125' title='bbox 981 1646 1118 1722; x_wconf 83' lang='lat' dir='ltr'>frigidam</span> <span class='ocrx_word' id='word_1_126' title='bbox 1131 1657 1199 1721; x_wconf 90' lang='lat' dir='ltr'>post</span> <span class='ocrx_word' id='word_1_127' title='bbox 1211 1647 1433 1722; x_wconf 84' lang='lat' dir='ltr'>aliquantulum</span> 
     </span>
     <span class='ocr_line' id='line_1_16' title="bbox 234 1735 1433 1816; baseline 0 -24"><span class='ocrx_word' id='word_1_128' title='bbox 234 1763 264 1816; x_wconf 80' lang='lat'>¹⁵</span> <span class='ocrx_word' id='word_1_129' title='bbox 279 1751 363 1793; x_wconf 91' lang='lat' dir='ltr'>more</span> <span class='ocrx_word' id='word_1_130' title='bbox 377 1736 512 1809; x_wconf 90' lang='lat' dir='ltr'>spacium</span> <span class='ocrx_word' id='word_1_131' title='bbox 526 1736 666 1794; x_wconf 82' lang='lat' dir='ltr'>extraxit.</span> <span class='ocrx_word' id='word_1_132' title='bbox 702 1736 804 1792; x_wconf 90' lang='lat' dir='ltr'>Coacti</span> <span class='ocrx_word' id='word_1_133' title='bbox 818 1735 898 1792; x_wconf 90' lang='lat' dir='ltr'>enim</span> <span class='ocrx_word' id='word_1_134' title='bbox 912 1745 981 1809; x_wconf 89' lang='lat' dir='ltr'>post</span> <span class='ocrx_word' id='word_1_135' title='bbox 998 1736 1054 1792; x_wconf 90' lang='lat' dir='ltr'>hec</span> <span class='ocrx_word' id='word_1_136' title='bbox 1070 1737 1222 1808; x_wconf 87' lang='lat' dir='ltr'>predones</span> <span class='ocrx_word' id='word_1_137' title='bbox 1234 1753 1305 1792; x_wconf 90' lang='lat' dir='ltr'>cum</span> <span class='ocrx_word' id='word_1_138' title='bbox 1320 1753 1433 1792; x_wconf 85' lang='lat' dir='ltr'>manus</span> 
     </span>
     <span class='ocr_line' id='line_1_17' title="bbox 277 1823 1433 1897; baseline 0.001 -17"><span class='ocrx_word' id='word_1_139' title='bbox 277 1839 349 1881; x_wconf 90' lang='lat' dir='ltr'>suas</span> <span class='ocrx_word' id='word_1_140' title='bbox 378 1824 408 1880; x_wconf 92' lang='lat' dir='ltr'>in</span> <span class='ocrx_word' id='word_1_141' title='bbox 434 1824 602 1882; x_wconf 84' lang='lat' dir='ltr'>feruentem</span> <span class='ocrx_word' id='word_1_142' title='bbox 632 1824 761 1897; x_wconf 87' lang='lat' dir='ltr'>aquam¹</span> <span class='ocrx_word' id='word_1_143' title='bbox 785 1823 949 1887; x_wconf 86' lang='lat' dir='ltr'>misissent,</span> <span class='ocrx_word' id='word_1_144' title='bbox 976 1823 1119 1879; x_wconf 87' lang='lat' dir='ltr'>malitiam</span> <span class='ocrx_word' id='word_1_145' title='bbox 1144 1823 1291 1879; x_wconf 86' lang='lat' dir='ltr'>mentium</span> <span class='ocrx_word' id='word_1_146' title='bbox 1321 1841 1433 1881; x_wconf 89' lang='lat' dir='ltr'>manus</span> 
     </span>
     <span class='ocr_line' id='line_1_18' title="bbox 276 1909 1432 1984; baseline 0 -16"><span class='ocrx_word' id='word_1_147' title='bbox 276 1921 385 1969; x_wconf 83' lang='lat' dir='ltr'>exuste</span> <span class='ocrx_word' id='word_1_148' title='bbox 416 1912 617 1968; x_wconf 87' lang='lat' dir='ltr'>declarabant.</span> <span class='ocrx_word' id='word_1_149' title='bbox 654 1911 792 1984; x_wconf 82' lang='lat' dir='ltr'>Cumque</span> <span class='ocrx_word' id='word_1_150' title='bbox 819 1911 872 1967; x_wconf 90' lang='lat' dir='ltr'>toti</span> <span class='ocrx_word' id='word_1_151' title='bbox 899 1910 1048 1967; x_wconf 88' lang='lat' dir='ltr'>combusti</span> <span class='ocrx_word' id='word_1_152' title='bbox 1075 1909 1167 1968; x_wconf 84' lang='lat' dir='ltr'>vitam</span> <span class='ocrx_word' id='word_1_153' title='bbox 1198 1910 1350 1980; x_wconf 80' lang='lat' dir='ltr'>finissent,</span> <span class='ocrx_word' id='word_1_154' title='bbox 1375 1929 1432 1969; x_wconf 83' lang='lat' dir='ltr'>rex</span> 
     </span>
     <span class='ocr_line' id='line_1_19' title="bbox 276 1998 1433 2072; baseline 0 -16"><span class='ocrx_word' id='word_1_155' title='bbox 276 1999 372 2056; x_wconf 91' lang='lat' dir='ltr'>oculis</span> <span class='ocrx_word' id='word_1_156' title='bbox 393 2009 554 2056; x_wconf 86' lang='lat' dir='ltr'>excecatus</span> <span class='ocrx_word' id='word_1_157' title='bbox 576 1999 752 2068; x_wconf 89' lang='lat' dir='ltr'>infirmatur,</span> <span class='ocrx_word' id='word_1_158' title='bbox 774 2007 804 2056; x_wconf 92' lang='lat' dir='ltr'>et</span> <span class='ocrx_word' id='word_1_159' title='bbox 825 2007 951 2072; x_wconf 90' lang='lat' dir='ltr'>propter</span> <span class='ocrx_word' id='word_1_160' title='bbox 968 2007 1084 2056; x_wconf 83' lang='lat' dir='ltr'>reatum</span> <span class='ocrx_word' id='word_1_161' title='bbox 1105 1998 1137 2055; x_wconf 92' lang='lat' dir='ltr'>in</span> <span class='ocrx_word' id='word_1_162' title='bbox 1159 2007 1297 2054; x_wconf 88' lang='lat' dir='ltr'>sanctum</span> <span class='ocrx_word' id='word_1_163' title='bbox 1326 1999 1433 2056; x_wconf 80' lang='lat' dir='ltr'>Pater·</span> 
     </span>
     <span class='ocr_line' id='line_1_20' title="bbox 279 2085 1431 2160; baseline 0.002 -18"><span class='ocrx_word' id='word_1_164' title='bbox 279 2103 353 2142; x_wconf 91' lang='lat' dir='ltr'>num</span> <span class='ocrx_word' id='word_1_165' title='bbox 371 2087 473 2160; x_wconf 92' lang='lat' dir='ltr'>inique</span> <span class='ocrx_word' id='word_1_166' title='bbox 488 2087 684 2143; x_wconf 90' lang='lat' dir='ltr'>commissum</span> <span class='ocrx_word' id='word_1_167' title='bbox 697 2103 731 2143; x_wconf 87' lang='lat' dir='ltr'>se</span> <span class='ocrx_word' id='word_1_168' title='bbox 751 2085 928 2142; x_wconf 88' lang='lat' dir='ltr'>moriturum</span> <span class='ocrx_word' id='word_1_169' title='bbox 946 2085 1112 2144; x_wconf 87' lang='lat' dir='ltr'>confitetur.</span> <span class='ocrx_word' id='word_1_170' title='bbox 1150 2086 1308 2143; x_wconf 87' lang='lat' dir='ltr'>Adductus</span> <span class='ocrx_word' id='word_1_171' title='bbox 1328 2097 1431 2144; x_wconf 85' lang='lat' dir='ltr'>autem</span> 
     </span>
     <span class='ocr_line' id='line_1_21' title="bbox 234 2173 1432 2247; baseline -0.003 -12"><span class='ocrx_word' id='word_1_172' title='bbox 234 2199 265 2235; x_wconf 80' lang='lat' dir='ltr'>ao</span> <span class='ocrx_word' id='word_1_173' title='bbox 280 2175 319 2230; x_wconf 81' lang='lat' dir='ltr'>ad</span> <span class='ocrx_word' id='word_1_174' title='bbox 333 2173 430 2231; x_wconf 89' lang='lat' dir='ltr'>virum</span> <span class='ocrx_word' id='word_1_175' title='bbox 444 2175 492 2232; x_wconf 93' lang='lat' dir='ltr'>dei</span> <span class='ocrx_word' id='word_1_176' title='bbox 506 2191 574 2231; x_wconf 92' lang='lat' dir='ltr'>cum</span> <span class='ocrx_word' id='word_1_177' title='bbox 595 2191 703 2247; x_wconf 88' lang='lat' dir='ltr'>magna</span> <span class='ocrx_word' id='word_1_178' title='bbox 722 2173 894 2230; x_wconf 87' lang='lat' dir='ltr'>difficultate</span> <span class='ocrx_word' id='word_1_179' title='bbox 913 2191 966 2230; x_wconf 87' lang='lat' dir='ltr'>rex</span> <span class='ocrx_word' id='word_1_180' title='bbox 983 2189 1109 2246; x_wconf 83' lang='lat' dir='ltr'>gemens</span> <span class='ocrx_word' id='word_1_181' title='bbox 1127 2182 1158 2229; x_wconf 92' lang='lat' dir='ltr'>et</span> <span class='ocrx_word' id='word_1_182' title='bbox 1176 2173 1327 2247; x_wconf 88' lang='lat' dir='ltr'>penitens,</span> <span class='ocrx_word' id='word_1_183' title='bbox 1343 2175 1432 2232; x_wconf 89' lang='lat' dir='ltr'>ilexis</span> 
     </span>
     <span class='ocr_line' id='line_1_22' title="bbox 276 2260 1432 2335; baseline 0.002 -17"><span class='ocrx_word' id='word_1_184' title='bbox 276 2261 404 2333; x_wconf 80' lang='lat' dir='ltr'>genibus</span> <span class='ocrx_word' id='word_1_185' title='bbox 422 2260 639 2335; x_wconf 88' lang='lat' dir='ltr'>indulgentiam</span> <span class='ocrx_word' id='word_1_186' title='bbox 658 2261 762 2335; x_wconf 92' lang='lat' dir='ltr'>petiit:</span> <span class='ocrx_word' id='word_1_187' title='bbox 788 2270 818 2320; x_wconf 92' lang='lat' dir='ltr'>et</span> <span class='ocrx_word' id='word_1_188' title='bbox 836 2269 959 2334; x_wconf 89' lang='lat' dir='ltr'>accepta</span> <span class='ocrx_word' id='word_1_189' title='bbox 982 2261 1080 2330; x_wconf 88' lang='lat' dir='ltr'>venia,</span> <span class='ocrx_word' id='word_1_190' title='bbox 1102 2271 1246 2318; x_wconf 88' lang='lat' dir='ltr'>sanantur</span> <span class='ocrx_word' id='word_1_191' title='bbox 1263 2263 1345 2318; x_wconf 88' lang='lat' dir='ltr'>oculi</span> <span class='ocrx_word' id='word_1_192' title='bbox 1363 2264 1432 2320; x_wconf 89' lang='lat' dir='ltr'>eius</span> 
     </span>
     <span class='ocr_line' id='line_1_23' title="bbox 276 2336 1430 2418; baseline 0 -10"><span class='ocrx_word' id='word_1_193' title='bbox 276 2357 307 2408; x_wconf 93' lang='lat' dir='ltr'>et</span> <span class='ocrx_word' id='word_1_194' title='bbox 338 2349 483 2406; x_wconf 89' lang='lat' dir='ltr'>membra.</span> <span class='ocrx_word' id='word_1_195' title='bbox 565 2336 700 2408; x_wconf 89' lang='lat' dir='ltr'>Celestis</span> <span class='ocrx_word' id='word_1_196' title='bbox 730 2357 830 2406; x_wconf 90' lang='lat' dir='ltr'>autem</span> <span class='ocrx_word' id='word_1_197' title='bbox 862 2348 998 2418; x_wconf 91' lang='lat' dir='ltr'>nuncius,</span> <span class='ocrx_word' id='word_1_198' title='bbox 1028 2349 1066 2404; x_wconf 86' lang='lat' dir='ltr'>ad</span> <span class='ocrx_word' id='word_1_199' title='bbox 1097 2358 1232 2405; x_wconf 88' lang='lat' dir='ltr'>sanctum</span> <span class='ocrx_word' id='word_1_200' title='bbox 1266 2348 1367 2407; x_wconf 82' lang='lat' dir='ltr'>Dauid</span> <span class='ocrx_word' id='word_1_201' title='bbox 1398 2352 1430 2408; x_wconf 91' lang='lat' dir='ltr'>in</span> 
     </span>
     <span class='ocr_line' id='line_1_24' title="bbox 278 2435 1430 2508; baseline 0.003 -16"><span class='ocrx_word' id='word_1_202' title='bbox 278 2435 394 2493; x_wconf 88' lang='lat' dir='ltr'>Rosina</span> <span class='ocrx_word' id='word_1_203' title='bbox 414 2437 501 2494; x_wconf 87' lang='lat' dir='ltr'>Valle</span> <span class='ocrx_word' id='word_1_204' title='bbox 520 2436 647 2493; x_wconf 90' lang='lat' dir='ltr'>veniens</span> <span class='ocrx_word' id='word_1_205' title='bbox 668 2435 762 2493; x_wconf 84' lang='lat' dir='ltr'>dixit:</span> <span class='ocrx_word' id='word_1_206' title='bbox 784 2435 898 2508; x_wconf 87' lang='lat' dir='ltr'>‘Surge</span> <span class='ocrx_word' id='word_1_207' title='bbox 919 2445 949 2492; x_wconf 91' lang='lat' dir='ltr'>et</span> <span class='ocrx_word' id='word_1_208' title='bbox 968 2436 1045 2493; x_wconf 90' lang='lat' dir='ltr'>vade</span> <span class='ocrx_word' id='word_1_209' title='bbox 1066 2436 1098 2492; x_wconf 92' lang='lat' dir='ltr'>in</span> <span class='ocrx_word' id='word_1_210' title='bbox 1119 2435 1314 2493; x_wconf 88' lang='lat' dir='ltr'>Hierusalem</span> <span class='ocrx_word' id='word_1_211' title='bbox 1336 2447 1369 2494; x_wconf 87' lang='lat' dir='ltr'>vt</span> <span class='ocrx_word' id='word_1_212' title='bbox 1388 2438 1430 2496; x_wconf 92' lang='lat' dir='ltr'>ibi</span> 
     </span>
     <span class='ocr_line' id='line_1_25' title="bbox 275 2522 1431 2598; baseline 0.002 -18"><span class='ocrx_word' id='word_1_213' title='bbox 275 2525 402 2596; x_wconf 84' lang='lat' dir='ltr'>gradum</span> <span class='ocrx_word' id='word_1_214' title='bbox 416 2523 618 2598; x_wconf 90' lang='lat' dir='ltr'>episcopalem</span> <span class='ocrx_word' id='word_1_215' title='bbox 637 2523 792 2596; x_wconf 89' lang='lat' dir='ltr'>suscipias,</span> <span class='ocrx_word' id='word_1_216' title='bbox 805 2533 836 2580; x_wconf 87' lang='lat' dir='ltr'>et</span> <span class='ocrx_word' id='word_1_217' title='bbox 852 2524 928 2580; x_wconf 88' lang='lat' dir='ltr'>adde</span> <span class='ocrx_word' id='word_1_218' title='bbox 946 2522 999 2579; x_wconf 93' lang='lat' dir='ltr'>tibi</span> <span class='ocrx_word' id='word_1_219' title='bbox 1016 2525 1092 2580; x_wconf 92' lang='lat' dir='ltr'>duos</span> <span class='ocrx_word' id='word_1_220' title='bbox 1109 2525 1275 2596; x_wconf 84' lang='lat' dir='ltr'>condignos</span> <span class='ocrx_word' id='word_1_221' title='bbox 1290 2527 1431 2597; x_wconf 87' lang='lat' dir='ltr'>comites,</span> 
     </span>
     <span class='ocr_line' id='line_1_26' title="bbox 230 2609 1430 2686; baseline 0.004 -21"><span class='ocrx_word' id='word_1_222' title='bbox 230 2627 261 2678; x_wconf 77' lang='lat'>²5</span> <span class='ocrx_word' id='word_1_223' title='bbox 279 2609 441 2668; x_wconf 90' lang='lat' dir='ltr'>Paternum</span> <span class='ocrx_word' id='word_1_224' title='bbox 462 2611 600 2669; x_wconf 91' lang='lat' dir='ltr'>videlicet</span> <span class='ocrx_word' id='word_1_225' title='bbox 621 2619 652 2667; x_wconf 91' lang='lat' dir='ltr'>et</span> <span class='ocrx_word' id='word_1_226' title='bbox 671 2611 837 2679; x_wconf 86' lang='lat' dir='ltr'>Theliaum,</span> <span class='ocrx_word' id='word_1_227' title='bbox 859 2610 911 2683; x_wconf 88' lang='lat' dir='ltr'>qui</span> <span class='ocrx_word' id='word_1_228' title='bbox 935 2612 974 2667; x_wconf 89' lang='lat' dir='ltr'>ad</span> <span class='ocrx_word' id='word_1_229' title='bbox 999 2612 1129 2667; x_wconf 91' lang='lat' dir='ltr'>eundern</span> <span class='ocrx_word' id='word_1_230' title='bbox 1154 2612 1282 2684; x_wconf 88' lang='lat' dir='ltr'>gradum</span> <span class='ocrx_word' id='word_1_231' title='bbox 1308 2614 1430 2686; x_wconf 87' lang='lat' dir='ltr'>episco-</span> 
     </span>
     <span class='ocr_line' id='line_1_27' title="bbox 275 2697 1430 2772; baseline 0.001 -17"><span class='ocrx_word' id='word_1_232' title='bbox 275 2699 375 2771; x_wconf 86' lang='lat' dir='ltr'>palem</span> <span class='ocrx_word' id='word_1_233' title='bbox 400 2698 571 2772; x_wconf 84' lang='lat' dir='ltr'>promoueri</span> <span class='ocrx_word' id='word_1_234' title='bbox 594 2699 712 2772; x_wconf 90' lang='lat' dir='ltr'>possint</span> <span class='ocrx_word' id='word_1_235' title='bbox 721 2698 748 2754; x_wconf 81' lang='lat'>⁸.’</span> <span class='ocrx_word' id='word_1_236' title='bbox 788 2697 860 2755; x_wconf 82' lang='lat' dir='ltr'>Mox</span> <span class='ocrx_word' id='word_1_237' title='bbox 884 2698 985 2754; x_wconf 69' lang='lat' dir='ltr'>enim*</span> <span class='ocrx_word' id='word_1_238' title='bbox 1009 2698 1111 2756; x_wconf 90' lang='lat' dir='ltr'>missis</span> <span class='ocrx_word' id='word_1_239' title='bbox 1136 2700 1174 2754; x_wconf 89' lang='lat' dir='ltr'>ad</span> <span class='ocrx_word' id='word_1_240' title='bbox 1201 2698 1271 2756; x_wconf 89' lang='lat' dir='ltr'>illos</span> <span class='ocrx_word' id='word_1_241' title='bbox 1300 2702 1430 2768; x_wconf 86' lang='lat' dir='ltr'>nunciis,</span> 
     </span>
     <span class='ocr_line' id='line_1_28' title="bbox 275 2785 1429 2861; baseline 0.003 -19"><span class='ocrx_word' id='word_1_242' title='bbox 275 2785 342 2844; x_wconf 90' lang='lat' dir='ltr'>sine</span> <span class='ocrx_word' id='word_1_243' title='bbox 368 2803 452 2842; x_wconf 89' lang='lat' dir='ltr'>mora</span> <span class='ocrx_word' id='word_1_244' title='bbox 476 2795 632 2844; x_wconf 88' lang='lat' dir='ltr'>venemnt.</span> <span class='ocrx_word' id='word_1_245' title='bbox 671 2789 728 2842; x_wconf 91' lang='lat' dir='ltr'>Per</span> <span class='ocrx_word' id='word_1_246' title='bbox 751 2787 895 2843; x_wconf 89' lang='lat' dir='ltr'>barbaras</span> <span class='ocrx_word' id='word_1_247' title='bbox 921 2786 1021 2841; x_wconf 74' lang='lat' dir='ltr'>enim*</span> <span class='ocrx_word' id='word_1_248' title='bbox 1045 2786 1184 2843; x_wconf 89' lang='lat' dir='ltr'>nationes</span> <span class='ocrx_word' id='word_1_249' title='bbox 1209 2786 1268 2843; x_wconf 89' lang='lat' dir='ltr'>iter</span> <span class='ocrx_word' id='word_1_250' title='bbox 1290 2799 1429 2861; x_wconf 77' lang='lat' dir='ltr'>agentes,</span> 
     </span>
     <span class='ocr_line' id='line_1_29' title="bbox 274 2873 1426 2947; baseline 0.003 -17"><span class='ocrx_word' id='word_1_251' title='bbox 274 2874 400 2946; x_wconf 83' lang='lat' dir='ltr'>gratiam</span> <span class='ocrx_word' id='word_1_252' title='bbox 422 2873 591 2947; x_wconf 86' lang='lat' dir='ltr'>linguarum</span> <span class='ocrx_word' id='word_1_253' title='bbox 608 2891 626 2929; x_wconf 93' lang='lat' dir='ltr'>a</span> <span class='ocrx_word' id='word_1_254' title='bbox 645 2873 767 2930; x_wconf 91' lang='lat' dir='ltr'>domino</span> <span class='ocrx_word' id='word_1_255' title='bbox 787 2881 978 2946; x_wconf 88' lang='lat' dir='ltr'>acceperunt,</span> <span class='ocrx_word' id='word_1_256' title='bbox 1000 2889 1244 2947; x_wconf 77' lang='lat' dir='ltr'>unumquemque</span> <span class='ocrx_word' id='word_1_257' title='bbox 1266 2875 1426 2934; x_wconf 85' lang='lat' dir='ltr'>bominem</span> 
     </span>
     <span class='ocr_line' id='line_1_30' title="bbox 274 2960 1429 3035; baseline 0.003 -18"><span class='ocrx_word' id='word_1_258' title='bbox 274 2962 396 3035; x_wconf 87' lang='lat' dir='ltr'>propria</span> <span class='ocrx_word' id='word_1_259' title='bbox 415 2960 516 3034; x_wconf 90' lang='lat' dir='ltr'>lingua</span> <span class='ocrx_word' id='word_1_260' title='bbox 534 2961 565 3017; x_wconf 90' lang='lat' dir='ltr'>in</span> <span class='ocrx_word' id='word_1_261' title='bbox 587 2979 646 3034; x_wconf 90' lang='lat' dir='ltr'>qua</span> <span class='ocrx_word' id='word_1_262' title='bbox 665 2970 753 3017; x_wconf 88' lang='lat' dir='ltr'>natus</span> <span class='ocrx_word' id='word_1_263' title='bbox 772 2960 867 3017; x_wconf 88' lang='lat' dir='ltr'>suerat</span> <span class='ocrx_word' id='word_1_264' title='bbox 886 2961 1080 3033; x_wconf 83' lang='lat' dir='ltr'>alloquentes.</span> <span class='ocrx_word' id='word_1_265' title='bbox 1116 2960 1166 3018; x_wconf 82' lang='lat' dir='ltr'>Ad</span> <span class='ocrx_word' id='word_1_266' title='bbox 1185 2963 1292 3018; x_wconf 87' lang='lat' dir='ltr'>vrbem</span> <span class='ocrx_word' id='word_1_267' title='bbox 1313 2963 1429 3020; x_wconf 86' lang='lat' dir='ltr'>Hieru-</span> 
     </span>
     <span class='ocr_line' id='line_1_31' title="bbox 227 3047 1427 3122; baseline 0.004 -18"><span class='ocrx_word' id='word_1_268' title='bbox 227 3067 262 3117; x_wconf 77' lang='lat'>30</span> <span class='ocrx_word' id='word_1_269' title='bbox 273 3049 369 3106; x_wconf 90' lang='lat' dir='ltr'>salem</span> <span class='ocrx_word' id='word_1_270' title='bbox 394 3049 514 3106; x_wconf 87' lang='lat' dir='ltr'>tandem</span> <span class='ocrx_word' id='word_1_271' title='bbox 535 3049 721 3118; x_wconf 89' lang='lat' dir='ltr'>accedentes,</span> <span class='ocrx_word' id='word_1_272' title='bbox 744 3047 932 3105; x_wconf 88' lang='lat' dir='ltr'>nobilissime</span> <span class='ocrx_word' id='word_1_273' title='bbox 956 3057 1025 3121; x_wconf 90' lang='lat' dir='ltr'>post</span> <span class='ocrx_word' id='word_1_274' title='bbox 1050 3049 1202 3122; x_wconf 88' lang='lat' dir='ltr'>apostolos</span> <span class='ocrx_word' id='word_1_275' title='bbox 1228 3049 1427 3122; x_wconf 86' lang='lat' dir='ltr'>predicabant</span> 
     </span>
     <span class='ocr_line' id='line_1_32' title="bbox 273 3135 1427 3213; baseline 0.003 -21"><span class='ocrx_word' id='word_1_276' title='bbox 273 3145 377 3192; x_wconf 91' lang='lat' dir='ltr'>contra</span> <span class='ocrx_word' id='word_1_277' title='bbox 394 3135 503 3193; x_wconf 91' lang='lat' dir='ltr'>Iudeos</span> <span class='ocrx_word' id='word_1_278' title='bbox 516 3145 546 3192; x_wconf 91' lang='lat' dir='ltr'>et</span> <span class='ocrx_word' id='word_1_279' title='bbox 559 3136 689 3192; x_wconf 90' lang='lat' dir='ltr'>heresim</span> <span class='ocrx_word' id='word_1_280' title='bbox 707 3135 818 3191; x_wconf 90' lang='lat' dir='ltr'>ibidem</span> <span class='ocrx_word' id='word_1_281' title='bbox 836 3145 949 3192; x_wconf 89' lang='lat' dir='ltr'>ortam:</span> <span class='ocrx_word' id='word_1_282' title='bbox 971 3153 1041 3192; x_wconf 89' lang='lat' dir='ltr'>nam</span> <span class='ocrx_word' id='word_1_283' title='bbox 1057 3136 1263 3210; x_wconf 87' lang='lat' dir='ltr'>vnusquisque</span> <span class='ocrx_word' id='word_1_284' title='bbox 1276 3136 1308 3195; x_wconf 92' lang='lat' dir='ltr'>in</span> <span class='ocrx_word' id='word_1_285' title='bbox 1321 3139 1427 3213; x_wconf 81' lang='lat' dir='ltr'>lingua</span> 
     </span>
     <span class='ocr_line' id='line_1_33' title="bbox 273 3221 1429 3297; baseline 0.006 -19"><span class='ocrx_word' id='word_1_286' title='bbox 273 3239 329 3279; x_wconf 87' lang='lat' dir='ltr'>sua</span> <span class='ocrx_word' id='word_1_287' title='bbox 354 3241 407 3281; x_wconf 90' lang='lat' dir='ltr'>eos</span> <span class='ocrx_word' id='word_1_288' title='bbox 434 3223 593 3296; x_wconf 90' lang='lat' dir='ltr'>loquentes</span> <span class='ocrx_word' id='word_1_289' title='bbox 615 3221 800 3294; x_wconf 88' lang='lat' dir='ltr'>intelligebat</span> <span class='ocrx_word' id='word_1_290' title='bbox 810 3221 830 3278; x_wconf 81' lang='lat'>⁸.</span> <span class='ocrx_word' id='word_1_291' title='bbox 868 3222 927 3279; x_wconf 93' lang='lat' dir='ltr'>Per</span> <span class='ocrx_word' id='word_1_292' title='bbox 946 3223 1168 3296; x_wconf 89' lang='lat' dir='ltr'>impositionem</span> <span class='ocrx_word' id='word_1_293' title='bbox 1188 3233 1296 3297; x_wconf 84' lang='lat' dir='ltr'>postea</span> <span class='ocrx_word' id='word_1_294' title='bbox 1316 3243 1429 3285; x_wconf 85' lang='lat' dir='ltr'>manus</span> 
     </span>
     <span class='ocr_line' id='line_1_34' title="bbox 274 3309 1428 3384; baseline 0.006 -19"><span class='ocrx_word' id='word_1_295' title='bbox 274 3309 452 3383; x_wconf 87' lang='lat' dir='ltr'>patriarche,</span> <span class='ocrx_word' id='word_1_296' title='bbox 480 3310 615 3384; x_wconf 90' lang='lat' dir='ltr'>episcopi</span> <span class='ocrx_word' id='word_1_297' title='bbox 640 3311 767 3367; x_wconf 89' lang='lat' dir='ltr'>ordinati</span> <span class='ocrx_word' id='word_1_298' title='bbox 792 3318 870 3378; x_wconf 90' lang='lat' dir='ltr'>sunt,</span> <span class='ocrx_word' id='word_1_299' title='bbox 892 3320 922 3367; x_wconf 91' lang='lat' dir='ltr'>et</span> <span class='ocrx_word' id='word_1_300' title='bbox 946 3311 1123 3369; x_wconf 88' lang='lat' dir='ltr'>muneribus</span> <span class='ocrx_word' id='word_1_301' title='bbox 1151 3313 1254 3368; x_wconf 88' lang='lat' dir='ltr'>ditati:</span> <span class='ocrx_word' id='word_1_302' title='bbox 1276 3313 1428 3372; x_wconf 79' lang='lat' dir='ltr'>Paternus</span> 
     </span>
     <span class='ocr_line' id='line_1_35' title="bbox 272 3397 1500 3473; baseline 0.006 -21"><span class='ocrx_word' id='word_1_303' title='bbox 272 3397 395 3469; x_wconf 91' lang='lat' dir='ltr'>quidem</span> <span class='ocrx_word' id='word_1_304' title='bbox 420 3399 521 3454; x_wconf 90' lang='lat' dir='ltr'>tunica</span> <span class='ocrx_word' id='word_1_305' title='bbox 543 3416 582 3454; x_wconf 83' lang='lat' dir='ltr'>ex</span> <span class='ocrx_word' id='word_1_306' title='bbox 607 3415 680 3454; x_wconf 92' lang='lat' dir='ltr'>auro</span> <span class='ocrx_word' id='word_1_307' title='bbox 704 3408 786 3454; x_wconf 84' lang='lat' dir='ltr'>texta</span> <span class='ocrx_word' id='word_1_308' title='bbox 809 3406 840 3455; x_wconf 91' lang='lat' dir='ltr'>et</span> <span class='ocrx_word' id='word_1_309' title='bbox 862 3399 965 3454; x_wconf 89' lang='lat' dir='ltr'>baculo</span> <span class='ocrx_word' id='word_1_310' title='bbox 991 3399 1110 3456; x_wconf 89' lang='lat' dir='ltr'>ditatur.</span> <span class='ocrx_word' id='word_1_311' title='bbox 1150 3399 1295 3473; x_wconf 87' lang='lat' dir='ltr'>Regressi</span> <span class='ocrx_word' id='word_1_312' title='bbox 1321 3403 1429 3459; x_wconf 71' lang='lat' dir='ltr'>enim*</span> <span class='ocrx_word' id='word_1_313' title='bbox 1499 3453 1500 3470; x_wconf 57' lang='lat'>,</span> 
     </span>
     <span class='ocr_line' id='line_1_36' title="bbox 225 3478 1500 3558; baseline 0.005 -18"><span class='ocrx_word' id='word_1_314' title='bbox 225 3501 256 3555; x_wconf 77' lang='lat'>35</span> <span class='ocrx_word' id='word_1_315' title='bbox 273 3485 311 3539; x_wconf 90' lang='lat' dir='ltr'>ad</span> <span class='ocrx_word' id='word_1_316' title='bbox 338 3484 474 3557; x_wconf 88' lang='lat' dir='ltr'>patriam,</span> <span class='ocrx_word' id='word_1_317' title='bbox 501 3486 532 3541; x_wconf 91' lang='lat' dir='ltr'>in</span> <span class='ocrx_word' id='word_1_318' title='bbox 561 3494 623 3541; x_wconf 90' lang='lat' dir='ltr'>tres</span> <span class='ocrx_word' id='word_1_319' title='bbox 650 3485 840 3558; x_wconf 88' lang='lat' dir='ltr'>episcopatus</span> <span class='ocrx_word' id='word_1_320' title='bbox 872 3485 1057 3542; x_wconf 87' lang='lat' dir='ltr'>Britanniam</span> <span class='ocrx_word' id='word_1_321' title='bbox 1087 3485 1265 3545; x_wconf 90' lang='lat' dir='ltr'>diuiserunt.</span> <span class='ocrx_word' id='word_1_322' title='bbox 1339 3478 1426 3549; x_wconf 86' lang='lat' dir='ltr'>Cum</span> <span class='ocrx_word' id='word_1_323' title='bbox 1499 3483 1500 3488; x_wconf 60' lang='grc'>’</span> 
     </span>
     <span class='ocr_line' id='line_1_37' title="bbox 272 3573 1426 3648; baseline 0.007 -20"><span class='ocrx_word' id='word_1_324' title='bbox 272 3581 373 3629; x_wconf 88' lang='lat' dir='ltr'>autem</span> <span class='ocrx_word' id='word_1_325' title='bbox 396 3573 544 3630; x_wconf 90' lang='lat' dir='ltr'>Paternus</span> <span class='ocrx_word' id='word_1_326' title='bbox 565 3573 596 3628; x_wconf 92' lang='lat' dir='ltr'>in</span> <span class='ocrx_word' id='word_1_327' title='bbox 618 3573 745 3630; x_wconf 89' lang='lat' dir='ltr'>ecclesia</span> <span class='ocrx_word' id='word_1_328' title='bbox 765 3573 944 3630; x_wconf 87' lang='lat' dir='ltr'>Mauritania</span> <span class='ocrx_word' id='word_1_329' title='bbox 962 3574 1077 3646; x_wconf 89' lang='lat' dir='ltr'>prefata</span> <span class='ocrx_word' id='word_1_330' title='bbox 1095 3585 1164 3648; x_wconf 89' lang='lat' dir='ltr'>post</span> <span class='ocrx_word' id='word_1_331' title='bbox 1181 3583 1283 3632; x_wconf 88' lang='lat' dir='ltr'>tantos</span> <span class='ocrx_word' id='word_1_332' title='bbox 1302 3576 1426 3636; x_wconf 89' lang='lat' dir='ltr'>labores</span> 
     </span>
     <span class='ocr_line' id='line_1_38' title="bbox 271 3660 1427 3736; baseline 0.005 -20"><span class='ocrx_word' id='word_1_333' title='bbox 271 3660 449 3732; x_wconf 89' lang='lat' dir='ltr'>quiesceret,</span> <span class='ocrx_word' id='word_1_334' title='bbox 480 3661 690 3718; x_wconf 88' lang='lat' dir='ltr'>deambulabat</span> <span class='ocrx_word' id='word_1_335' title='bbox 721 3661 842 3733; x_wconf 88' lang='lat' dir='ltr'>quidam</span> <span class='ocrx_word' id='word_1_336' title='bbox 877 3661 1014 3718; x_wconf 89' lang='lat' dir='ltr'>tirannus</span> <span class='ocrx_word' id='word_1_337' title='bbox 1053 3662 1192 3735; x_wconf 88' lang='lat' dir='ltr'>regiones</span> <span class='ocrx_word' id='word_1_338' title='bbox 1232 3664 1427 3736; x_wconf 79' lang='lat' dir='ltr'>altrinsecus,</span> 
     </span>
     <span class='ocr_line' id='line_1_39' title="bbox 272 3747 1427 3827; baseline 0.007 -24"><span class='ocrx_word' id='word_1_339' title='bbox 272 3748 395 3804; x_wconf 90' lang='lat' dir='ltr'>nomine</span> <span class='ocrx_word' id='word_1_340' title='bbox 414 3747 586 3814; x_wconf 88' lang='lat' dir='ltr'>Arthurus;</span> <span class='ocrx_word' id='word_1_341' title='bbox 612 3747 663 3820; x_wconf 92' lang='lat' dir='ltr'>qui</span> <span class='ocrx_word' id='word_1_342' title='bbox 687 3749 815 3821; x_wconf 84' lang='lat' dir='ltr'>quadarn</span> <span class='ocrx_word' id='word_1_343' title='bbox 838 3748 887 3804; x_wconf 90' lang='lat' dir='ltr'>die</span> <span class='ocrx_word' id='word_1_344' title='bbox 908 3751 1035 3806; x_wconf 89' lang='lat' dir='ltr'>veniens</span> <span class='ocrx_word' id='word_1_345' title='bbox 1054 3751 1091 3806; x_wconf 91' lang='lat' dir='ltr'>ad</span> <span class='ocrx_word' id='word_1_346' title='bbox 1111 3750 1218 3808; x_wconf 88' lang='lat' dir='ltr'>cellam</span> <span class='ocrx_word' id='word_1_347' title='bbox 1242 3753 1338 3808; x_wconf 88' lang='lat' dir='ltr'>sancti</span> <span class='ocrx_word' id='word_1_348' title='bbox 1360 3755 1427 3827; x_wconf 89' lang='lat' dir='ltr'>epi·</span> 
     </span>
     <span class='ocr_line' id='line_1_40' title="bbox 271 3835 1428 3911; baseline 0.006 -20"><span class='ocrx_word' id='word_1_349' title='bbox 271 3836 365 3908; x_wconf 88' lang='lat' dir='ltr'>scopi,</span> <span class='ocrx_word' id='word_1_350' title='bbox 391 3845 420 3892; x_wconf 93' lang='lat' dir='ltr'>et</span> <span class='ocrx_word' id='word_1_351' title='bbox 446 3836 545 3910; x_wconf 89' lang='lat' dir='ltr'>ipsum</span> <span class='ocrx_word' id='word_1_352' title='bbox 574 3835 738 3908; x_wconf 92' lang='lat' dir='ltr'>alloquens,</span> <span class='ocrx_word' id='word_1_353' title='bbox 767 3835 897 3893; x_wconf 88' lang='lat' dir='ltr'>tunicam</span> <span class='ocrx_word' id='word_1_354' title='bbox 923 3846 1118 3893; x_wconf 89' lang='lat' dir='ltr'>memoratam</span> <span class='ocrx_word' id='word_1_355' title='bbox 1145 3839 1273 3911; x_wconf 87' lang='lat' dir='ltr'>aspexit,</span> <span class='ocrx_word' id='word_1_356' title='bbox 1300 3848 1332 3895; x_wconf 88' lang='lat' dir='ltr'>et</span> <span class='ocrx_word' id='word_1_357' title='bbox 1360 3843 1428 3898; x_wconf 87' lang='lat' dir='ltr'>zelo</span> 
     </span>
     <span class='ocr_line' id='line_1_41' title="bbox 224 3923 1426 4002; baseline 0.005 -24"><span class='ocrx_word' id='word_1_358' title='bbox 224 3947 257 3997; x_wconf 84' lang='lat'>40</span> <span class='ocrx_word' id='word_1_359' title='bbox 272 3923 430 3980; x_wconf 86' lang='lat' dir='ltr'>confossus</span> <span class='ocrx_word' id='word_1_360' title='bbox 444 3923 565 3992; x_wconf 88' lang='lat' dir='ltr'>inuidie,</span> <span class='ocrx_word' id='word_1_361' title='bbox 579 3923 685 3995; x_wconf 89' lang='lat' dir='ltr'>petiuit</span> <span class='ocrx_word' id='word_1_362' title='bbox 699 3941 775 3979; x_wconf 90' lang='lat' dir='ltr'>eam.</span> <span class='ocrx_word' id='word_1_363' title='bbox 812 3923 865 3979; x_wconf 93' lang='lat' dir='ltr'>Cui</span> <span class='ocrx_word' id='word_1_364' title='bbox 879 3933 1023 3982; x_wconf 88' lang='lat' dir='ltr'>sanctus:</span> <span class='ocrx_word' id='word_1_365' title='bbox 1044 3925 1129 3982; x_wconf 90' lang='lat' dir='ltr'>‘Non</span> <span class='ocrx_word' id='word_1_366' title='bbox 1142 3925 1265 3983; x_wconf 91' lang='lat' dir='ltr'>cuilibet</span> <span class='ocrx_word' id='word_1_367' title='bbox 1281 3929 1426 4002; x_wconf 83' lang='lat' dir='ltr'>maligno,</span> 
     </span>
     <span class='ocr_line' id='line_1_42' title="bbox 270 4011 1425 4085; baseline 0.007 -19"><span class='ocrx_word' id='word_1_368' title='bbox 270 4012 326 4067; x_wconf 91' lang='lat' dir='ltr'>sed</span> <span class='ocrx_word' id='word_1_369' title='bbox 339 4011 447 4067; x_wconf 88' lang='lat' dir='ltr'>clerico</span> <span class='ocrx_word' id='word_1_370' title='bbox 460 4020 577 4066; x_wconf 88' lang='lat' dir='ltr'>tanturn</span> <span class='ocrx_word' id='word_1_371' title='bbox 590 4012 648 4067; x_wconf 91' lang='lat' dir='ltr'>deo</span> <span class='ocrx_word' id='word_1_372' title='bbox 660 4019 776 4067; x_wconf 89' lang='lat' dir='ltr'>sacrato</span> <span class='ocrx_word' id='word_1_373' title='bbox 793 4011 848 4067; x_wconf 90' lang='lat' dir='ltr'>hec</span> <span class='ocrx_word' id='word_1_374' title='bbox 867 4011 967 4068; x_wconf 86' lang='lat' dir='ltr'>tunica</span> <span class='ocrx_word' id='word_1_375' title='bbox 983 4011 1132 4085; x_wconf 85' lang='lat' dir='ltr'>condigna</span> <span class='ocrx_word' id='word_1_376' title='bbox 1148 4015 1213 4070; x_wconf 70' lang='lat' dir='ltr'>est!</span> <span class='ocrx_word' id='word_1_377' title='bbox 1252 4013 1307 4072; x_wconf 92' lang='lat' dir='ltr'>Ille</span> <span class='ocrx_word' id='word_1_378' title='bbox 1319 4027 1425 4074; x_wconf 81' lang='lat' dir='ltr'>autem</span> 
     </span>
     <span class='ocr_line' id='line_1_43' title="bbox 268 4097 1500 4174; baseline 0.006 -22"><span class='ocrx_word' id='word_1_379' title='bbox 268 4097 432 4171; x_wconf 87' lang='lat' dir='ltr'>indignans</span> <span class='ocrx_word' id='word_1_380' title='bbox 463 4097 679 4155; x_wconf 88' lang='lat' dir='ltr'>monasterium</span> <span class='ocrx_word' id='word_1_381' title='bbox 710 4115 852 4170; x_wconf 91' lang='lat' dir='ltr'>egressus</span> <span class='ocrx_word' id='word_1_382' title='bbox 878 4099 948 4171; x_wconf 91' lang='lat' dir='ltr'>[est]</span> <span class='ocrx_word' id='word_1_383' title='bbox 959 4099 979 4169; x_wconf 80' lang='lat'>⁶,</span> <span class='ocrx_word' id='word_1_384' title='bbox 1006 4099 1175 4174; x_wconf 90' lang='lat' dir='ltr'>iterumque</span> <span class='ocrx_word' id='word_1_385' title='bbox 1206 4119 1369 4174; x_wconf 89' lang='lat' dir='ltr'>regressus</span> <span class='ocrx_word' id='word_1_386' title='bbox 1393 4115 1425 4163; x_wconf 79' lang='lat' dir='ltr'>ut</span> <span class='ocrx_word' id='word_1_387' title='bbox 1499 4133 1500 4140; x_wconf 50' lang='lat'>.</span> 
     </span>
    </p>
   </div>
   <div class='ocr_carea' id='block_1_3' title="bbox 265 4285 1426 4428">
    <p class='ocr_par' dir='ltr' id='par_1_3' title="bbox 265 4285 1426 4428">
     <span class='ocr_line' id='line_1_44' title="bbox 303 4285 1426 4356; baseline 0.01 -22"><span class='ocrx_word' id='word_1_388' title='bbox 303 4285 381 4337; x_wconf 90' lang='lat' dir='ltr'>¹Vit.</span> <span class='ocrx_word' id='word_1_389' title='bbox 394 4289 478 4337; x_wconf 84' lang='lat' dir='ltr'>omnia</span> <span class='ocrx_word' id='word_1_390' title='bbox 489 4289 609 4338; x_wconf 86' lang='lat' dir='ltr'>mendax.</span> <span class='ocrx_word' id='word_1_391' title='bbox 712 4286 1035 4351; x_wconf 82' lang='lat' dir='ltr'>¹T.aquamt‘erueutem.</span> <span class='ocrx_word' id='word_1_392' title='bbox 1141 4289 1250 4354; x_wconf 78' lang='lat' dir='ltr'>’soT.‚</span> <span class='ocrx_word' id='word_1_393' title='bbox 1264 4291 1292 4342; x_wconf 79' lang='lat' dir='ltr'>E.</span> <span class='ocrx_word' id='word_1_394' title='bbox 1305 4303 1426 4356; x_wconf 71' lang='lat' dir='ltr'>possunt</span> 
     </span>
     <span class='ocr_line' id='line_1_45' title="bbox 265 4349 989 4428; baseline 0.008 -28"><span class='ocrx_word' id='word_1_395' title='bbox 265 4349 285 4412; x_wconf 44' lang='lat'>¹,</span> <span class='ocrx_word' id='word_1_396' title='bbox 297 4351 364 4428; x_wconf 76' lang='lat' dir='ltr'>Bon.</span> <span class='ocrx_word' id='word_1_397' title='bbox 375 4361 469 4404; x_wconf 84' lang='lat' dir='ltr'>autem.</span> <span class='ocrx_word' id='word_1_398' title='bbox 537 4355 547 4383; x_wconf 77' lang='lat'>⁸</span> <span class='ocrx_word' id='word_1_399' title='bbox 563 4354 739 4404; x_wconf 87' lang='lat' dir='ltr'>uam—intell.</span> <span class='ocrx_word' id='word_1_400' title='bbox 751 4355 784 4404; x_wconf 84' lang='lat' dir='ltr'>al.</span> <span class='ocrx_word' id='word_1_401' title='bbox 797 4371 848 4407; x_wconf 89' lang='lat' dir='ltr'>om.</span> <span class='ocrx_word' id='word_1_402' title='bbox 913 4357 923 4386; x_wconf 75' lang='lat'>⁶</span> <span class='ocrx_word' id='word_1_403' title='bbox 939 4372 989 4406; x_wconf 85' lang='lat' dir='ltr'>om.</span> 
     </span>
    </p>
   </div>
   <div class='ocr_carea' id='block_1_4' title="bbox 0 0 1508 4902">
    <p class='ocr_par' dir='ltr' id='par_1_4' title="bbox 0 0 1508 4902">
     <span class='ocr_line' id='line_1_46' title="bbox 0 0 1508 4902; baseline 0 0"><span class='ocrx_word' id='word_1_404' title='bbox 0 0 1508 4902; x_wconf 95' lang='lat' dir='ltr'> </span> 
     </span>
    </p>
   </div>
  </div>
 </body>
</html>
