3028 4894
256 295 325 372 39²
566 275 697 365 {itta
721 271 913 378 [motta
939 272 1090 378 walis

255 473 324 532 illuc
337 475 545 550 properabant.
582 475 620 534 Et
628 477 679 534 vix
691 475 818 534 salutato
830 475 1065 551 archiepiscopo,
1074 475 1308 534 sciscitabantur
1316 491 1410 550 quare

258 561 314 636 [in]
326 563 333 594 ¹
347 563 484 636 ingressu
497 581 553 622 suo
565 563 724 638 episcopos
736 563 817 636 regis
831 564 1121 622 excommunicasset
1137 572 1168 620 et
1185 565 1410 637 suspendisset

258 649 384 708 Miserat
403 650 485 708 enim
509 661 579 710 ante
603 653 767 709 aduentum
792 667 881 708 suurn
902 651 1026 709 clericos
1047 667 1120 708 suos
1142 667 1213 708 cum
1237 651 1343 718 bullis,
1362 651 1409 725 qui

257 737 418 812 episcopos
433 755 503 796 cum
519 737 644 810 clericis,
657 749 746 813 prout
759 755 850 814 supra
865 738 1051 812 exprimitur,
1063 737 1370 796 excommunicamnt
1384 749 1411 794 et

229 843 244 898 3
258 825 489 898 suspenderunt
520 825 775 900 Archlepiscopus
783 843 855 884 vero
868 835 1025 884 mansuete
1038 826 1210 898 respondit:
1229 843 1341 900 regern
1353 843 1410 882 non

257 921 383 986 propter
400 911 456 969 hoc
474 912 653 986 offensumi,
665 931 721 972 nec
739 931 773 972 se
791 913 949 988 quicquam
967 922 1072 970 contra
1090 929 1194 986 regem
1211 913 1264 970 vel
1284 931 1410 988 regnum

258 999 384 1071 secisse;
403 999 458 1058 sed
477 1000 516 1058 de
534 1001 631 1074 ipsius
649 1003 730 1075 regis
748 1001 947 1076 pennissionc
966 1000 1009 1058 sic
1028 1000 1137 1058 lactum
1156 1017 1239 1071 esse,
1250 1010 1287 1058 vt
1305 1001 1411 1058 iniuria
1491 1049 1492 1052 η

258 1103 348 1160 quam
369 1087 503 1162 episcopi
525 1089 556 1146 in
575 1089 769 1146 coronatione
790 1089 843 1146 lilii
865 1089 946 1162 regis
965 1088 1091 1146 ecclesie
1109 1105 1164 1146 sue
1183 1087 1335 1158 fecerant,
1355 1106 1410 1146 non

259 1183 429 1234 remaneret
445 1174 599 1249 impunita.
637 1175 706 1234 Hiis
718 1175 836 1246 auditis,
849 1175 1014 1233 modestius
1026 1175 1139 1249 loquuti
1152 1185 1243 1247 sunt3
1263 1176 1412 1234 instanter

215 1284 247 1322 ro
259 1271 360 1320 nmen
379 1263 567 1337 postulantes
584 1272 617 1321 vt
634 1263 795 1338 episcopos
812 1263 1087 1322 excommunicatos
1105 1263 1282 1321 absolueret
1301 1273 1334 1321 et
1352 1281 1411 1321 sus·

260 1367 381 1424 pensos
418 1351 506 1422 Quod
518 1351 763 1426 archiepiscopus
775 1354 813 1410 ad
823 1351 980 1410 consilium
992 1351 1116 1420 distulit,
1125 1351 1223 1408 donec
1236 1351 1269 1407 in
1282 1351 1412 1408 crastino

260 1435 451 1494 Cantuariarn
463 1439 588 1496 veniret
663 1427 702 1498 ln
715 1439 846 1497 crastino
858 1437 964 1512 prelati
981 1439 1092 1496 milites
1108 1455 1177 1496 cum
1189 1438 1314 1496 clericis
1326 1441 1413 1496 trium

260 1523 472 1598 episcoporum
503 1527 540 1583 ad
570 1525 830 1600 archiepiscopum
855 1526 1022 1596 venientes,
1045 1526 1167 1584 nornine
1197 1527 1413 1601 episcoponrm

260 1611 479 1670 absolutionem
492 1614 689 1686 postularunt
727 1612 897 1688 Respondit
910 1613 956 1670 vir
971 1613 1037 1671 dei:
1057 1615 1218 1687 episcopos
1237 1617 1414 1672 auctoritate
1492 1665 1493 1670 ,

216 1721 246 1774 ¹5
261 1716 339 1773 pape
350 1701 633 1770 excommunicatos,
641 1718 697 1758 nec
710 1701 805 1774 ipsius
818 1717 887 1758 esse
899 1701 1116 1758 atantoiudice
1124 1701 1233 1774 ligatos
1243 1703 1414 1760 absolume.

261 1786 338 1844 Cum
347 1805 420 1844 vero
428 1787 640 1862 vrgentissime
652 1789 808 1859 instarent,
816 1789 890 1846 dixit
903 1788 1147 1862 archiepiscopus
1156 1790 1239 1862 quod
1249 1791 1291 1846 de
1300 1791 1414 1849 domini

262 1891 340 1948 pape
353 1875 513 1934 clementia
526 1875 666 1947 confisus,
679 1894 736 1950 pro
747 1877 828 1934 bono
840 1875 922 1949 pacis
935 1876 966 1933 in
979 1876 1036 1933 hoc
1048 1875 1170 1933 articulo
1178 1888 1416 1952 usurparetque

262 1961 375 2020 domini
392 1980 470 2036 pape
482 1973 578 2034 erant,
596 1964 721 2037 prestita
737 1973 839 2020 tamen
855 1964 991 2020 cautione
1005 1972 1037 2020 vt
1055 1963 1183 2021 ecclesie
1202 1963 1311 2022 iuditio
1329 1984 1415 2040 pare·

262 2059 347 2108 rent:
366 2050 498 2124 alioquin
513 2067 547 2108 se
560 2051 617 2108 hoc
633 2051 779 2109 facturum
797 2050 978 2122 nullatenus,
990 2051 1128 2125 precise³
1139 2053 1309 2124 respondit.
1351 2053 1416 2112 Hoc

218 2161 249 2198 zo
262 2136 304 2193 illi
312 2137 477 2209 audientes,
485 2137 677 2212 indignanter
686 2147 886 2209 recesserunt,
894 2147 924 2196 et
934 2139 1028 2196 multa
1037 2138 1069 2196 in
1078 2139 1258 2212 superbiaet
1268 2141 1416 2199 abusione

262 2224 376 2298 loquuti
389 2235 467 2283 sunt.
537 2215 800 2301 Archiepiscopus
813 2235 913 2284 autem
926 2225 1118 2284 eboracensis
1134 2227 1372 2286 londoniensem
1389 2239 1418 2286 et

262 2313 520 2372 saresburiensem
536 2314 578 2372 sic
591 2314 753 2372 commouit
764 2322 797 2371 vt
813 2331 898 2373 mare
910 2313 1137 2372 transfretantes
1153 2330 1258 2387 regem
1275 2317 1416 2375 adirent:

262 2409 293 2458 et
311 2401 437 2474 querulo
456 2417 596 2460 sermone
615 2419 686 2460 mox
705 2411 883 2460 enarrarunt
900 2419 990 2474 quarn
1009 2401 1231 2475 precipitantcr,
1246 2411 1371 2462 temere
1389 2415 1419 2462 et

262 2489 392 2562 superbe
411 2489 655 2564 archiepiscopus
673 2489 705 2547 in
723 2491 872 2548 aduentus
888 2489 935 2546 sui
951 2488 1036 2546 initio
1050 2507 1178 2564 regnum
1190 2491 1419 2564 perturbauerit
1493 2515 1494 2520 ¹

218 2599 248 2651 'l
262 2585 293 2633 et
304 2576 514 2648 sacerdotium,
528 2595 601 2652 pace
615 2577 698 2651 regia
713 2578 770 2634 sibi
782 2593 926 2634 concessa
943 2577 1079 2635 abutens.
1115 2577 1253 2650 Cumque
1266 2579 1298 2634 in
1311 2581 1419 2639 multis

262 2665 359 2720 virum
377 2664 427 2722 dei
444 2674 646 2736 accusassent,
664 2663 704 2722 ait
723 2681 796 2722 rex:
820 2663 870 2721 ‘Si
888 2681 996 2722 omnes
1017 2665 1320 2722 excommunicationi
1345 2670 1420 2725 sub-

263 2751 359 2808 iacent
380 2752 563 2810 coronationi
586 2752 639 2810 filii
660 2753 719 2810 mei
737 2752 970 2822 consentientes,
989 2770 1055 2825 ego,
1073 2769 1130 2826 per
1149 2752 1253 2810 oculos
1274 2755 1334 2823 dei,
1357 2773 1420 2814 non
1493 2739 1494 2764 ³

262 2839 423 2896 excludor!
459 2839 596 2910 Qualiter
607 2841 689 2898 enim
700 2849 731 2898 et
743 2849 888 2914 quantum
902 2858 958 2899 rex
969 2849 1145 2912 commotus,
1158 2841 1252 2897 immo
1270 2841 1301 2898 in
1318 2861 1420 2916 quan-

263 2934 326 2982 tum
352 2926 483 2984 furorem
507 2944 564 3001 per
588 2929 656 2986 illos
678 2938 709 2986 et
732 2928 896 3002 complices
925 2945 997 2986 suos
1026 2945 1193 2986 conuersus
1216 2928 1316 2998 suerit,
1341 2934 1420 2988 ordo

219 3035 251 3086 30
264 3014 420 3088 sequentis
441 3015 566 3073 historie
585 3016 755 3074 declarabit
826 3004 966 3074 Veniens
984 3016 1085 3090 itaque
1103 3016 1296 3094 Cantuariam
1318 3021 1420 3076 archi-

264 3102 434 3176 episcopus,
446 3111 477 3160 et
489 3104 654 3162 honorilice
671 3106 710 3161 ab
722 3105 861 3162 omnibus
876 3113 1045 3179 susceptus,
1057 3104 1238 3178 preparabat
1251 3122 1286 3162 se
1299 3104 1419 3182 alump·

265 3207 337 3246 num
350 3207 439 3248 suurn
452 3208 579 3265 puerum
592 3192 696 3250 videre
710 3209 821 3265 regem,
834 3201 864 3249 et
876 3201 982 3266 postea
992 3191 1173 3266 prouintiam
1186 3207 1204 3248 a
1216 3209 1276 3265 qua
1288 3201 1352 3250 tarn
1366 3197 1418 3253 diu

263 3278 377 3336 absens
395 3278 491 3336 iuerat
508 3280 641 3338 circuire.
678 3280 717 3338 Et
735 3298 805 3338 ecce
823 3297 891 3338 cum
910 3280 941 3337 in
960 3279 1068 3338 itinere
1084 3288 1175 3350 esset,
1188 3279 1270 3353 regis
1288 3281 1419 3340 iunioris

265 3364 374 3433 nuncii,
395 3383 434 3423 ex
458 3367 580 3424 nominc
604 3367 685 3442 regis
710 3384 749 3424 ne
770 3368 947 3440 procederet
971 3366 1152 3436 inhibentes,
1173 3365 1230 3423 ad⁴
1255 3366 1419 3428 ecelesiam

219 3471 250 3524 35
264 3469 350 3510 suam
362 3469 432 3510 eum
445 3454 544 3513 redire
556 3455 771 3529 precipiebam.
807 3455 924 3526 Quibus
932 3454 979 3512 vir
991 3464 1113 3512 sanctus
1126 3471 1197 3511 mox
1210 3456 1371 3528 respondit
1384 3475 1418 3515 se

264 3540 436 3597 nullatenus
459 3551 583 3615 propter
605 3543 813 3601 inhibitionem
836 3543 913 3600 hanc
936 3559 1156 3615 regressurum,
1174 3541 1232 3598 nisi
1253 3544 1326 3616 quia
1345 3553 1418 3602 tunc

264 3627 400 3686 solennis
416 3629 523 3686 natalis
539 3629 652 3688 domini
665 3631 790 3704 urgebat
801 3629 876 3700 dies,
889 3647 949 3703 quo
962 3628 1088 3687 ecclesie
1105 3645 1160 3687 sue
1176 3630 1285 3686 abesse
1303 3632 1419 3690 noluit:

263 3716 346 3774 etita
359 3733 500 3774 reuersus
513 3725 568 3774 est.
642 3707 705 3776 Die
717 3735 790 3776 vero
803 3717 910 3774 natalis
922 3717 1043 3786 domini,
1055 3716 1106 3790 qui
1119 3718 1157 3773 ab
1168 3717 1302 3774 aduentu
1316 3735 1374 3776 suo
1387 3719 1417 3776 in

264 3803 407 3878 Angliam
418 3803 579 3862 vicesimus
595 3806 741 3878 septimus
758 3815 830 3876 erat,
843 3805 1086 3878 archiepiscopus
1101 3820 1275 3861 sermonem
1292 3803 1364 3864 iecit
1379 3808 1417 3864 ad

219 3917 252 3970 40
265 3893 409 3967 populum
429 3901 459 3950 et
478 3893 558 3966 quod
577 3892 701 3950 instaret
719 3902 841 3966 ternpus
858 3891 1064 3950 dissolutionis
1082 3909 1136 3948 sue
1155 3891 1235 3949 etin
1254 3892 1343 3950 breui
1362 3895 1416 3950 rni-

264 3989 367 4054 graret
383 3965 478 4040 ali'eis
495 3980 634 4054 predixit,
646 3991 676 4038 et
693 3981 868 4039 nominatim
881 3979 1051 4038 ceruicosos
1062 3987 1142 4036 terre
1154 3988 1185 4036 et
1201 3977 1366 4053 plerosque
1377 3982 1416 4038 de

265 4067 378 4138 aulicis,
394 4085 513 4126 necnon
533 4067 727 4142 Ranulphum
745 4070 784 4126 de
804 4067 885 4126 Brolr
903 4075 933 4126 et
952 4066 1118 4124 Robertum
1137 4066 1176 4124 de
1195 4065 1288 4137 Brolr,
1301 4069 1354 4141 qui
1372 4067 1416 4124 iu-

266 4164 402 4214 mentum
426 4155 644 4231 archiepiscopi
669 4156 886 4228 mutilauerant,
908 4162 1056 4230 perpetuo
1079 4153 1263 4212 anathemati
1286 4155 1415 4214 tradidit.

362 4345 518 4397 ¹onr.qu.
587 4345 823 4398 ’sloffensurum
890 4343 1082 4412 'T.prcscise„
1147 4345 1310 4396 ¹T.setad
