3032 4882
409 332 484 428 Da
508 329 675 422 sanna
700 331 937 438 &abacos
1176 353 1248 434 357

560 561 585 620 ll
603 559 769 619 Namusa

130 665 240 736 Huius
249 675 332 738 enim
342 679 403 737 filia
411 680 601 754 Erkengoda,
610 698 786 755 magnarum
796 681 851 740 fuit
859 681 1103 757 virgovirtutum‚
1112 683 1248 740 seruiens

91 763 218 823 domino
231 766 262 823 in
276 766 459 825 monasterio
471 769 551 840 quod
561 769 593 825 in
606 769 730 843 regione
744 769 928 827 Francorum
939 771 1162 828 constructum’
1171 779 1217 828 est
1230 787 1248 828 a

92 863 197 910 sancta
219 854 338 928 virgine
363 854 470 926 Phara,
495 855 617 912 nomine
643 855 742 928 Brige.
792 857 869 914 Nam
894 875 931 916 eo
955 868 1094 931 tempore
1118 859 1247 916 necdum

93 942 198 998 multis
218 940 251 998 in
271 940 395 1014 regione
413 942 583 1016 Anglorum
601 944 793 1001 monasteriis
812 947 999 1016 constructis,
1019 945 1105 1003 multi
1124 946 1162 1002 de
1182 944 1247 1001 Bri·

92 1030 197 1086 tannia
223 1030 388 1086 monastice
412 1030 649 1088 conuersationis
666 1031 762 1104 gratia
778 1031 942 1091 Galliarum
962 1032 1144 1091 monasteria
1164 1031 1277 1099 adires

92 1116 241 1186 solebant,
249 1116 387 1190 filiasque
399 1133 471 1174 suas
481 1117 601 1174 Chn'sto
613 1120 777 1176 sacrandas
790 1119 954 1192 mittebant,
965 1121 1097 1178 maxime
1109 1120 1139 1177 in
1149 1119 1248 1193 Brige,
1268 1125 1270 1132 ’

93 1205 124 1260 in
147 1203 231 1274 Cale,
250 1214 280 1261 et
301 1202 332 1260 iu
354 1205 564 1278 Andelegum:
592 1204 671 1263 inter
689 1223 765 1279 quas
786 1216 851 1265 erat
871 1207 1046 1266 Sethritha⁸
1065 1209 1126 1264 lilia
1144 1207 1247 1266 vxoris

91 1294 186 1348 Anne
206 1291 288 1365 regis
307 1291 505 1350 Orientalium
522 1293 701 1366 Anglorum,
719 1302 750 1351 et
769 1294 831 1352 lilia
848 1295 993 1352 naturalis
1012 1294 1148 1353 eiusdem
1167 1294 1248 1368 regis

94 1379 301 1453 Ethelburga:
320 1396 381 1452 que
398 1389 532 1453 utraque,
545 1398 613 1438 cum
632 1389 715 1439 esset
731 1381 899 1455 peregrina,
918 1383 1053 1441 eiusdem
1073 1381 1247 1440 monasterii

92 1467 246 1540 brigensis
269 1477 316 1524 est
336 1466 488 1525 abbatissa
509 1469 676 1526 constituta.
715 1469 896 1544 Erkengode
917 1488 991 1528 vero
1008 1470 1133 1545 virginis
1154 1470 1295 1527 multato

91 1556 192 1613 solent
207 1572 300 1628 opera
313 1556 455 1613 virtutum
467 1564 498 1612 et
510 1557 722 1614 miraculorum
735 1557 866 1629 narrari;
881 1575 988 1616 verum
1000 1576 1057 1615 nos
1069 1561 1108 1616 de
1120 1559 1246 1615 transitu

91 1643 181 1712 illius,
196 1661 256 1716 quo
272 1643 395 1700 celestia
411 1660 506 1717 regna
521 1643 614 1717 petiit,
627 1643 738 1717 aliquid
752 1644 885 1704 breuiter
898 1646 999 1703 dicere
1015 1644 1151 1703 sufficiat
1188 1644 1245 1702 lm-

92 1731 230 1791 minente
254 1730 418 1787 vocationis
448 1732 585 1800 suedie,
609 1732 687 1812 cepit
711 1732 838 1790 circuire
861 1733 893 1790 in
924 1732 1105 1792 monasterio
1130 1733 1247 1790 casulas

91 1818 284 1874 infirmarum
306 1817 417 1875 Christi
439 1817 626 1888 famularum,
647 1829 678 1877 et
701 1821 835 1878 maxime
856 1831 998 1894 prouecta
1020 1821 1116 1891 etatis,
1135 1828 1165 1876 et
1186 1837 1247 1892 que

91 1921 214 1962 morum
239 1904 387 1977 probitate
411 1914 497 1962 erant
521 1905 716 1980 insigniores:
745 1925 872 1981 quarum
893 1925 928 1966 se
950 1907 1084 1965 omnium
1105 1905 1246 1980 precibus
1263 1921 1293 1972 ¹5

92 1992 249 2049 humiliter
273 1993 498 2062 commendans,
519 1993 632 2051 obitum
658 2011 756 2068 suum,
775 2012 866 2068 quem
888 1995 1071 2052 reuelationc
1092 1993 1245 2064 didicerat,

91 2097 162 2138 esse
193 2079 327 2137 futurum
354 2098 416 2138 non
443 2081 557 2138 celauit
602 2081 700 2152 Quam
726 2082 942 2139 reuelationem
967 2099 1036 2139 esse
1060 2081 1150 2137 talem
1175 2097 1245 2154 per·

92 2167 253 2226 hibebat⁴z
278 2167 362 2226 Vidit
382 2168 482 2225 enim⁸
500 2169 667 2225 albatorum
685 2178 836 2226 cateruam
855 2169 1010 2226 hominum
1029 2170 1244 2226 monasterium

92 2255 216 2324 intrare,
229 2255 345 2328 hosque
361 2272 379 2311 a
395 2273 429 2312 se
442 2255 641 2329 interrogatos
653 2258 725 2328 quid
737 2265 900 2329 quererent
917 2265 968 2312 aut
984 2257 1055 2329 quid
1073 2254 1113 2311 ibi
1125 2255 1245 2324 vellent,

94 2341 292 2416 respondisse
316 2344 396 2416 quod
421 2343 460 2399 ob
483 2343 539 2401 hoc
564 2343 633 2400 illuc
658 2343 779 2401 fuerunt
800 2343 950 2414 destinati,
968 2353 1001 2401 vt
1025 2359 1148 2400 aureum
1172 2341 1243 2398 illud
1262 2363 1292 2400 πο

93 2428 306 2498 summumst
330 2431 409 2502 quod
440 2429 509 2487 illuc
539 2432 578 2488 de
609 2431 720 2488 Cancia
749 2439 881 2501 venerat,
912 2448 1017 2488 secum
1047 2439 1244 2487 assumerent

94 2519 216 2574 Aurora
239 2526 340 2574 autem
364 2516 459 2589 ipsius
483 2517 589 2589 noctis,
613 2518 765 2591 presentis
790 2519 895 2575 mundi
918 2519 1061 2576 tenebras
1085 2517 1245 2588 transiens,

94 2620 260 2678 supernam
275 2604 413 2678 migrauit
428 2606 466 2662 ad
481 2605 589 2662 lucem.
627 2604 713 2662 Multi
725 2623 798 2662 vero
811 2605 935 2662 fratrum
948 2613 1112 2663 concentus
1124 2605 1246 2678 angelo-

94 2709 161 2749 rum
184 2691 376 2765 psallentium
398 2691 557 2749 manifeste
581 2708 615 2749 se
639 2691 760 2750 audisse
782 2691 961 2764 referebant,
981 2693 1036 2750 sed
1058 2701 1088 2749 et
1112 2691 1245 2750 sonitum

93 2779 180 2854 quasi
200 2779 330 2852 plurime
345 2779 541 2837 multitudinis
559 2780 775 2837 monasterium
793 2779 997 2853 ingredientis.
1034 2778 1107 2836 Mox
1119 2778 1244 2852 egressi,
1260 2805 1291 2858 ²⁵

93 2867 235 2925 viderunt
254 2867 351 2924 lucem
370 2865 474 2924 celitus
492 2867 617 2924 missam
634 2866 728 2924 fuisse
747 2867 918 2936 maximam,
930 2885 990 2940 que
1009 2874 1144 2924 sanctam
1163 2865 1244 2922 illam

93 2955 226 3012 animam
245 2954 343 3010 carnis
357 2953 484 3012 vinculis
503 2954 679 3023 absolutam,
696 2955 734 3011 ad
750 2963 856 3011 eterna
871 2954 967 3027 patrie
983 2951 1122 3012 celestis²
1135 2953 1244 3026 gaudia

93 3041 231 3099 ducebat
276 3039 388 3100 Placuit
412 3049 482 3114 post
506 3041 587 3098 diem
611 3042 765 3115 sepulture
789 3041 855 3100 eius
879 3040 1001 3098 tertium
1023 3049 1056 3098 vt
1080 3041 1157 3114 lapis
1184 3057 1244 3112 quo

94 3137 326 3186 monumentum
345 3128 411 3186 eius
426 3129 591 3202 tegebatur,
609 3129 696 3186 altius
712 3129 779 3202 ipso
795 3129 826 3186 in
844 3128 910 3187 loco
927 3136 1143 3202 reponeretur:
1163 3129 1243 3201 quod

94 3219 167 3274 dum
185 3216 282 3286 fieret,
300 3225 383 3273 tante
401 3215 562 3290 fragrantia
581 3216 752 3274 suauitatis⁸
770 3218 808 3274 ab
828 3215 898 3274 imis
917 3215 1060 3287 ebulliuit,
1079 3224 1111 3273 vt
1129 3215 1244 3273 cunctis
1258 3243 1291 3292 30

93 3307 145 3382 qui
166 3307 304 3364 astabant
327 3304 467 3362 fratribus
490 3323 525 3362 ac
550 3304 703 3362 sororibus
722 3306 807 3379 quasi
828 3301 1013 3377 opobalsami
1033 3303 1153 3362 cellaria
1174 3321 1243 3361 esse

93 3397 271 3454 viderentur
282 3402 394 3467 aperta.
431 3393 592 3450 Matertera
603 3410 676 3451 vero
688 3393 754 3450 eius
767 3392 951 3465 Ethelburga
962 3401 1110 3466 perpetue
1121 3391 1244 3465 virgini·

93 3485 164 3544 tatis
182 3482 308 3556 gloriam
327 3480 357 3538 in
376 3497 485 3553 magna
503 3480 638 3554 corporis
657 3479 840 3537 continentia
858 3481 998 3540 semauit
1036 3478 1155 3554 Elapsis
1173 3487 1244 3553 post

93 3577 158 3636 eius
170 3571 284 3630 obitum
297 3578 416 3643 septem
429 3567 525 3639 annis,
537 3569 578 3624 ita
589 3567 800 3624 intemeratum
813 3585 923 3642 corpus
938 3569 1003 3625 eius
1019 3570 1174 3626 inuentum
1186 3578 1243 3640 est,

94 3663 171 3722 sicut
187 3679 205 3717 a
222 3657 413 3731 corruptione
426 3654 668 3729 concupiscentie
680 3655 809 3712 carnalis
825 3663 889 3712 erat
904 3655 1055 3727 immune;
1074 3655 1159 3713 cuius
1175 3655 1242 3712 dies
1257 3679 1288 3734 ³5

92 3749 242 3810 natilicius
255 3744 351 3804 Nonis
364 3743 426 3802 iulii
438 3742 469 3800 in
483 3759 591 3816 magna
603 3742 697 3816 gloria
709 3741 853 3803 celebrari
866 3743 950 3801 solet

125 3923 133 3952 ¹
149 3919 212 3971 Abr.
225 3918 291 3966 from
303 3913 377 3964 Beda
388 3911 423 3962 H.
435 3911 465 3960 E.
479 3909 526 3988 ill.
534 3911 563 3988 .⁰·
630 3907 642 3939 ¹
657 3926 688 3963 so
698 3909 737 3972 T.‚
750 3909 781 3962 E.
792 3909 958 3988 constitutum
1034 3906 1043 3937 ⁸
1060 3907 1091 3958 T.
1102 3907 1240 3986 sechritha.

89 3986 99 4019 ⁴
116 3985 145 4037 F„
158 3983 319 4050 prohibebat
385 3979 396 4010 ⁸
413 3979 477 4058 Bed.
488 3977 634 4058 vidissense.
704 3976 714 4007 ⁸
729 3977 759 4027 T.
772 3991 904 4026 numum.
977 3971 987 4004 ⁷
1003 3989 1033 4025 so
1045 3974 1083 4036 T.‚
1096 3973 1125 4024 Ε.
1137 3973 1241 4024 celestis

89 4054 179 4118 patrie.
249 4049 260 4078 ⁸
277 4047 307 4098 E.
319 4052 453 4096 suauitatis
465 4043 618 4107 fragrancia
