3052 4896
103 310 335 377 naahas]
402 295 477 389 Dc
495 293 551 384 e.
573 293 740 391 uiant
763 296 962 391 muntia
1182 319 1253 395 557

2 532 19 566 ς
102 513 172 551 nem
192 513 222 552 se
240 497 354 568 largiter
372 499 553 556 extenderant
571 499 609 556 ad
627 517 767 556 summam
785 499 861 556 mille
877 499 1091 571 quingentarum
1111 499 1256 570 sexaginta

21 615 27 648 3
103 578 248 648 librarum,
272 591 365 652 preter
388 582 519 654 reliquias
542 594 571 640 et
594 583 769 640 munimenta
793 583 966 653 monasterii,
988 601 1105 655 quorum
1130 583 1254 655 precium

1 705 10 738 .·
102 663 184 718 nullo
207 663 293 718 modo
317 665 406 735 potuit
431 667 564 722 estimari.
608 667 717 723 Erectis
741 668 825 738 igitur
849 665 931 722 malis
960 676 989 722 et
1018 667 1086 724 velis
1114 667 1255 739 expansis,

8 789 19 818 ·.
103 747 205 802 classis
224 747 286 818 ipsa
310 747 442 818 pestifera
467 750 490 804 F
491 749 586 807 rancie
604 751 642 806 ad
661 751 781 822 patriam
800 751 836 806 de
854 766 910 819 qua
928 761 1042 806 venerat
1061 749 1195 806 celerius¹
1213 762 1255 808 est

7 872 22 904 3
103 847 226 886 reuersa.
266 832 399 887 Monachi
419 851 484 888 vero
505 833 552 904 qui
575 835 684 905 pridem
706 844 782 890 metu
803 831 902 888 mortis
924 835 1062 906 perterriti
1081 835 1118 889 ad
1140 833 1284 901 latibula5

2 955 23 991 a:
104 915 297 983 confugerant,
328 933 441 971 recessu
470 917 683 974 maledictorum
713 918 899 990 vespilionum
930 935 994 973 cum
1027 916 1168 974 nauibus⁸
1197 919 1255 974 suis

5 1045 18 1073 ,Ι
103 997 243 1054 veraciter
260 998 411 1067 intellecto,
430 1000 561 1056 deorsum
580 1001 609 1056 in
627 1000 774 1058 ecclesiam
793 1003 1005 1058 descenderunt.
1043 1003 1081 1057 Et
1100 1002 1129 1057 in
1152 1003 1255 1058 dormi·

102 1078 207 1136 torium
231 1082 460 1151 conscendentes,
486 1101 568 1140 casus
588 1085 641 1140 sibi
661 1085 855 1142 lamentabiles
880 1085 985 1142 ibidem
1010 1085 1183 1142 inuenerunt.
1222 1089 1254 1142 ln

2 1215 17 1244 ·,
103 1164 204 1235 primis
224 1183 346 1236 namque
371 1167 471 1221 karum
490 1169 658 1224 confratrem
681 1185 761 1223 suum
781 1169 896 1224 fratrem
917 1169 1058 1223 Thomam
1078 1169 1160 1225 dela
1180 1170 1255 1224 Hale

103 1247 265 1303 terribiliter
277 1249 452 1304 vulneratum
464 1259 493 1306 et
505 1249 533 1305 in
553 1251 689 1320 sanguine
706 1269 766 1318 suo,
779 1262 809 1307 ut
826 1251 866 1307 ita
880 1252 986 1322 loquar,
1001 1252 1212 1322 rebaptizatum,
1225 1252 1254 1307 in
1272 1267 1301 1305 ro

2 1383 6 1390 .
103 1333 167 1387 solo
178 1341 244 1388 ante
257 1333 361 1388 lectum
374 1351 464 1403 suurn,
476 1335 565 1390 altero
578 1335 650 1405 pede
669 1334 871 1402 discalciatum,
885 1345 1025 1390 mortuum
1042 1335 1144 1392 misere
1159 1336 1254 1392 videre

103 1414 254 1471 iacentem.
299 1417 353 1472 Pro
377 1432 432 1487 quo
456 1427 515 1472 tam
540 1417 667 1489 nequiter
690 1419 814 1488 iugulato
838 1417 970 1490 grauibus
994 1419 1125 1474 lamentis
1154 1418 1254 1489 singuli

103 1498 237 1554 monachi
251 1515 283 1553 se
296 1499 440 1567 dederunt,
454 1518 523 1556 voce
541 1501 626 1556 flebili
643 1501 873 1558 conclamantes:
894 1501 954 1557 ‘Ve
974 1501 1056 1558 nobis
1072 1502 1139 1574 quid
1156 1513 1183 1558 et
1202 1520 1254 1558 nos

2 1577 12 1664 f,
104 1583 195 1637 acturi
208 1599 312 1648 sumus,
326 1583 373 1654 qui
386 1583 478 1653 magis
491 1585 565 1639 hanc
578 1584 710 1640 miseram
723 1584 820 1640 mundi
834 1585 921 1641 vitam
935 1603 1046 1642 seruare
1059 1587 1253 1642 contendimus

104 1682 191 1736 quam
216 1683 280 1720 cum
305 1665 359 1721 hoc
387 1667 472 1722 fratre
499 1678 596 1723 nostro
624 1668 750 1739 regulam
778 1679 903 1724 nostram
933 1669 1109 1725 obseruando
1137 1669 1255 1726 feliciter
1270 1684 1299 1736 15

2 1801 9 1834 ἰ
104 1750 282 1804 occumbere.
320 1749 413 1805 Potuit
431 1768 553 1821 namque
571 1751 614 1806 vir
632 1751 687 1820 dei,
706 1750 729 1806 si
751 1752 893 1820 voluisset,
912 1753 949 1807 ad
971 1752 1086 1808 latibula
1105 1753 1254 1808 nobiscum

104 1832 263 1902 confugisse
284 1844 313 1888 et
334 1844 453 1890 mortem
473 1833 589 1890 forsitan
614 1834 754 1891 euasisse:
780 1846 822 1891 set
841 1837 939 1890 maluit
961 1852 992 1890 se
1011 1835 1109 1891 mortis
1131 1835 1254 1906 periculo

2 1905 14 1976 s
103 1917 253 1972 salubriter
280 1933 429 1987 exponere,
452 1935 539 1990 quarn
567 1919 693 1989 regulam
724 1919 815 1974 sancti
845 1917 998 1988 Benedicti,
1025 1935 1110 1989 quam
1136 1919 1253 1990 professi

2 1998 10 2068 ζ.
105 2016 212 2068 sumus,
225 1999 383 2071 aliqualiter
394 2001 542 2057 offendere
579 2003 656 2058 Ecce
668 2019 719 2073 pro
731 2019 787 2073 qua
799 2004 882 2072 culpa
897 2002 983 2057 frater
995 2012 1091 2058 noster
1101 2003 1139 2058 ab
1152 2002 1254 2074 iniquis

2 2076 8 2144 Ῐ
103 2081 266 2139 interfectus
290 2094 341 2140 est.
378 2086 462 2140 Certe
486 2085 523 2140 ob
552 2087 659 2142 nullam
688 2085 774 2141 aliam
804 2103 926 2152 causam,
952 2085 1006 2140 nisi
1034 2085 1101 2156 quia
1127 2087 1253 2156 regulam
1269 2104 1300 2140 ιο

2 2163 3 2228 s
103 2176 230 2222 nostram
250 2168 364 2222 nolebat
383 2167 540 2239 infringere,
553 2178 582 2224 et
594 2171 660 2240 quia
672 2171 785 2226 uolebat
800 2179 896 2226 sancte
913 2169 959 2224 dei
976 2168 1093 2225 ecclesie
1105 2171 1253 2225 violatores

2 2304 7 2312 ,
102 2259 135 2306 et
146 2249 352 2306 crudelissimos
365 2253 528 2322 spoliatores
541 2262 571 2308 ut
584 2253 780 2324 resipiscerent
792 2253 939 2308 salubriter
950 2255 1104 2308 consulere.
1130 2253 1156 2308 Ο
1169 2269 1254 2323 quam

103 2350 192 2404 graue
211 2333 270 2388 viro
289 2334 334 2390 dei
353 2335 470 2406 contigit
492 2336 681 2407 infortunium,
700 2338 746 2409 qui
768 2347 828 2394 toto
848 2347 974 2408 ternpore
993 2336 1184 2392 conuersionis
1204 2353 1253 2392 sue

104 2416 270 2487 regulariter
286 2429 315 2474 et
333 2419 497 2475 innocenter
509 2420 586 2489 vixit,
604 2429 663 2476 tam
681 2439 731 2492 pro
751 2439 782 2476 se
800 2438 885 2491 quam
904 2437 954 2490 pro
973 2419 1055 2476 nobis
1075 2419 1205 2475 omnibus
1224 2430 1254 2475 et

2 2495 6 2565 J
103 2501 236 2572 precipue
249 2501 278 2556 in
291 2502 434 2573 obsequiis
447 2503 550 2558 diuinis
564 2515 676 2560 strenue
688 2515 716 2561 et
729 2504 868 2560 indefesse
885 2504 1057 2561 laborando'
1093 2503 1205 2560 Deinde
1223 2504 1252 2558 in
1269 2516 1299 2568 25

2 2582 3 2648 s
103 2583 220 2656 obliquo
233 2584 444 2657 prospicientes,
457 2587 560 2642 ostium
572 2587 626 2643 loci
640 2586 713 2643 illius
726 2587 754 2642 in
768 2604 823 2658 quo
835 2589 983 2644 thesaurus
996 2587 1113 2643 ecclesie
1126 2588 1252 2642 recondi·

2 2666 3 2672 '
103 2679 151 2724 tus
163 2667 214 2724 fuit
226 2669 362 2724 violenter
373 2669 497 2725 dirutum
515 2681 545 2726 et
563 2670 744 2739 confractum,
757 2687 810 2726 nec
824 2687 881 2726 non
900 2671 995 2728 omnia
1012 2681 1040 2726 et
1058 2670 1166 2741 singula
1180 2670 1254 2725 bona

103 2753 242 2807 introrsus
262 2751 391 2823 deposita
416 2753 535 2824 spoliata
558 2762 586 2808 et
610 2763 761 2824 asportata,
783 2771 839 2809 vna
859 2771 923 2809 cum
947 2755 1027 2809 lectis
1051 2771 1147 2810 eorum
1170 2753 1254 2809 simul

2 2831 3 2836 ’
103 2834 236 2891 omnibus
253 2836 337 2891 rebus
355 2836 525 2908 exspoliatis,
538 2836 737 2907 repperierunt.
775 2837 910 2907 Quicum
927 2837 1033 2908 ingenti
1046 2854 1163 2905 merore,
1176 2837 1253 2891 omni

103 2927 201 2974 tamen
214 2935 269 2989 qua
282 2929 410 2988 poterant
423 2919 584 2987 deuocione,
597 2919 634 2974 ad
647 2937 748 2990 corpus
763 2919 910 2976 confratris
928 2920 1014 2976 occisi
1026 2919 1163 2989 conuersi,
1177 2919 1252 2974 omni
1267 2934 1299 2983 30

103 3017 161 3072 qua
181 3011 310 3072 poterant
331 3003 508 3059 humanitate
528 3002 595 3058 iliud
621 3003 814 3073 recolligentes
838 3005 897 3059 eius
921 3003 1052 3074 exequias
1076 3013 1252 3073 parauerunt.

102 3085 328 3156 verumptamen
345 3095 386 3141 tot
404 3096 432 3141 et
450 3087 536 3142 tantis
555 3086 707 3153 doloribus,
726 3088 865 3157 angustiis
882 3097 910 3142 et
929 3087 1117 3157 dampnorum
1135 3085 1254 3140 miseriis

103 3167 230 3240 vndique
254 3167 378 3239 [erant]⁸
401 3169 508 3239 fatigati
531 3177 560 3224 vt
580 3187 633 3225 nec
652 3186 687 3224 ea
708 3186 765 3241 qua
786 3169 878 3226 decuit
900 3166 1099 3240 [reuerentia]⁸
1122 3169 1253 3239 exequias

104 3251 316 3322 sollempnizare
333 3261 492 3332 potuerunt.
530 3253 563 3308 ln
579 3253 703 3309 crastino
716 3271 782 3310 vero
799 3253 938 3320 monachi,
951 3251 1160 3308 considerantes
1177 3252 1254 3322 quod

104 3351 200 3391 coram
218 3335 298 3390 altari
316 3337 392 3407 quod
405 3336 432 3391 in
451 3337 558 3392 honore
574 3337 694 3407 gloriose
712 3337 827 3408 virginis
846 3335 937 3392 Marie
955 3346 983 3392 et
1003 3345 1098 3391 sancte
1119 3335 1253 3390 Katerine
1267 3352 1298 3404 35

104 3417 268 3474 dedicatum
280 3428 331 3486 est,
344 3418 471 3474 noctium
490 3421 590 3475 saltem
606 3420 780 3492 temporibus
799 3419 937 3474 secrecius
956 3419 987 3474 in
1004 3419 1181 3475 oracionibus
1194 3417 1252 3474 suis

104 3502 174 3557 dum
195 3500 300 3556 vixerat
320 3503 459 3558 excubare
484 3504 602 3572 solebat,
621 3503 676 3558 hoc
694 3503 723 3558 in
742 3503 804 3560 loco
822 3503 871 3574 qui
890 3503 982 3574 ipsum
999 3503 1088 3559 altere
1110 3501 1253 3558 concernit

103 3601 206 3656 corpus
233 3585 294 3641 eius
323 3584 500 3641 humandum
528 3603 577 3641 seu
607 3585 797 3656 sepeliendum
829 3587 1020 3642 decreuerunt.
1070 3585 1155 3642 Cuius
1186 3601 1254 3641 vero

104 3685 222 3740 corpore
234 3685 313 3724 sacre
326 3669 429 3725 tradito
443 3669 583 3741 sepulture
596 3688 602 3724 ε
623 3669 726 3740 placuit
739 3669 834 3725 statim
846 3669 993 3724 Altissimo
1007 3667 1111 3725 Christi
1124 3669 1254 3724 fidelibus

103 3760 261 3807 monstrare
273 3751 302 3807 in
314 3763 411 3823 aperto
424 3763 529 3824 quanto
541 3752 587 3823 pie
599 3752 761 3808 dileccionis
780 3752 838 3809 zelo
855 3752 946 3824 ipsum
959 3751 1057 3808 zelauit
1069 3753 1211 3807 viuentem
1224 3752 1252 3806 in
1267 3773 1299 3824 4⁰

103 3837 159 3891 hoc
183 3836 299 3892 mundo.
337 3837 370 3890 ln
394 3845 504 3891 tantum
529 3853 651 3906 namque
676 3835 892 3908 circumquaque
916 3835 1040 3891 fidelium
1064 3843 1123 3889 tam
1149 3845 1254 3891 remote

103 3935 190 3991 quam
205 3917 359 3990 propinque
376 3919 533 3989 positorum
551 3919 675 3974 excreuit
692 3917 816 3988 deuocio,
829 3931 860 3975 vt
878 3918 1002 3990 quolibet
1020 3917 1066 3974 die
1085 3917 1254 3974 adueniente

2 4071 3 4074 Ἴ
103 3998 227 4058 tumulus
252 4000 311 4057 eius
332 4001 575 4072 peregrinancium
600 4003 703 4058 deuoto
726 4001 885 4058 visitaretur
909 4001 1053 4072 obsequio.
1089 4002 1172 4058 Vnde
1196 4018 1254 4056 non

102 4083 173 4140 nulli
190 4083 321 4140 candelas
336 4101 478 4153 accensas,
491 4084 538 4140 alii
555 4085 711 4156 ymagines,
727 4085 774 4140 alii
793 4086 887 4157 capita
905 4086 950 4141 vel
968 4087 1063 4141 oculos
1082 4086 1127 4140 vel
1145 4085 1253 4150 dentes,

103 4165 151 4223 alii
176 4183 243 4222 vero
266 4183 367 4222 manus
390 4178 419 4222 et
439 4166 564 4235 brachia,
585 4167 632 4222 alii
654 4178 748 4223 autem
768 4169 855 4239 pedes
879 4177 907 4224 et
927 4167 1020 4237 tibias,
1038 4167 1163 4224 nonnulli
1186 4185 1253 4222 vero
1265 4181 1297 4232 45

103 4257 190 4306 naute
206 4267 225 4305 a
243 4249 328 4306 maris
344 4249 474 4320 periculis
491 4251 620 4321 graciose
637 4250 746 4306 liberati
765 4250 910 4306 nauiculas
926 4260 954 4307 et
972 4250 1132 4307 huiusmodi
1151 4249 1253 4307 instru-

265 4360 274 4392 ¹
291 4361 346 4414 MS.
357 4362 479 4414 soelerius
650 4361 661 4392 ⁸
679 4361 734 4413 ΜΒ.
748 4362 873 4416 manibus.
1038 4362 1049 4395 ¹
1064 4377 1115 4414 om.
