3048 4884
270 227 344 372 42t
579 276 711 365 mutu
735 272 926 378 lentata
951 273 1104 378 Sinala

272 495 354 550 num,
364 493 474 552 corpus
486 475 551 534 eius
562 477 600 534 ad
609 475 768 535 ecclesiam
779 477 818 534 de
825 475 1023 550 Trikingbam
1031 473 1181 546 desertum
1200 483 1231 533 et
1241 475 1428 534 obsecratis¹

272 565 502 639 diligentissime
520 563 617 622 ianuis
635 563 808 622 custoditur.
846 563 884 622 Et
901 565 974 620 dum
991 571 1079 621 nocte
1100 563 1167 636 ipsa
1187 565 1332 622 attentius
1350 565 1429 638 vigi·

272 654 377 724 larent,
395 653 495 710 subito
518 669 612 726 sopor
630 651 829 726 grauissimus
852 668 961 708 omnes
983 649 1111 708 inuasit:
1138 659 1169 708 et
1188 651 1430 725 superueniente

273 743 394 814 copiosa
403 739 697 814 Hamburgensium¹
709 739 808 812 plebe,
815 737 917 795 omnia
926 737 1003 795 ostia
1012 737 1385 807 monasterii,cadent1bus
1398 739 1430 794 in

245 847 259 899 5
273 837 385 886 terram
400 827 476 885 seris
488 837 518 885 ct
530 827 673 896 vectibus,
686 835 868 883 reserantur.
905 824 1024 898 Corpus
1039 842 1143 883 secum
1154 825 1329 884 anierentes
1341 828 1430 883 nullo

274 916 443 984 resistente,
456 932 523 972 cum
537 914 632 972 leticia
645 913 806 982 deducunt,
819 923 849 970 et
861 913 1027 970 honorifice
1044 913 1197 986 sepulture
1209 915 1341 971 tradunt.
1384 915 1431 971 lbi

274 1007 355 1062 enlm
374 1005 485 1061 sanitas
501 1005 620 1076 egrotis,
633 1002 735 1059 lumen
748 1000 836 1070 cecis,
849 1000 968 1058 auditus
986 1001 1094 1068 surdis,
1107 1017 1208 1058 sermo
1226 1001 1320 1058 mutis
1339 1002 1432 1060 resti·

273 1091 373 1162 tuitur,
387 1089 499 1164 leprosi
515 1091 706 1159 mundantur,
718 1097 748 1146 et
761 1087 890 1145 diuersis
909 1088 1102 1162 languoribus
1121 1089 1261 1163 oppressi
1279 1101 1431 1164 percepta

275 1180 370 1238 salute
391 1179 587 1252 gratulantur.
663 1163 740 1234 Post
763 1193 874 1233 nouem
899 1175 1048 1249 siquidem
1071 1192 1169 1234 annos
1190 1194 1259 1234 cum
1280 1178 1321 1233 de
1345 1187 1432 1235 terra

233 1285 262 1320 ιο
275 1285 385 1340 corpus
410 1266 476 1322 eius
501 1265 678 1332 eleuaretur,
703 1264 911 1337 incorruptum
939 1272 1093 1338 repertum
1123 1273 1170 1324 est
1199 1273 1229 1320 et
1259 1265 1430 1335 illibatum;

274 1363 375 1413 vestes
394 1353 486 1410 nitide
507 1361 537 1408 et
557 1369 632 1410 sane
649 1352 772 1408 omnino
790 1368 967 1425 apparuere,
986 1360 1016 1408 et
1035 1349 1127 1408 iacies
1145 1352 1279 1422 candida,
1298 1361 1330 1409 et
1348 1371 1431 1426 gene

276 1459 363 1499 rosee
375 1441 440 1500 vise
457 1449 536 1498 sunt.
574 1439 685 1512 Sicque
703 1437 822 1496 durauit
840 1455 949 1512 corpus
968 1439 1033 1496 eius
1051 1438 1259 1513 incorruptum
1272 1457 1372 1514 vsque
1391 1442 1430 1497 ad

275 1539 412 1602 tempora
433 1528 596 1598 Danorum,
609 1527 729 1600 quando
748 1526 826 1583 iusto
845 1525 894 1584 dei
912 1526 1019 1583 iudicio
1037 1543 1113 1600 gens
1132 1526 1301 1601 Anglorum
1319 1529 1432 1585 tradita

275 1626 330 1688 est,
352 1615 482 1690 peccatis
503 1617 566 1672 suia
588 1613 786 1687 exigentibus,
807 1613 914 1687 gladiis
935 1631 1120 1688 paganorum
1140 1615 1302 1688 punienda.
1341 1616 1430 1673 Tunc

233 1725 262 1775 ¹5
276 1705 357 1765 enim
371 1704 401 1761 in
415 1703 548 1761 cinerem
561 1719 632 1759 caro
644 1701 709 1758 eius
726 1700 893 1772 resoluitur,
906 1719 945 1759 ne
962 1701 1063 1775 impiis
1080 1702 1219 1761 manibus
1235 1721 1303 1761 earn
1323 1702 1431 1761 hostes

277 1792 486 1866 contingerent
511 1789 722 1847 miraculorum
752 1789 801 1847 dei
827 1789 973 1846 inereduli
1004 1798 1034 1846 et
1064 1789 1278 1848 beneficiorum
1309 1791 1430 1865 ingrati.

276 1881 493 1952 Translataque
506 1887 577 1936 tunc
593 1885 664 1935 sunt
675 1893 746 1934 ossa
758 1875 823 1934 eius
835 1875 915 1950 apud
928 1875 1084 1948 Cestriam,
1097 1877 1147 1934 vbi
1158 1895 1254 1951 vsque
1266 1877 1297 1934 in
1310 1879 1428 1936 hodier-

279 1985 351 2026 num
365 1968 445 2025 diem
458 1964 650 2040 requiescunt
663 1963 837 2038 meritisque
850 1963 916 2022 eius
928 1965 1033 2022 crebra
1046 1963 1187 2023 miracula
1199 1966 1284 2024 fiunt

771 2221 933 2281 Narratio⁸.

316 2335 392 2406 Non
412 2347 536 2404 multum
556 2353 626 2402 ante
644 2346 699 2401 hec
718 2353 855 2419 tempora
873 2355 995 2403 sanctus
1014 2343 1184 2416 Maurelius,
1203 2346 1427 2421 andegauensis

235 2437 448 2511 coepiscopus,
467 2451 536 2491 curn
558 2434 683 2490 missam
705 2433 879 2503 celebraret,
905 2435 1033 2507 quedam
1053 2433 1171 2491 mulier‘
1184 2451 1253 2491 cum
1279 2436 1426 2492 moriente

279 2542 374 2598 puero
386 2521 519 2590 veniens,
533 2521 593 2578 filio
610 2538 666 2578 suo
684 2537 828 2578 manuum
845 2538 967 2578 suarum
985 2521 1176 2595 impositione
1192 2521 1332 2595 spiritum
1346 2541 1427 2580 sanc·

278 2621 343 2669 tum
363 2612 426 2667 dari
445 2618 607 2682 antequam
621 2609 724 2680 obiret,
737 2609 917 2682 postulauit:
938 2610 992 2666 sed
1005 2608 1148 2682 episcopo
1164 2608 1195 2665 in
1213 2610 1307 2666 missa
1323 2611 1427 2684 paulu-

279 2699 341 2756 lum
354 2706 499 2766 morante,
512 2696 612 2754 infans
624 2706 760 2754 mortuus
774 2706 830 2754 est.
867 2695 1037 2770 Episcopus
1049 2705 1158 2768 autem,
1171 2713 1294 2754 omnem
1308 2699 1426 2772 culpam

279 2785 336 2844 sibi
355 2785 515 2859 imputans,
535 2784 618 2842 ciues
636 2783 823 2857 patriamque
845 2785 1027 2858 relinquens,
1045 2783 1146 2842 claues
1166 2783 1360 2857 reliquiarum
1382 2804 1428 2842 ec·

236 2903 266 2954 ²5
282 2875 393 2932 clesie‘
406 2873 579 2946 ignoranter
597 2888 699 2928 secum
717 2872 839 2942 detulit,
859 2881 890 2928 et
907 2872 1033 2930 veniens
1052 2872 1089 2928 ad
1108 2887 1201 2943 mare,
1219 2873 1363 2931 transitus
1383 2874 1427 2931 sui

281 2963 362 3019 diem
382 2961 412 3018 in
431 2959 530 3034 lapide
549 2959 690 3016 exarauit.
726 2959 864 3016 Ascensa
882 2961 960 3028 naui,
978 2959 1141 3032 instigante
1161 2959 1285 3016 humani
1306 2961 1428 3034 genen's

279 3050 399 3107 inimico
419 3048 519 3106 claues
538 3047 730 3120 reliquiarum
750 3055 875 3120 repente
888 3047 926 3104 de
940 3047 1078 3104 manibus
1094 3047 1159 3104 eius
1177 3045 1279 3119 elapse
1295 3048 1327 3104 in
1347 3067 1428 3106 mare

282 3138 441 3196 submerse
463 3143 541 3192 sunt.
577 3134 662 3191 Tunc
685 3133 847 3207 episcopus
871 3151 940 3191 cum
961 3132 1113 3192 lachrimis
1138 3133 1306 3193 exclamare
1331 3137 1426 3210 cepit:

281 3225 365 3282 ‘Nisi
378 3224 433 3280 has
446 3224 547 3280 claues
557 3219 661 3279 videre
673 3239 821 3291 meruero,
829 3221 955 3295 patriam
969 3230 998 3279 et
1010 3222 1116 3279 vrbem
1129 3238 1283 3294 nunquam
1293 3235 1428 3297 repetam

236 3336 269 3387 30
283 3329 374 3386 quam
393 3309 519 3384 effugio!
556 3308 697 3366 Transito
716 3309 799 3378 mari,
813 3319 985 3383 mutatoque
1003 3308 1114 3380 habitu,
1126 3309 1177 3366 vni
1197 3309 1329 3382 regionis
1348 3313 1429 3386 prin·

283 3400 383 3472 cipum
406 3397 436 3454 in
462 3396 627 3454 ministerio
652 3397 799 3454 hortolani
823 3397 965 3467 seruiuit;
992 3405 1023 3454 et
1044 3405 1157 3454 tantam
1179 3397 1296 3469 copiam
1314 3400 1429 3458 olerum

282 3485 422 3544 dominus
440 3484 482 3541 illi
501 3483 597 3555 dabat,
611 3493 642 3541 vt
661 3484 802 3541 omnibus
819 3484 1022 3558 indigentibus
1039 3484 1105 3541 sine
1118 3482 1236 3541 defectu
1249 3485 1429 3545 sufficerent.

282 3574 373 3632 Ciues
389 3571 508 3629 interim
521 3573 749 3646 andegauenses
764 3573 878 3630 crebris
890 3571 1054 3629 visionibus
1071 3571 1273 3629 admonentur
1284 3583 1316 3630 vt
1329 3587 1430 3649 pastor

282 3662 513 3734 circumquaque
539 3659 700 3732 requisitus
725 3659 851 3717 ecclesie
879 3677 934 3717 sue
958 3659 1143 3730 redderetur,
1168 3659 1299 3734 alioquin
1325 3665 1429 3722 vrbem

237 3771 268 3824 35
282 3750 408 3808 celerius
422 3747 486 3805 sore
499 3747 732 3805 subuertendam
746 3757 961 3820 cognoscerent
969 3745 987 3802 ⁵.
1026 3745 1128 3804 Missis
1146 3764 1219 3821 ergo
1237 3765 1294 3821 per
1311 3763 1429 3824 septen·

282 3839 367 3896 nium
385 3835 511 3904 nunciis,
523 3834 645 3892 tandem
664 3836 695 3891 in
715 3835 813 3892 littore
832 3835 923 3892 mam's
941 3834 1099 3892 britannici
1117 3833 1261 3908 scriptum
1280 3837 1311 3893 in
1332 3837 1428 3911 lapide

282 3913 423 3984 viderunt
451 3923 527 3982 ‘Hic
551 3921 668 3979 transiit
694 3921 868 3994 Maurelius,
889 3921 1109 3996 andegauensis
1134 3922 1314 3995 episcopus!
1367 3925 1428 3982 Leti

284 4011 420 4088 [igitur]⁸
439 4011 586 4068 intrantes
608 4026 717 4066 nauem
737 4020 768 4066 et
790 4027 873 4067 mare
895 4011 1055 4080 sulcantes,
1074 4011 1190 4083 piscem
1212 4009 1376 4069 immanem
1399 4016 1427 4070 in

284 4117 393 4160 nauem
411 4098 618 4174 prosilientem
637 4106 782 4156 cernunt:
806 4105 991 4166 exenterant,
1005 4106 1035 4154 et
1053 4096 1163 4169 claues,
1176 4115 1251 4171 quas
1269 4100 1427 4175 episcopus

318 4274 373 4324 ¹13.
386 4275 513 4324 obaeratis
525 4280 558 4323 et
652 4271 707 4324 ¹E.
722 4273 950 4336 hamburgentium.
1048 4271 1116 4320 'Ex
1127 4271 1202 4323 Vinc.
1215 4270 1280 4323 Bell.
1293 4273 1424 4336 xvnaa

287 4341 297 4371 ⁴
314 4341 343 4390 E.
356 4340 519 4402 reliquiarum
532 4339 642 4390 ecclesie
653 4339 746 4390 claues.
813 4341 823 4371 ⁸
841 4353 891 4390 ont.
903 4339 930 4387 in
941 4337 1000 4390 VB.
1063 4335 1073 4366 ⁸
1089 4338 1118 4387 T.
1130 4338 1222 4402 igitur;
1240 4338 1269 4389 E.
1282 4353 1355 4403 ergo.
