3052 4896
431 295 506 390 bc
529 293 693 385 &mitto
717 295 934 387 tabaco.
1183 320 1255 394 5²9

103 497 240 573 episcopi
266 498 474 556 wintoniensis
503 497 732 556 familiaritatem
760 497 847 554 bonis
874 497 1013 554 omnibus
1044 498 1191 572 priuatam
1222 498 1253 555 in

103 586 287 643 monasterio
307 587 345 645 de
365 585 568 644 Wherewelle
588 585 722 652 detrusit,
740 594 771 643 et
791 585 966 660 episcopum
986 585 1140 644 Alwinum
1158 586 1255 644 incar·

102 673 224 731 cersuit.
263 674 371 746 limma
391 675 513 732 demum
533 675 630 730 laxius
650 674 806 744 custodita,
828 673 980 747 episcopis
1001 674 1032 731 in
1054 674 1162 748 quibus
1184 691 1254 731 con-

102 762 217 818 fidebat
233 761 353 836 scripsit
370 779 403 819 se
419 762 490 818 sarri
508 761 664 818 candentis
681 761 821 818 examine
839 770 975 834 paratam
990 763 1119 836 probare
1137 761 1254 835 episco-

102 866 178 923 pum
192 849 301 906 iniuste
313 849 377 907 lore
389 849 581 907 diffamatum.
620 849 740 906 Prelixo
752 858 852 907 autem
865 849 1050 923 purgationis
1063 851 1128 907 die:
1146 851 1255 906 mulier
1268 866 1282 918 ⁵

103 945 192 994 nocte
220 940 401 1011 precedente
425 939 464 994 ad
488 937 682 1009 sepulclnum
711 937 806 994 sandi
832 937 982 994 Swithuni
1006 954 1161 1011 peroranS,
1186 955 1254 994 con-

103 1025 276 1094 fortabatur,
300 1025 349 1082 die
367 1043 439 1082 vero
467 1024 604 1098 sequenti
631 1024 741 1098 ignitos
756 1041 895 1082 vomeres
919 1025 960 1080 nil
985 1026 1049 1082 lesa
1074 1025 1254 1098 pertransiit.

102 1113 191 1169 Tunc
221 1130 276 1170 rex
305 1113 507 1187 ingemiscens
534 1121 565 1170 et
587 1113 706 1171 veniam
732 1121 849 1186 petens,
874 1114 912 1170 ab
936 1113 1080 1186 episcopo
1104 1121 1135 1170 et
1159 1121 1254 1170 matre

103 1199 278 1274 disciplinas
295 1201 416 1274 recepit,
432 1210 461 1258 et
476 1201 573 1258 ablata
588 1200 646 1257 illis
661 1199 797 1258 restituit.
836 1199 953 1274 Regina
964 1218 1037 1258 vero
1054 1201 1136 1258 dedit
1151 1209 1255 1258 sancto

103 1287 288 1361 Swit[h]uno
306 1305 415 1346 nouem
434 1289 576 1358 maneria,
592 1297 719 1362 propter
735 1305 846 1345 nouem
864 1305 1004 1346 vomeres
1023 1305 1099 1362 quos
1119 1298 1254 1362 pertran-
1269 1305 1301 1344 io

103 1375 182 1434 siuit
254 1364 334 1433 ¹Illo
357 1377 447 1433 etiam
471 1385 606 1449 tempore
629 1393 708 1450 papa
733 1375 915 1434 Benedictus
938 1384 1008 1450 post
1032 1375 1144 1433 obitum
1165 1393 1254 1433 suum

103 1463 135 1520 in
163 1463 263 1536 specie
288 1464 469 1521 monstruosi
495 1463 641 1535 animalis,
665 1463 749 1520 cuius
773 1481 863 1520 aures
887 1472 918 1521 et
943 1465 1038 1521 cauda
1061 1465 1137 1521 asini
1162 1473 1254 1535 erant,

103 1560 205 1607 cetera
228 1551 298 1619 vrsi,
321 1551 437 1609 cuidam
457 1551 539 1608 iuxta
560 1549 784 1609 Mediolanum¹
803 1551 949 1624 apparuit.
993 1551 1129 1625 Cumque
1153 1551 1254 1624 lugam

104 1638 192 1695 iniret
209 1638 256 1696 vir
273 1639 322 1696 ille
340 1656 558 1712 expauesccns,
577 1649 744 1696 monstrum
763 1639 835 1696 illud
854 1639 1024 1696 exclamare
1045 1639 1143 1712 cepit:
1169 1639 1255 1697 ‘Noli

103 1727 219 1795 timere,
241 1728 311 1800 quia
335 1728 425 1784 homo
446 1727 489 1784 lui
513 1727 589 1785 sicut
609 1736 642 1783 tu
667 1745 720 1798 es;
748 1735 795 1784 set
817 1727 886 1800 quia
911 1726 1075 1784 bestialiter
1095 1726 1165 1796 vixi,
1186 1735 1255 1800 post
1270 1746 1299 1796 15

104 1821 232 1871 mortem
256 1815 352 1872 bestie
376 1814 508 1887 speciem
534 1814 671 1888 preferre
696 1814 809 1872 merui!
857 1813 894 1870 Et
919 1815 984 1871 ille:
1016 1814 1108 1884 ‘Quis
1132 1831 1167 1871 es
1190 1816 1254 1871 tut'

104 1900 196 1974 ‘Ego
217 1903 266 1970 ait,
287 1901 355 1959 ille⁸
373 1903 437 1959 solo
458 1902 579 1960 nomine
600 1902 782 1962 Benedictus
803 1901 854 1972 lui,
872 1901 924 1976 qui
946 1919 1042 1975 nuper
1062 1901 1254 1975 apostolicam

104 1990 211 2046 sedem
238 1989 379 2063 indignus
407 1990 536 2059 obtinui;
567 2007 663 2063 vsque
687 1991 725 2046 ad
754 1989 833 2047 diem
858 1989 957 2048 iudicii
985 2007 1041 2063 per
1069 1991 1195 2046 dumosa
1225 1999 1255 2046 et

104 2077 271 2150 squalentia
291 2087 322 2135 et
343 2077 505 2150 sulphurea
529 2077 593 2134 loca
614 2087 644 2136 et
664 2076 756 2134 letida
781 2086 811 2134 et
835 2078 988 2134 bullientia
1013 2077 1113 2150 rapior
1133 2085 1163 2134 ct
1184 2095 1255 2150 pro·

103 2164 207 2221 trahor
217 2165 237 2234 ⁴,
257 2173 325 2238 post
353 2174 522 2222 extremum
546 2182 618 2222 vero
643 2164 783 2222 iudicium
809 2183 918 2238 corpus
943 2183 1043 2222 meum
1068 2174 1098 2221 et
1122 2164 1253 2221 animam
1269 2187 1301 2222 so

104 2251 195 2308 simul
209 2251 444 2310 irremediabiles
459 2252 608 2310 cruciatus
624 2261 654 2310 et
668 2251 872 2309 irreuocabilis
890 2253 949 2309 olla
966 2251 1133 2309 iehennalis
1145 2251 1255 2318 baratri

104 2340 277 2413 deglutient,
297 2349 329 2397 vt
351 2340 431 2397 nulla
456 2339 528 2398 mihi
554 2358 625 2414 spes
646 2339 761 2414 requiei
783 2340 814 2397 in
836 2350 976 2398 eternum
998 2341 1108 2398 restet’
1147 2339 1255 2397 Fuerat

102 2428 186 2485 enim
213 2427 244 2485 in
273 2429 445 2502 pontificatu
473 2445 597 2502 semper
623 2429 740 2486 luxurie
767 2429 894 2500 deditus,
919 2429 1046 2501 ideoque
1070 2429 1109 2485 ab
1132 2428 1255 2485 auribus

103 2515 181 2573 asini
204 2515 234 2572 in
254 2517 378 2573 caudam
400 2516 575 2586 desinebat;
601 2525 631 2574 et
650 2517 720 2588 quia
736 2517 827 2573 vitam
848 2517 998 2574 carnalem
1022 2533 1143 2589 semper
1170 2515 1255 2572 duxit

103 2612 205 2660 cetera
224 2603 314 2677 igitur
334 2621 423 2660 vrsus
444 2603 559 2661 erant⁸.
631 2591 719 2660 ‘Illis
743 2604 867 2678 insuper
891 2603 995 2662 diebus
1020 2603 1256 2674 Hildebrandus,
1269 2623 1299 2673 ²⁵

104 2701 211 2764 postea
232 2709 312 2766 papa
330 2691 500 2766 Gregorius,
522 2692 673 2766 quondam
695 2691 777 2765 prior
797 2693 997 2750 cluniacensis
1019 2701 1048 2749 et
1070 2700 1138 2765 post
1158 2691 1255 2750 archi·

103 2779 248 2836 diaconus
266 2779 372 2848 Rome,
384 2797 452 2837 cum
465 2780 612 2852 equitaret
624 2797 691 2836 curn
705 2781 797 2836 multa
816 2781 912 2850 turba,
925 2780 1017 2836 abbas
1034 2778 1126 2853 Hugo
1142 2779 1254 2836 clunia·

104 2865 205 2923 censis
226 2866 326 2940 ipsum
350 2884 482 2940 sequens
504 2867 532 2923 in
559 2867 660 2924 animo
684 2867 814 2940 cogitare
840 2867 919 2941 cepit
942 2868 1024 2924 vnde
1048 2876 1130 2924 esset
1153 2876 1254 2924 tantus

104 2953 202 3011 honor
221 2954 408 3013 homuncioni
425 2955 511 3012 exilis
526 2963 647 3024 stature,
660 2954 850 3028 despicabilis
867 2954 1039 3028 parentele:
1059 2953 1255 3027 proculdubio

103 3041 162 3098 hoc
187 3041 215 3098 ei
239 3060 278 3099 ex
304 3042 445 3117 superbia
469 3043 612 3101 accidere.
650 3041 723 3099 Mox
748 3041 972 3100 archidiaconus
996 3040 1110 3097 reflexo
1135 3059 1212 3114 equo
1236 3057 1299 3108 a3o

102 3129 193 3203 longe
205 3131 339 3188 clamans
352 3130 405 3189 ait:
426 3131 487 3188 ‘Tu
501 3131 578 3188 male
592 3129 739 3204 cogitasti:
759 3148 818 3186 non
833 3129 913 3186 enim
927 3128 1017 3185 michi
1030 3128 1107 3185 hanc
1120 3129 1254 3202 gloriam,

104 3217 133 3274 si
145 3217 237 3290 gloria
253 3218 310 3274 dici
326 3228 425 3292 potest
442 3236 501 3292 que
518 3219 576 3275 cito
592 3219 706 3287 transit,
719 3218 767 3275 vel
785 3217 900 3291 imputo
912 3217 960 3273 vel
976 3217 1013 3272 ab
1030 3215 1095 3272 aliis
1114 3216 1254 3289 imputari

104 3306 183 3375 volo,
203 3315 248 3362 set
266 3307 362 3364 beatis
379 3307 533 3379 apostolis,
548 3324 675 3380 quorum
694 3304 858 3380 preuilegio
876 3304 948 3361 mihi
966 3304 1141 3361 exhibetur?
1180 3304 1254 3361 Eru-

104 3393 234 3450 bescens
258 3394 359 3462 abbas,
384 3396 534 3467 quomodo
559 3394 718 3468 cogitatum
743 3410 830 3451 suum
856 3393 989 3450 uouisset
1014 3391 1152 3466 quesiuit.
1189 3393 1254 3450 ‘Ab

104 3498 167 3550 ore,
180 3481 284 3554 inquit,
296 3490 347 3538 tuo
364 3481 448 3555 quasi
464 3500 520 3556 per
533 3482 646 3540 fistulas
660 3483 699 3538 ad
714 3499 803 3539 aures
817 3498 901 3538 meas
916 3482 1061 3538 deductus
1078 3483 1139 3538 est!
1177 3481 1253 3540 Cum
1267 3499 1298 3548 35

105 3577 207 3626 autem
226 3570 333 3626 iterum
352 3569 460 3627 iunctis
479 3569 622 3628 lateribus
643 3570 673 3626 in
696 3568 822 3627 ecclesia
837 3569 979 3643 prostrati
997 3567 1108 3626 diutius
1126 3577 1255 3640 orarent,

104 3657 240 3730 respexit
264 3657 489 3714 archidiaconus
511 3659 650 3716 abbatem
676 3658 847 3715 turbulento
867 3658 961 3727 vultu,
983 3656 1104 3714 dicens:
1133 3656 1183 3714 ‘Si
1204 3674 1254 3714 me

104 3761 208 3802 amare
228 3743 283 3815 vis,
305 3762 344 3801 ne
365 3745 489 3803 vlterius
513 3746 569 3802 hac
590 3763 639 3802 me
663 3745 770 3802 iniuria
791 3762 957 3819 expugnes.
1001 3743 1149 3801 Dominus
1172 3744 1254 3801 enim

104 3849 193 3889 meus
213 3830 320 3890 Ibesus
333 3831 470 3890 Christus
488 3833 737 3906 postulationibus
754 3833 831 3890 meis
849 3832 1005 3891 visibiliter
1019 3833 1141 3902 astabat,
1158 3831 1254 3889 inten-

104 3921 184 3976 dens
205 3917 300 3989 dictis,
318 3930 348 3977 et
370 3921 486 3979 serenis
506 3921 614 3978 fauens
632 3920 734 3992 oculis,
753 3929 800 3978 set
818 3919 960 3978 orationis
980 3929 1031 3977 tue
1048 3918 1187 3977 violentia
1204 3937 1254 3978 me
1267 3942 1300 3992 40

103 4007 246 4077 deseruit,
265 4009 302 4064 ad
320 4017 350 4065 te
370 4025 544 4068 conuersus.
581 4009 657 4066 Puto
678 4026 747 4068 esse
769 4026 866 4082 genus
886 4007 1001 4078 iniurie,
1019 4008 1116 4066 amico
1137 4008 1254 4081 eripere

103 4103 258 4154 auctorem
289 4096 393 4154 salutis
420 4100 491 4154 sue’
540 4096 599 4154 Hic
630 4097 728 4164 etiam,
753 4097 825 4153 dum
852 4095 1011 4153 cardinalis
1037 4104 1128 4165 esset,
1152 4105 1256 4153 contra

103 4183 238 4257 prelatos
255 4183 444 4256 symoniacos
459 4184 489 4241 in
510 4184 635 4242 Francia
652 4185 761 4241 acriter
778 4183 932 4258 processit
968 4183 1055 4240 Vnus
1072 4191 1174 4242 tamen
1192 4185 1254 4258 epi-

139 4323 204 4372 'Ex
215 4323 288 4374 Vioc.
303 4323 366 4374 Bell.
380 4324 462 4374 XXV.
476 4339 514 4376 21.
615 4324 889 4374 ’VB.molendinum.
989 4321 1109 4375 ⁸E.illo.
1198 4323 1254 4373 ‘E.

105 4391 250 4453 pretrabor,
262 4390 291 4438 T.
305 4391 448 4453 pertrahor.
514 4391 594 4440 11ΙΒ.
606 4405 653 4453 per
664 4398 712 4439 cet.
721 4406 744 4439 v.
757 4397 819 4440 erat.
886 4389 954 4439 ‘Ex
964 4389 1037 4438 Vinc.
1047 4389 1112 4438 Bell.
1121 4388 1205 4440 XXV.
1214 4406 1255 4452 44.

142 4483 207 4522 vot..
221 4483 250 4522 11.
648 4484 670 4523 tl
684 4485 714 4524 ln
