3062 4888
300 241 373 329 546
718 231 924 336 metuit
951 236 1001 312 ΙΙ.

295 435 428 506 euomuit,
446 449 474 493 et
488 438 516 492 in
535 437 681 508 presencia
697 437 771 509 regis
787 439 999 494 contestabatur
1013 455 1078 494 eum
1094 437 1240 507 indignum
1255 455 1319 494 esse
1335 439 1464 507 regales

296 522 460 592 dispensare
473 521 591 577 diuicias
602 531 630 578 et
643 531 720 578 tante
731 522 819 592 glorie
831 539 935 578 nomen
947 531 975 578 et
988 521 1101 578 laudem
1113 521 1246 592 optinere
1282 521 1411 578 Addidit
1427 533 1462 577 et

296 605 418 676 quedam
445 621 499 676 que
527 615 643 676 propter
669 605 786 661 fetorem
814 605 973 674 verborum,
1001 621 1038 660 ne
1069 623 1151 660 aures
1178 605 1281 672 fedent,
1308 603 1459 660 silencio¹

296 689 479 758 pretermitto.
514 691 553 744 At
571 697 685 744 unctus
696 689 845 756 Aelredus,
858 689 918 744 solo
934 687 1015 744 faciei
1035 689 1144 755 mbore,
1158 705 1215 744 non
1232 705 1283 744 sua
1297 699 1341 746 set
1357 689 1461 744 male-

268 771 415 840 gdicentis
439 771 602 828 confusione
626 772 766 838 confusus,
786 789 843 828 non
865 773 1002 828 calculum
1025 773 1095 828 dure
1119 771 1308 843 responsionis
1327 771 1356 826 in
1383 789 1459 826 eum

296 855 421 926 proiecit,
437 866 480 912 set
498 855 726 912 mansuetissima
743 855 888 912 locucione
907 856 1050 926 pacienter
1068 855 1228 926 respondit:
1255 856 1352 910 ‘Bene
1377 855 1459 910 dicis

296 955 315 994 ο
332 939 424 1008 miles,
436 939 543 1010 optime
562 938 667 1010 [dicis]‚
676 949 705 995 et
717 957 784 996 vera
801 949 866 996 sunt
884 957 940 1010 que
957 939 1086 1011 loqueris,
1098 957 1165 996 nam
1183 939 1365 996 mendacium
1386 939 1458 994 odis

295 1033 324 1078 et
336 1039 383 1078 me
395 1023 498 1093 diligis,
509 1033 539 1079 vt
554 1022 648 1078 credo.
685 1025 723 1078 Et
737 1022 812 1094 quod
828 1032 959 1094 peccator
971 1040 1033 1078 sum
1046 1033 1075 1078 et
1090 1022 1230 1092 indignus,
1242 1033 1271 1078 et
1282 1022 1361 1093 quod
1375 1023 1457 1076 mul·

295 1116 355 1162 tnm
374 1107 538 1178 deliquerim
556 1115 655 1163 contra
669 1123 763 1175 regem
777 1107 910 1174 celorum,
923 1116 965 1162 set
977 1123 1034 1162 non
1047 1117 1144 1162 contra
1157 1123 1253 1176 regem
1272 1105 1316 1162 cui
1334 1116 1457 1176 ternpo-

252 1189 390 1245 ruraliter
409 1189 508 1256 seruio,
521 1207 574 1260 ego
586 1190 669 1246 valde
685 1189 767 1244 noui!
812 1189 882 1259 Quis
899 1199 994 1245 autem
1012 1189 1122 1244 illomm
1141 1206 1211 1260 quos
1229 1189 1324 1259 viginti
1343 1189 1394 1244 vel
1415 1191 1456 1244 xl.

295 1273 377 1328 annis
389 1273 545 1328 claustralis
557 1273 684 1328 mstodia
701 1272 846 1344 paciencia
861 1271 996 1339 instruxit,
1010 1283 1068 1328 tam
1085 1273 1214 1342 benigne,
1227 1284 1286 1328 tam
1301 1272 1458 1328 humiliter

294 1356 371 1412 socio
382 1373 443 1423 suo,
456 1355 480 1412 ai
492 1357 530 1411 ab
542 1373 577 1410 eo
589 1356 690 1426 corripi
704 1356 885 1425 omitingeret,
895 1357 1095 1427 responderet?
1134 1357 1242 1426 legant
1254 1357 1329 1412 bunc
1341 1356 1456 1421 locum,

294 1447 324 1493 vt
347 1439 437 1494 sciant
458 1437 549 1510 qualis
571 1440 624 1494 hec
646 1440 732 1494 arbor
749 1439 869 1495 extiterit
890 1439 919 1494 in
941 1439 1032 1510 prima
1051 1439 1238 1510 plantatione,
1256 1455 1311 1510 que
1332 1449 1456 1494 tantum

294 1531 392 1592 postea
409 1522 530 1578 fructum
547 1523 614 1578 fecit
632 1522 661 1578 in
679 1522 934 1578 consummacione
973 1524 1010 1578 Et
1029 1523 1149 1578 necdum
1166 1523 1279 1593 quidem
1291 1537 1454 1578 conuersa-

250 1621 280 1674 ¹⁵
294 1605 377 1660 batur
396 1605 427 1660 in
448 1605 606 1673 solitudine,
628 1616 670 1660 set
695 1605 723 1660 in
746 1605 860 1676 Egipto,
880 1605 926 1660 vbi
946 1623 1080 1674 murmur,
1099 1623 1155 1660 non
1176 1605 1333 1676 graciarum
1356 1605 1454 1670 accio,

292 1688 383 1744 audiri
405 1689 566 1758 consueuit;
593 1705 650 1744 non
672 1707 726 1744 vox
748 1689 872 1758 turturis,
895 1699 938 1746 set
962 1688 1138 1760 serpencium
1163 1688 1311 1760 perstrepit
1335 1687 1453 1744 sibilus.

293 1771 316 1830 tl
330 1773 377 1828 Ob
389 1773 463 1828 banc
475 1789 598 1839 caumm,
611 1773 736 1844 aliasque
748 1773 881 1828 virtmum
895 1773 1056 1844 probitates,
1064 1790 1082 1827 a
1092 1773 1207 1828 domino
1219 1788 1342 1842 suorege
1350 1772 1452 1828 arcius

292 1859 448 1924 emebatur,
461 1856 490 1911 in
508 1867 618 1912 tantum
633 1867 663 1912 vt
677 1873 742 1913 eum
758 1857 817 1912 suis
832 1857 954 1912 consiliis
970 1868 999 1912 et
1013 1856 1138 1926 negociis
1155 1856 1355 1928 preordinaret.
1394 1857 1450 1911 Set

292 1956 356 1994 cum
376 1940 432 1995 iam
448 1941 519 1996 deus
535 1942 617 1996 vellet
635 1957 700 1996 eum
719 1941 757 1996 ed
775 1939 923 1996 utilitatem
943 1951 972 1996 et
990 1939 1215 1996 consolationem
1236 1940 1398 2004 multorum,
1418 1951 1449 1995 et

249 2039 281 2076 ao
293 2023 433 2094 propriam
455 2023 577 2094 quietem
596 2035 624 2079 et
645 2023 910 2092 sanctificacionem,
932 2025 985 2080 sibi
1006 2023 1098 2079 arcius
1122 2023 1271 2094 applicare,
1293 2021 1447 2092 inspirauit

292 2107 318 2162 ei
337 2107 469 2179 quatinus
485 2107 612 2177 religioni
625 2125 655 2163 se
667 2108 799 2163 traderet.
837 2109 871 2162 ln
889 2117 984 2178 partes
1002 2106 1086 2176 igitur
1105 2107 1228 2162 Eboraci
1247 2106 1372 2162 ciuitatis
1393 2124 1446 2177 pro

291 2193 415 2262 quodam
431 2191 549 2260 negocio
566 2191 720 2246 deueniens
731 2191 770 2246 ad
781 2190 1025 2262 archiepiscopum
1041 2189 1169 2246 eiusdem
1181 2189 1322 2245 diocesis:
1341 2189 1444 2245 didicit

291 2274 449 2345 aquodam
467 2273 519 2330 sibi
538 2274 677 2340 familiari,
695 2275 833 2346 quosdam
853 2275 1008 2330 monachos
1028 2273 1116 2330 ferme
1135 2283 1202 2329 ante
1220 2289 1312 2329 annos
1330 2283 1389 2329 tres
1408 2291 1443 2328 ex

290 2357 485 2413 transmarinis
508 2357 635 2428 partibus
656 2357 767 2415 venisse
791 2357 820 2414 in
844 2357 986 2428 Ang1iam,
1010 2357 1143 2428 religione
1167 2356 1281 2427 quidem
1306 2355 1441 2426 insignes,

248 2455 278 2504 ²5
291 2441 392 2495 vestitu
404 2441 495 2496 eciam
506 2441 587 2496 albos
596 2451 624 2497 et
633 2441 811 2497 nomine-et
823 2439 941 2512 adshuc]
955 2442 1009 2497 hoc
1021 2457 1110 2511 genus
1124 2441 1163 2496 ita
1171 2451 1285 2496 vocatur
1296 2451 1325 2495 et
1337 2441 1442 2510 tegitur

291 2522 347 2590 ita;
367 2522 441 2578 vnde
458 2523 541 2579 simul
559 2525 729 2594 congregati,
742 2526 838 2581 colunt
857 2535 1059 2596 paupertatem,
1071 2541 1129 2580 non
1142 2541 1226 2594 quam
1239 2523 1312 2593 parit
1324 2525 1439 2594 penuria

290 2606 494 2676 necligencium
522 2617 551 2662 et
584 2609 759 2678 torpencium
787 2608 889 2674 ocium,
920 2619 963 2664 set
990 2625 1075 2678 quam
1102 2608 1259 2663 voluntaria
1284 2607 1438 2662 necessitas

290 2688 476 2758 administrat,
493 2701 521 2747 et
540 2690 605 2746 fidei
625 2701 764 2747 sustentat
781 2691 936 2762 integritas,
953 2701 981 2747 et
1001 2690 1098 2747 diuina
1115 2691 1296 2748 commendat
1314 2691 1436 2747 dilectio

293 2776 325 2829 ln
346 2773 411 2830 cibo
429 2783 458 2830 et
479 2783 554 2844 potu,
576 2775 605 2830 in
627 2785 691 2831 actu
714 2785 742 2831 et
766 2775 876 2842 affectu,
898 2775 927 2830 in
951 2791 1043 2830 rerum
1067 2774 1266 2831 habundancia
1287 2791 1437 2846 earumque

247 2867 279 2916 30
292 2857 451 2928 indigentia
480 2857 617 2930 equaliter
646 2869 790 2914 currentes
815 2858 887 2914 inter
909 2859 1033 2914 dextram
1064 2859 1212 2928 leuemque
1234 2875 1302 2914 usus
1327 2859 1435 2928 ydonei,

291 2957 402 3011 temper
426 2939 590 2996 uniformem
614 2941 795 2998 discrecionis
818 2941 988 3012 pretendunt
1012 2941 1143 3012 speciem,
1167 2951 1277 2996 tantm
1300 2951 1329 2996 et
1353 2944 1434 2998 talem

291 3035 435 3080 sumentes
459 3024 487 3079 in
512 3023 565 3079 biis
590 3024 722 3079 omnibus
742 3025 799 3080 vite
822 3024 1042 3094 vegetacionem,
1067 3041 1123 3095 qua
1147 3026 1229 3095 patilo
1253 3025 1347 3080 minus
1370 3025 1434 3080 satis

291 3108 417 3178 corporis
429 3117 540 3162 curetur
552 3107 714 3173 necessitas,
727 3108 873 3178 cultusque
885 3107 997 3163 diuinus
1009 3125 1066 3163 non
1078 3117 1213 3177 tepescat
1240 3111 1266 3163 N
1270 3109 1337 3164 icbil
1349 3108 1433 3179 possi·

291 3191 358 3246 dent
374 3191 535 3261 proprium;
557 3201 651 3262 preter
668 3191 753 3261 quod,
766 3190 849 3246 simul
867 3207 925 3246 non
945 3191 1104 3262 loquuntur,
1122 3208 1176 3247 nec
1194 3191 1308 3263 propria
1325 3191 1433 3264 quidem

246 3285 277 3335 35
290 3273 354 3345 quis
366 3274 526 3342 aggreditur
537 3275 686 3340 voluntate,
698 3275 736 3329 ad
748 3285 846 3330 nutum
858 3274 957 3344 prelati
970 3274 1100 3342 excitata,
1112 3291 1167 3346 que
1178 3285 1321 3345 geruntur.
1346 3275 1431 3331 Simili

289 3355 362 3412 exitu
372 3356 522 3411 flectuntur
533 3357 571 3412 ad
583 3358 724 3429 quelibet3
737 3357 854 3428 pusillus
866 3368 894 3412 et
908 3375 1034 3426 magnus,
1046 3375 1117 3428 puer
1128 3367 1157 3414 et
1170 3375 1262 3426 senex,
1275 3359 1395 3428 prudens
1406 3369 1432 3413 et
1484 3359 1485 3369 ’

289 3439 386 3509 ydiota
398 3457 454 3494 vna
467 3439 529 3510 lege
541 3449 677 3496 tenentur.
712 3443 759 3498 nd
772 3441 960 3508 mensamad
973 3441 1190 3511 processionem,
1203 3442 1430 3508 communionem,
1482 3423 1484 3515 J

289 3537 427 3593 usumque
451 3523 582 3578 ordinum
606 3536 761 3580 ceterorum
785 3524 932 3595 parilitas'
955 3525 1072 3594 singulis
1093 3542 1178 3580 vnum
1203 3523 1275 3595 pan‘t
1299 3527 1430 3596 ydempti·
1481 3575 1482 3589 ,

289 3615 377 3662 tatem
399 3606 547 3678 ipsamque
571 3608 700 3663 omnibus
719 3607 848 3676 similem,
868 3624 922 3662 nec
940 3617 983 3663 est
1001 3625 1069 3678 erga
1091 3607 1244 3680 quemlibet
1261 3610 1429 3678 exceptionis
1480 3653 1481 3662 ,

244 3703 278 3754 ao
289 3689 424 3746 indicium
450 3691 659 3761 preponderans
684 3691 845 3762 equitatem,
864 3691 919 3748 nisi
943 3709 1026 3762 quem
1045 3692 1136 3747 maior
1159 3692 1294 3748 sanctitas
1317 3694 1429 3762 potuerit
1479 3719 1480 3735 κ

290 3773 444 3842 anteferre;
464 3775 524 3829 sola
539 3775 593 3828 bec
607 3773 756 3830 distinccio
771 3774 927 3844 digniorem
941 3777 1079 3846 approbat
1096 3791 1181 3846 quem
1199 3775 1308 3831 nouerit
1321 3776 1428 3831 demon·
1478 3791 1479 3809 ¹

290 3867 379 3913 strare
397 3857 550 3913 meliorem.
588 3859 701 3928 Quanto
719 3856 782 3928 quis
800 3857 938 3924 humilior,
956 3869 1036 3914 tanto
1054 3859 1143 3914 maior
1159 3867 1202 3914 est
1220 3857 1293 3912 inter
1308 3858 1381 3926 illos;
1401 3871 1426 3915 et
1477 3839 1478 3883 ¹

290 3951 397 4012 quanto
415 3941 555 3996 abiectior
568 3941 650 3996 fuerit
665 3943 818 3996 secundum
835 3941 975 4013 propriam
990 3940 1208 4008 estimationem,
1225 3951 1304 3996 tanto
1318 3941 1426 3998 aliorum

290 4024 404 4080 arbitrio
420 4024 482 4095 plus
497 4025 628 4094 placebit.
666 4025 717 4080 Isti
733 4025 823 4081 sancti
838 4025 966 4080 homines
985 4025 1013 4080 in
1029 4025 1119 4080 solum
1135 4024 1278 4095 anglicum
1298 4042 1331 4080 ex
1345 4035 1424 4080 unns
1474 4069 1475 4101 ,

244 4123 276 4174 45
291 4107 399 4162 marine
414 4109 556 4178 religionis
573 4110 694 4178 palestra
705 4125 838 4180 prospere
854 4109 1048 4175 aduentantes,
1064 4108 1141 4164 iuxta
1158 4109 1328 4177 Helinesley,
1340 4109 1423 4164 villam
1473 4131 1474 4175 l

289 4190 420 4246 aduocati
447 4191 490 4246 sui
516 4191 567 4246 viri
592 4191 770 4248 illustrissimi
800 4201 829 4250 et
857 4209 892 4247 ex
919 4191 1018 4263 primis
1041 4208 1189 4262 procerum
1213 4191 1287 4262 regis
1318 4191 1422 4248 lienrici

484 4302 493 4332 ¹
513 4303 567 4354 MS.
579 4304 713 4356 silentium.
978 4302 987 4332 ¹
1004 4303 1057 4354 MS.
1069 4303 1240 4369 personalitas
