3064 4888
124 342 145 378 1.
157 311 322 388 Tarne]
464 311 538 406 Dc
562 311 728 402 &anua
754 311 925 405 ursulo.
1195 341 1265 410 491

121 513 312 584 occurrisset,
333 511 451 586 cognita
471 512 613 587 illa[rum]
635 513 751 572 itineris
773 532 863 572 causa
884 516 1002 574 iunctus
1020 526 1066 574 est
1087 515 1140 588 eis,
1159 517 1272 590 pariter

122 601 269 657 cumillis
290 601 494 676 proficiscens.
532 602 567 657 In
586 605 693 660 codem
716 620 789 661 sane
807 603 955 677 virginum
975 604 1100 677 collegio
1121 605 1169 662 hic
1191 607 1271 662 idem

122 687 286 762 episcopus
310 706 445 746 sororem
473 690 576 746 suam¹
598 689 731 764 repperit
759 699 893 748 sanctam
922 691 1077 749 Elizabeth
1104 701 1271 749 matronam

122 775 295 849 religiosam
311 785 342 834 et
358 777 446 834 valde
462 777 628 844 honestam,
644 796 711 836 curn
730 779 791 836 filia
807 796 862 836 sua
880 778 1033 836 Elizabeth
1050 780 1271 853 preclarissima

121 862 239 936 virgine
257 864 307 921 et¹
324 864 534 935 deuotissima;
562 866 656 923 filium
674 867 765 924 etiam
782 867 842 923 illic
860 867 994 940 repperit
1012 867 1134 925 alterius
1159 868 1271 925 sororis
1286 883 1300 934 5

123 967 188 1021 sue,
207 951 354 1008 iuniorem
376 951 552 1008 Helindium
575 953 682 1010 ducem
701 953 945 1022 illustrissimum,
963 971 1148 1026 uxoremque
1166 954 1272 1027 ipsius,

122 1038 217 1095 filium
236 1041 333 1112 patrui
353 1040 438 1097 beate
450 1038 561 1097 Vrsule
579 1040 681 1114 patris.
719 1040 838 1098 inuenit
854 1042 945 1098 etiam
960 1041 1001 1098 ibi
1016 1043 1091 1098 duas
1104 1042 1180 1099 filias
1193 1042 1272 1100 eius·

122 1127 193 1183 dem
215 1127 309 1196 ducis,
331 1137 465 1185 sanctam
488 1127 583 1201 Spem
604 1137 634 1186 et
656 1130 773 1187 beatam
797 1128 996 1186 Eusrosinam.
1033 1129 1096 1187 Sed
1117 1140 1147 1188 et
1168 1131 1272 1203 plures

121 1215 277 1272 intereas
301 1215 434 1290 repperit
459 1225 608 1289 cognatas.
660 1217 735 1287 Qut²
756 1216 862 1290 spiritu
886 1216 935 1274 dei
958 1233 1112 1288 accensus,
1137 1217 1273 1291 sequitur

122 1302 213 1358 etiam
237 1303 371 1376 virgines
395 1321 505 1375 sacras,
531 1323 640 1379 corpus
665 1322 721 1378 pro
745 1306 866 1362 domino
891 1305 1053 1363 traditurus
1077 1315 1107 1362 et
1131 1307 1271 1363 animam.
1288 1325 1318 1362 ιο

123 1388 215 1448 Hunc
235 1391 324 1448 etiarn
343 1393 402 1449 duo
421 1401 588 1466 sequuntur
605 1395 644 1450 de
661 1395 724 1450 suis
744 1393 914 1466 capellanis,
931 1402 961 1450 et
979 1401 1106 1466 quatuor
1124 1394 1163 1450 de
1180 1395 1272 1451 comi-

121 1485 185 1534 tatu
203 1495 259 1535 suo
277 1479 352 1536 laici.
390 1479 527 1554 Cumque
545 1497 641 1554 prope
661 1480 791 1538 Romam
804 1481 890 1537 cum¹
904 1481 986 1538 omni
999 1480 1109 1538 mentis
1121 1481 1272 1540 alacritate

122 1581 198 1622 sane
216 1575 246 1622 et
265 1566 430 1625 incolumes
442 1569 583 1626 vniuerse
593 1570 601 1601 ¹
613 1569 777 1638 venissent,
789 1569 857 1642 ipse
868 1569 990 1642 quidem
1009 1569 1190 1641 apostolicus
1203 1587 1272 1626 curn

122 1651 205 1709 clero
229 1663 260 1711 et
284 1655 490 1724 cardinalibus,
512 1655 707 1730 principibus,
726 1655 872 1712 matronis
896 1655 945 1712 et¹
963 1655 1137 1728 virginibus,
1156 1656 1272 1728 plebeis

122 1748 153 1796 et
170 1739 286 1798 ciuibus
305 1741 355 1798 in³
371 1743 498 1816 magna*
515 1743 697 1800 exultatione
715 1743 865 1817 nobilique
884 1743 1086 1816 processione,
1098 1753 1130 1800 vt
1149 1744 1271 1816 dignum
1287 1765 1316 1816 ¹⁵

122 1837 196 1898 erat,
210 1828 276 1885 illas
288 1831 415 1902 excepit
453 1830 594 1888 Preterea
606 1839 636 1888 et
650 1832 689 1888 de
701 1831 807 1888 vicinis
824 1830 1001 1901 ciuitatibus,
1014 1830 1088 1887 vicis
1100 1839 1130 1886 et
1142 1831 1272 1888 castellis

122 1915 326 1988 properabant
337 1925 398 1972 tam
411 1918 528 1974 nobiles
540 1935 631 1990 quam
643 1917 742 1991 plebei
754 1917 880 1990 gloriam
897 1933 1000 1974 earum
1016 1917 1150 1974 certatim
1162 1917 1272 1974 videre.

120 2001 199 2059 Tota
217 2003 348 2077 denique
366 2003 471 2062 ciuitas
489 2004 547 2061 illis
566 2005 685 2062 obuiam
703 2005 793 2075 venit,
811 2005 1018 2062 ammiratione
1037 2004 1115 2078 capti
1134 2004 1223 2061 simul
1242 2013 1273 2062 et

121 2090 265 2150 nouitate.
301 2090 443 2164 Virgines
455 2101 556 2150 autern
574 2092 686 2151 Christi
703 2091 841 2165 virginali
859 2092 953 2165 gratia
971 2091 1162 2165 refulgentes,
1182 2093 1272 2148 mira-

121 2177 213 2234 bilem
231 2179 269 2236 de
287 2195 321 2236 se
340 2180 454 2236 cunctis
473 2180 645 2253 opinionem
660 2180 785 2249 virtutis,
802 2189 832 2237 et
849 2182 942 2237 decus
960 2189 1136 2253 sparserunt
1155 2179 1272 2252 insigne
1287 2201 1318 2236 ao

121 2260 243 2318 celestis
267 2261 370 2334 gratie,
395 2271 425 2318 et
449 2263 519 2319 boni
544 2263 644 2320 odoris
669 2263 862 2336 fragrantiam
889 2263 1029 2320 omnibus
1056 2261 1271 2320 ministrarunt.

122 2347 190 2418 Qua
215 2365 283 2405 cum
308 2349 366 2407 illic
391 2359 517 2422 quatuor
540 2350 677 2408 dierum⁸
695 2368 811 2409 moram
830 2349 989 2421 facerent⁸,
1014 2349 1157 2407 orationis
1179 2349 1273 2422 gratia

121 2443 294 2493 sanctorum
322 2437 386 2494 loca
413 2440 633 2496 circumeuntes
657 2447 688 2496 et
711 2438 862 2506 ecclesias,
886 2437 989 2510 agonis
1015 2437 1062 2494 sui
1086 2437 1272 2511 triumphurn

121 2532 212 2596 atque
224 2523 349 2580 martirii
362 2525 439 2582 sacri
452 2526 575 2582 calicem
592 2543 682 2599 quem
697 2526 729 2582 in
746 2524 884 2583 Christo⁷
897 2534 982 2582 erant
1001 2524 1138 2595 bibiture,
1152 2525 1272 2582 domino

121 2619 152 2667 et
171 2627 225 2668 sue
247 2611 382 2683 genitrici
401 2613 530 2685 gloriose
550 2622 640 2686 atque
662 2613 805 2686 apostolis
826 2611 1010 2687 reliquisque
1031 2613 1142 2670 sanctis
1164 2613 1272 2670 deuote
1287 2632 1317 2682 ²5

120 2700 377 2756 commendarunt.
427 2700 559 2758 Fuerunt
589 2700 698 2758 etiam¹
728 2700 806 2757 inter
836 2717 888 2758 eas
911 2699 1044 2774 virgines
1078 2701 1272 2774 quamplures

121 2786 336 2857 cathecumine‚
355 2804 414 2859 que
436 2805 504 2844 cum
528 2788 626 2845 adhuc
644 2790 674 2844 in
694 2787 804 2861 palatio
820 2787 902 2862 regis
920 2797 1023 2846 essent
1041 2798 1144 2846 sancte
1162 2788 1272 2846 Vrsulc

120 2873 224 2947 patris,
238 2885 417 2947 acceperunt
430 2875 534 2932 celitus
551 2892 731 2948 responsum
744 2877 842 2948 quod⁸
856 2875 954 2932 Rome
972 2875 1068 2932 forent
1085 2875 1271 2948 baptizanda.

122 2962 178 3020 llle
197 2979 271 3018 vero
289 2971 359 3019 tunc
376 2964 531 3036 temporis,
549 2972 664 3020 astante
683 2963 765 3019 clero
783 2973 812 3020 et
831 2962 1031 3020 cardinalibus
1049 2970 1079 3019 et
1097 2963 1245 3035 magnatis
1253 2963 1271 3033 ⁹,

120 3052 158 3107 ab
172 3049 240 3123 ipso
253 3049 415 3123 apostolico
428 3067 496 3108 curn
509 3050 623 3123 ingenti
635 3049 729 3123 gloria
741 3051 929 3124 baptizantur
940 3058 970 3106 et
983 3049 1106 3105 honore.
1137 3049 1271 3120 Quarum
1286 3067 1318 3117 30

120 3137 220 3210 prime
241 3146 270 3194 et
291 3137 453 3195 nobiliores
473 3139 561 3195 beata
581 3147 645 3194 erat
668 3137 760 3194 Lucia
781 3147 811 3195 et
833 3146 935 3194 sancta
956 3136 1125 3206 Anastasia,
1145 3138 1271 3194 duorum

119 3223 182 3282 filie
196 3242 310 3298 regum,
319 3243 378 3298 que
390 3226 478 3282 ambe
494 3225 658 3284 extiterunt
670 3234 795 3297 cognate
808 3223 925 3282 iuuenis
938 3222 1130 3281 illustrissimi
1140 3235 1243 3283 sancte
1251 3225 1273 3258 ¹⁰

119 3311 355 3386 Vrsulesponsi.

155 3437 181 3500 il
201 3436 289 3508 Quod
305 3437 487 3512 apostolicus
503 3456 560 3512 per
570 3439 669 3497 visum
682 3450 728 3498 est
741 3437 923 3497 ammonitus
934 3446 966 3496 vt
978 3437 1080 3495 relicta
1092 3437 1236 3512 dignitate

292 3527 478 3600 apostolatus
490 3527 697 3600 proficiscatur
709 3546 777 3586 cum
790 3527 907 3585 eisdem
919 3525 1094 3600 virginibus.

158 3625 270 3696 Paucis
283 3639 383 3713 itaque
395 3640 501 3697 diebus
514 3639 573 3697 illic
586 3657 670 3698 sacre
682 3641 814 3714 virgines
827 3656 942 3696 moram
960 3638 1104 3696 iacientes
1120 3637 1270 3696 licentiam

118 3735 265 3799 expetunt
279 3728 379 3785 redire
391 3736 605 3802 proponentes.
641 3727 775 3799 Quarum
792 3727 932 3800 exemplo
951 3725 1085 3783 Ciriacus
1103 3743 1182 3798 papa
1199 3733 1270 3782 tunc
1285 3747 1315 3797 3⁵

120 3829 245 3870 romane
258 3814 323 3870 sedi
336 3814 495 3889 presidens
508 3832 662 3886 accensus,
671 3816 878 3887 reconsignata
886 3814 904 3845 ¹¹
915 3813 961 3870 sui
974 3813 1158 3886 apostolatus
1174 3813 1270 3885 digni·

118 3911 190 3972 tate,
212 3901 359 3959 Romanis
379 3903 480 3960 multis
502 3911 604 3960 tamen
626 3920 695 3960 eum
717 3903 870 3962 retrahere
886 3901 1062 3970 volentibus,
1077 3901 1241 3957 earundem
1251 3900 1271 3934 ¹¹

118 4006 223 4048 comes
240 3989 367 4047 efficitur
380 3991 531 4063 virginum
546 4000 636 4064 atque
652 4000 740 4065 caput
759 3989 877 4046 illarum
896 3989 933 4045 de
953 3997 1053 4045 cetero
1071 3996 1100 4044 et
1118 3987 1270 4060 magister.

119 4077 183 4152 Ipsi
202 4077 332 4150 denique
351 4095 430 4152 pape
449 4077 565 4136 Ciriaco
583 4087 645 4136 tres
661 4078 693 4135 in
705 4078 772 4136 visu
790 4084 994 4152 apparuerunt
1011 4073 1134 4132 sancti¹⁸
1152 4074 1271 4132 candidi

151 4242 161 4274 ²
179 4257 230 4292 om.
242 4241 268 4291 in
281 4241 311 4292 B.
396 4241 407 4272 ¹
423 4242 452 4293 F„
465 4241 540 4305 Quia.
621 4241 632 4274 ⁸
650 4243 681 4294 Β.
694 4258 761 4293 cum.
848 4242 857 4272 ¹
874 4241 904 4292 E.
916 4256 1017 4304 magno.
1100 4241 1110 4270 ¹
1126 4239 1156 4289 Β.
1169 4239 1268 4291 diebus.

117 4306 128 4336 ⁸
145 4309 176 4358 B.
187 4309 328 4360 traherent.
433 4306 443 4337 '
461 4309 491 4359 B.
503 4309 629 4372 proximo.
734 4309 744 4338 ⁸
761 4307 791 4358 B.
801 4308 928 4370 quoniam.
1028 4305 1039 4338 ⁹
1056 4306 1087 4356 B.
1098 4307 1268 4368 magnatibus.

119 4371 138 4404 ²⁰
156 4374 186 4425 B.
204 4375 286 4426 beate.
353 4373 372 4404 ¹¹
389 4373 419 4425 B.
431 4375 570 4439 resignata.
635 4373 655 4404 ¹¹
671 4373 700 4425 E.
713 4389 858 4438 earumque.
927 4373 945 4403 ¹⁸
965 4373 994 4424 B.
1007 4373 1090 4423 sancti
1101 4387 1159 4436 app.
