3064 4882
293 297 363 366 160
601 290 732 379 liuba
757 287 947 392 [tumltu
970 287 1122 393 annu.

287 492 339 565 qui
357 491 471 549 sororis
491 490 623 548 animam
645 507 705 549 non
725 491 804 548 odit¹
824 491 879 548 sed
900 499 1067 565 peccatum,
1087 507 1193 565 preces
1214 493 1253 549 ad
1271 493 1363 550 deum
1383 509 1448 566 pro

287 581 355 653 ipsa
367 579 449 636 fudit
489 579 556 636 Non
570 579 664 636 multo
681 589 750 652 post
761 578 825 636 visa
837 588 884 635 est
898 579 939 634 illi
951 579 1128 652 peruenisse
1141 582 1178 638 ad
1192 581 1283 638 limen
1299 581 1448 650 ecclesie,

290 669 420 724 necdum
444 676 546 724 tamen
578 684 668 741 posse
693 667 815 735 intrare,
839 683 986 740 apparere
1017 669 1107 724 etiam
1133 668 1173 724 in·
1187 676 1273 726 veste
1300 669 1417 741 pul[I]a
1426 669 1448 723 ².

289 755 425 828 Cumque
450 756 500 812 ille
520 755 550 812 in
571 754 703 811 oratione
725 763 944 826 perseueraret,
964 754 1036 812 vidit
1060 773 1128 813 eam
1150 757 1281 813 secundo
1300 757 1331 814 in
1353 765 1449 814 veste

261 844 473 910 ssubcandida
500 843 664 900 admissam
693 843 815 915 quidem
845 842 945 899 intra⁸
968 843 1135 914 ecclesiam,
1160 843 1215 900 sed
1242 845 1335 900 altare
1368 862 1448 900 con-

289 933 406 1004 tingere
431 949 490 988 non
517 930 657 1004 permitti.
706 930 809 987 Tertio
839 930 960 988 tandem
988 931 1052 987 visa
1081 941 1129 988 est
1154 933 1328 1004 aggregari·
1360 932 1447 989 cetui

289 1019 523 1089 candidatorum,
537 1018 610 1076 etin
622 1026 708 1075 veste
724 1018 858 1076 candida.
926 1006 985 1075 Vir
1000 1018 1086 1076 diues
1104 1027 1134 1076 et
1149 1028 1258 1092 potens
1270 1019 1322 1092 qui
1339 1019 1447 1076 locum

292 1105 411 1164 Bencor
425 1117 456 1163 et
473 1107 682 1180 possessiones
703 1106 768 1162 eius
786 1107 917 1176 tenebat,
930 1105 1093 1179 inspiratus
1113 1125 1131 1164 a
1152 1107 1208 1163 deo
1228 1108 1388 1164 confestim
1413 1109 1447 1164 in

291 1212 398 1252 manus
410 1195 556 1252 Malachie
569 1211 624 1251 sua
637 1193 737 1250 omnia
749 1193 831 1250 dedit
841 1203 870 1250 et
883 1211 917 1250 se
930 1211 1069 1266 quoque;
1088 1203 1118 1250 et
1131 1195 1157 1250 is
1170 1195 1333 1252 auunculus
1343 1194 1356 1226 ⁸
1366 1196 1446 1252 eius

247 1299 279 1339 ro
293 1283 351 1340 Hic
362 1283 446 1340 locus
457 1283 576 1340 Bencor
588 1281 806 1339 nobilissimum
817 1290 887 1338 ante
900 1282 1038 1338 extiterat
1051 1285 1264 1339 monasterium
1272 1284 1329 1340 sub
1342 1285 1446 1357 primo

291 1381 376 1444 patre
390 1371 542 1444 Congello‚
553 1371 646 1427 multa
659 1369 740 1426 milia
752 1371 966 1426 monachorum
979 1385 1138 1443 generans,
1151 1371 1311 1428 multorum
1321 1389 1445 1428 monas-

290 1461 435 1516 teriorum
448 1467 544 1532 caput.
592 1459 659 1514 Non
673 1458 770 1515 solum
783 1459 813 1514 in
828 1457 1020 1530 [Hiberniam
1033 1457 1235 1531 Scotiamque]
1245 1459 1264 1526 ⁸,
1273 1461 1328 1515 sed
1341 1459 1374 1516 in
1389 1477 1444 1516 ex·

291 1554 373 1602 teras
384 1547 473 1604 etiam
483 1545 630 1619 regiones,
641 1546 726 1619 quasi
739 1546 933 1602 inundatione
943 1545 1027 1615 lacta,
1037 1546 1086 1602 illa
1095 1561 1128 1602 se
1138 1557 1309 1603 sanctorum
1320 1547 1444 1620 agmina

291 1634 468 1691 effuderunt.
507 1634 532 1691 E
561 1635 669 1708 quibus
697 1635 735 1691 ad
766 1633 927 1706 gallicanas
957 1643 1059 1706 partes
1089 1643 1210 1690 sanctus
1236 1635 1445 1691 Columbanus

249 1739 278 1791 ¹5
292 1723 461 1780 ascendens
480 1722 657 1779 luxouiense
677 1722 891 1778 monasterium
908 1723 1082 1793 construxit,
1103 1721 1198 1779 lactus
1215 1723 1254 1778 ibi
1271 1722 1302 1778 in
1319 1733 1443 1796 gentem

292 1827 443 1883 magnam.
488 1809 581 1867 Aiunt
606 1819 667 1866 tam
692 1825 835 1883 magnum
858 1807 951 1866 fuisse
976 1809 1048 1866 illud
1074 1810 1297 1881 monasterium,
1318 1820 1351 1867 vt
1376 1829 1444 1868 suc·

293 1899 469 1954 cedentibus
487 1898 543 1954 sibi
561 1897 690 1954 inuicem
703 1897 803 1954 choris
821 1897 1067 1954 continuarentur
1083 1897 1249 1971 solempnia
1262 1897 1443 1969 diuinorum,

293 1985 333 2042 ita
354 1993 385 2042 vt
405 1985 481 2042 nec⁷
506 1995 693 2042 momentum
713 1987 834 2058 quidem
860 1986 918 2041 diei
939 2003 973 2042 ac
998 1985 1093 2042 noctis
1117 1995 1236 2044 vacaret
1256 2000 1275 2042 a
1294 1987 1441 2044 laudibus

295 2073 362 2130 Hoc
379 2091 511 2146 namque
527 2091 545 2130 a
563 2072 666 2146 piratis
684 2074 867 2130 destructum
890 2074 984 2130 luerat
1004 2075 1225 2140 monasterium,
1245 2083 1274 2130 et
1296 2075 1442 2147 nongenti

249 2177 281 2213 eo
295 2161 432 2217 monachi
455 2161 601 2218 interiecti
624 2169 701 2218 sunt.
740 2161 810 2217 Erat
832 2163 945 2234 quippe
965 2162 1072 2234 ingens
1092 2162 1171 2219 illius
1191 2163 1248 2219 loci
1267 2165 1441 2236 possessio:

294 2249 348 2305 sed
370 2249 533 2306 Malachiae
557 2250 621 2306 solo
646 2257 805 2306 contentus
830 2249 895 2306 loco
920 2259 1031 2316 sancto,
1052 2267 1159 2308 omnes
1180 2251 1390 2324 possessiones
1412 2259 1443 2308 et

293 2346 390 2394 terras
403 2337 487 2394 alteri
499 2337 599 2407 cessit,
612 2346 643 2394 et
655 2337 870 2394 monasterium
884 2337 1039 2394 edificauit
1112 2325 1187 2412 Quo
1199 2339 1230 2394 in
1243 2338 1307 2395 loco
1319 2338 1442 2411 quidam

295 2424 517 2482 infirmabatur:
540 2425 587 2482 cui
609 2426 756 2482 assistens
777 2425 914 2482 diabolus
933 2433 1038 2497 aperte
1057 2424 1183 2498 loquens
1203 2428 1382 2499 suggerebat
1404 2445 1443 2483 ne

294 2529 426 2585 vnquam
443 2515 581 2570 crederet
599 2513 765 2586 m0n[it]is⁸
783 2512 939 2583 Malachie,
953 2515 1016 2582 sed,
1030 2513 1055 2569 si
1074 2513 1197 2570 intraret
1211 2516 1250 2570 ad
1267 2531 1310 2583 se,
1322 2515 1443 2571 cultello

251 2617 281 2667 ²5
295 2618 364 2657 eurn
385 2602 542 2658 occideret.
580 2601 647 2671 Quo
664 2601 783 2673 cognito
802 2601 844 2657 illi
863 2601 913 2675 qui
931 2601 1138 2659 ministrabant
1154 2604 1221 2676 ipso
1236 2603 1355 2660 infirmo
1371 2621 1444 2676 pro-

295 2688 414 2758 dente⁰‚
431 2689 556 2745 verbum
576 2688 721 2746 Malachic
740 2689 919 2746 detulerunt.
967 2690 1009 2746 At
1028 2689 1078 2748 ille
1097 2691 1182 2746 solita
1201 2707 1284 2748 arma
1302 2692 1444 2748 orationis

296 2776 453 2850 arripiens,
472 2777 632 2849 inpauidus
657 2777 775 2834 hostem
801 2793 963 2850 aggressus
972 2777 1001 2845 ¹⁰,
1022 2787 1052 2834 et
1077 2777 1282 2836 infirmitatem
1308 2779 1387 2852 lugat
1412 2788 1443 2837 et

296 2864 477 2920 demonium.
549 2852 686 2921 Vacabat
707 2874 777 2922 tunc
797 2865 976 2938 episcopalis
996 2867 1086 2922 sedes
1105 2867 1245 2939 quedam,
1266 2875 1296 2923 et
1316 2867 1443 2924 iamdiu

296 2961 415 3009 vacarat
423 2952 452 3020 ¹¹,
485 2951 630 3009 Malachia
668 2954 788 3010 nolente
830 2953 986 3023 assentire,
1023 2970 1112 3027 quern
1148 2955 1311 3028 elegerant.
1372 2955 1444 3012 Per-

251 3054 284 3104 30
296 3040 471 3097 sistentibus
496 3049 597 3096 tamen
616 3040 675 3097 illis
695 3043 817 3098 tandem
839 3041 936 3111 cessit,
957 3043 1118 3099 accedente
1138 3043 1175 3098 ad
1196 3042 1257 3098 vim
1278 3043 1443 3100 faciendam

297 3129 437 3185 mandato
456 3127 591 3200 magistri
613 3128 668 3198 sui,
692 3145 810 3185 necnon
832 3137 862 3185 et
883 3129 1121 3202 metropolitani:
1140 3138 1171 3188 et
1188 3131 1339 3188 tricesimo
1357 3133 1443 3188 etatis

297 3233 351 3272 sue
377 3233 456 3272 anno
476 3225 670 3273 consecratus
693 3225 739 3273 est
758 3217 919 3289 episcopus
938 3217 1120 3275 Conneretlr.
1156 3218 1293 3292 Cumque
1314 3219 1443 3292 cepisset

297 3321 352 3376 pro
371 3303 468 3360 officio
488 3321 543 3360 suo
561 3321 659 3376 agere,
677 3312 748 3361 tunc
765 3304 911 3362 intellexit
928 3305 1018 3361 homo
1040 3306 1089 3363 dei
1107 3323 1141 3364 se
1159 3325 1218 3364 non
1239 3308 1276 3363 ad
1298 3307 1443 3378 homines,

299 3391 353 3448 sed
366 3393 403 3454 ad
416 3391 528 3448 bestias
541 3392 743 3449 destinatum:
764 3393 926 3466 Nunquam
937 3393 958 3425 ¹⁵
976 3393 1073 3450 adhuc
1091 3395 1166 3452 tales
1185 3403 1329 3468 expertus
1348 3395 1442 3452 fuerat

252 3497 283 3548 35
298 3479 327 3535 in
347 3487 576 3551 quantacunque
595 3479 741 3548 barbarie,
760 3497 909 3554 nusquam
928 3490 1084 3554 repererat
1105 3483 1200 3554 [sic]¹⁸
1224 3493 1382 3556 proteruus
1406 3485 1445 3542 ad

298 3584 408 3636 mores,
422 3565 465 3623 sic
478 3567 586 3624 ferales
599 3568 637 3624 ad
651 3568 733 3636 ritus,
746 3568 789 3625 sic
802 3569 839 3625 ad
854 3569 943 3626 fidem
958 3569 1119 3642 imperitos,
1137 3573 1173 3628 ad
1194 3572 1278 3644 leges
1293 3573 1446 3644 barbaros,

298 3655 468 3712 ceruicosos
489 3656 527 3712 ad
552 3656 751 3729 disciplinam,
770 3655 906 3730 impuros
930 3659 967 3714 ad
992 3658 1093 3716 vitam.
1133 3660 1294 3716 Christiani
1316 3661 1446 3732 nomine,

299 3761 332 3800 re
353 3743 471 3815 pagani.
510 3744 576 3799 Non
600 3745 733 3800 decimas
758 3747 840 3816 dare,
866 3763 926 3802 non
951 3746 1106 3820 primitias,
1129 3765 1189 3804 non
1213 3747 1347 3821 legitima
1370 3750 1447 3808 inire

299 3831 444 3904 coniugia,
468 3849 528 3888 non
551 3831 649 3888 sacere
666 3832 889 3902 consessiones;
912 3835 1092 3907 penitentias
1111 3851 1167 3892 nec
1186 3836 1238 3908 qui
1257 3845 1372 3909 peteret
1388 3855 1446 3896 nec

253 3938 287 3988 40
300 3920 350 3993 qui
376 3922 460 3977 daret
485 3920 607 3993 penitus
632 3921 747 3977 inuenit
756 3920 787 3978 ¹⁴.
823 3921 885 3979 Sed
911 3923 1020 3979 necin
1045 3924 1179 3980 ecclesiis
1197 3934 1247 3981 aut
1265 3925 1447 3997 predicantis

298 4027 359 4066 vox
383 4018 433 4065 aut
458 4008 604 4066 cantantis
629 4009 812 4066 audiebatur.
858 4010 938 4081 Quid
962 4011 1072 4068 faceret
1099 4012 1211 4068 athleta
1236 4013 1367 4070 dominii
1395 4027 1447 4073 aut

333 4164 410 4214 ¹Vit.
422 4168 521 4216 oderat.
603 4164 658 4216 ¹T.
672 4167 700 4215 E.
713 4167 827 4229 pulchra.
910 4167 958 4217 ’T
979 4168 1007 4217 E.
1021 4170 1052 4218 ad
1065 4169 1166 4218 missam
1179 4186 1203 4232 q.
1216 4169 1319 4219 intrare.
1390 4153 1448 4223 ‘'l'.

300 4233 426 4293 agregari.
502 4231 557 4282 ⁸T.
571 4232 600 4283 E.
612 4234 778 4283 aduunculus.
859 4230 950 4285 'T.E
971 4235 1089 4296 prelatas.
1161 4233 1238 4284 ⁷om.
1251 4237 1278 4284 in
1289 4236 1318 4286 T.
1388 4233 1446 4288 ⁸T.

302 4295 481 4348 Emonachis.
558 4298 1013 4362 ’T.precedcnte,l“„precedentes
1110 4301 1129 4330 ¹⁰
1147 4299 1175 4350 E.
1188 4317 1316 4364 agressus.
1380 4301 1399 4332 ¹¹
1417 4320 1448 4355 so

301 4361 339 4422 lt,
353 4361 382 4410 E.
396 4371 539 4414 vacauerat.
633 4362 653 4394 ¹¹
669 4365 720 4414 Vit.
734 4365 872 4428 Nusquam.
940 4365 959 4396 ¹⁸
975 4366 1004 4418 T.
1017 4367 1046 4417 E.
1058 4373 1120 4417 tam
1187 4367 1205 4396 ¹‘
1222 4367 1274 4418 Vit.
1287 4369 1404 4419 inueniri.
