3064 4882
417 328 492 424 Do
516 327 681 418 sonno
706 321 964 416 tamtarn.
1196 347 1264 422 133

168 618 194 678 ‘l
217 605 272 676 Da
290 617 428 676 snscro¹
450 606 649 676 meuco
668 635 910 677 Ancmsrtscoro
929 633 966 674 nr
984 614 1205 674 conrsssonn’ae

174 755 360 814 Amfrancus
384 757 567 814 venerabilis
592 757 808 814 cantuariensis
833 756 1085 830 archiepiscopus,
1108 773 1147 812 ex
1172 753 1264 812 nobili

213 844 326 900 ciuium
350 861 462 917 genere
488 845 579 918 Papie
603 847 757 914 oriundus,
781 854 812 902 et
839 846 870 901 in
901 845 1038 918 primeua
1069 852 1147 899 etate
1177 850 1263 915 patre

101 931 243 1002 orbatus,
263 949 333 988 cum
353 932 381 988 ei
399 934 562 989 succedere
581 934 715 1004 deberet,
735 933 839 989 relicta
859 932 985 1002 ciuitate,
1004 948 1108 987 amore
1127 929 1263 987 discendi

100 1019 145 1074 ad
167 1017 271 1075 studia
289 1019 456 1076 litterarum
480 1019 614 1093 perrexit
623 1019 643 1091 ³,
664 1021 806 1094 omnique
826 1019 951 1077 scientia
976 1017 1105 1076 seculari
1128 1017 1263 1090 perfecte

100 1104 241 1162 imbutus
261 1105 358 1162 rediit.
396 1106 513 1164 Deinde
526 1107 623 1180 Alpes
635 1107 786 1164 transiens
799 1117 829 1164 et
847 1107 877 1162 in
894 1105 1110 1163 Norrnanniam
1127 1104 1290 1176 veniens,5

101 1202 135 1250 et
148 1193 352 1251 considerans
370 1195 450 1267 quod
468 1194 640 1250 mortalium
659 1205 779 1268 captare
796 1212 900 1250 auram
914 1194 1031 1251 vanitas
1048 1203 1103 1262 est,
1116 1192 1217 1250 statuit
1230 1203 1262 1251 vt

100 1279 219 1338 relictis
246 1280 387 1338 omnibus
410 1281 562 1338 Christum
584 1291 769 1354 sequeretur,
789 1282 948 1354 locumque
973 1281 1056 1338 adire
1082 1280 1261 1354 disponebat

99 1369 154 1424 vbi
171 1367 296 1426 litterati
312 1386 372 1425 non
388 1379 491 1426 essent
506 1369 557 1442 qui
574 1387 644 1426 eum
663 1369 769 1425 honon'
788 1387 822 1425 ac
842 1367 1011 1426 reuerentie
1030 1369 1184 1426 haberent.
1223 1366 1261 1424 Et

99 1458 260 1513 transiens
283 1474 341 1529 per
359 1457 465 1514 siluam
474 1457 495 1526 ⁴,
513 1457 616 1514 incidit
640 1458 671 1512 in
691 1457 832 1527 latrones,
860 1457 910 1530 qui
929 1467 1035 1514 cuncta
1054 1474 1112 1530 que
1131 1456 1261 1512 habebat

100 1544 258 1614 tollentes,
271 1541 369 1615 ligatis
382 1562 401 1600 a
412 1553 498 1617 tergo
511 1544 658 1614 manibus,
672 1555 702 1602 et
715 1545 832 1617 caputio
845 1562 919 1618 cape
932 1553 1001 1601 ante
1014 1545 1117 1601 oculos
1128 1545 1259 1615 admoto,
1275 1555 1306 1593 ιο

98 1631 293 1688 abducentes
303 1629 314 1661 ⁵
326 1648 395 1688 eum
415 1632 453 1688 de
466 1631 514 1688 via
525 1632 605 1688 inter
616 1633 767 1688 condensa
785 1631 912 1689 frutecta
924 1632 1112 1688 dimiserunt.
1136 1630 1259 1688 Talibus

99 1717 253 1792 angustiis
285 1718 533 1791 comprehensus,
557 1720 678 1776 nescius
708 1720 779 1792 quid
810 1728 920 1792 ageret,
946 1737 1033 1776 snum
1064 1718 1259 1775 infortunium

100 1805 334 1875 lamentabatur,
364 1815 395 1862 et
419 1806 450 1861 in
474 1823 509 1862 se
533 1808 655 1863 tandem
687 1823 838 1877 reuersus,
863 1805 954 1864 dixit:
997 1805 1142 1863 ‘Domine
1174 1807 1259 1874 deus,

100 1901 222 1950 tantum
235 1901 356 1966 tempus
368 1893 400 1949 in
417 1892 561 1950 discendo
579 1893 711 1967 expendi
724 1901 755 1950 et
767 1911 877 1966 corpus
893 1893 1086 1966 animumque
1103 1892 1134 1948 in
1151 1891 1258 1949 studiis

100 1981 273 2037 litterarum
291 1981 399 2048 annui,
417 1989 447 2037 et
464 1980 561 2037 adhuc
580 1982 731 2054 quomodo
752 1990 782 2038 te
801 1981 929 2038 debeam
947 1998 1034 2036 orare
1052 1989 1141 2053 atque
1160 1979 1258 2036 laudis
1273 1989 1303 2043 15

101 2067 204 2126 officia
218 2067 296 2139 [tibi]
309 2069 485 2141 persoluere
498 2085 559 2124 non
571 2067 669 2125 didici.
707 2067 818 2126 Libera
830 2085 888 2136 me,
902 2067 1033 2138 domine,
1046 2067 1154 2124 dehac
1167 2066 1257 2123 tn'bu·

100 2155 224 2225 latione,
238 2164 269 2211 et
280 2171 346 2227 ego,
359 2164 389 2212 te
406 2155 575 2226 auxiliante,
588 2155 631 2212 sic
643 2157 734 2212 vitam
749 2155 901 2229 corrigere
920 2164 949 2211 et
968 2153 1125 2212 instituere
1136 2154 1257 2224 curabo,

99 2253 133 2300 vt
151 2243 206 2300 tibi
225 2243 345 2300 seruire
361 2243 478 2300 valeam
496 2253 526 2300 et
544 2243 655 2300 sciam!
692 2243 843 2316 Surgente
862 2259 978 2313 aurora,
997 2241 1110 2299 audiuit
1128 2243 1257 2298 viatores

100 2329 160 2388 iter
186 2339 356 2403 carpentes,
384 2339 414 2386 et
432 2329 511 2404 cepit
528 2329 741 2387 vociferando⁸
765 2331 802 2387 ab
821 2329 866 2386 eis
885 2329 1029 2387 auxilium
1048 2339 1160 2403 petere.
1197 2327 1257 2397 Qui

99 2419 294 2488 accedentes,
307 2425 337 2474 et
350 2435 420 2475 eunt
433 2417 596 2487 soluentes,
609 2419 794 2474 reduxerunt
810 2419 849 2474 ad
863 2417 951 2476 viam.
989 2417 1027 2474 Et
1043 2435 1111 2475 curn
1129 2415 1255 2490 petisset
1270 2426 1303 2464 ²0

99 2506 138 2562 ab
158 2505 205 2562 eis
224 2515 256 2561 vt
275 2503 364 2562 vilius
383 2513 414 2562 et
433 2505 594 2578 pauperius
618 2505 696 2562 illius
716 2504 848 2577 regionis
867 2505 1024 2562 cenobium
1048 2504 1106 2562 sibi
1130 2505 1255 2560 demon-

99 2601 245 2662 strarent,
270 2593 510 2666 responderunt:
542 2592 657 2649 ‘Vilius
682 2601 712 2649 et
735 2593 879 2649 abiectius
899 2591 1114 2650 monasterium
1140 2591 1255 2647 nullum

99 2680 217 2737 seimus
236 2697 327 2753 quam
351 2681 431 2738 istud
450 2682 530 2754 quod
551 2681 582 2736 in
602 2679 741 2753 proximo
756 2679 874 2737 edificat
891 2680 1012 2753 quidam
1031 2681 1121 2736 homo
1139 2677 1205 2748 dei,’
1224 2687 1255 2736 et

98 2769 299 2824 ostendentes
311 2767 339 2823 ei
351 2767 439 2837 viam,
452 2769 662 2824 discesserunt
694 2767 771 2824 Cum
784 2775 884 2824 autem
898 2767 1028 2825 Beccum
1041 2767 1164 2836 veniret,
1178 2765 1254 2822 sorte

98 2865 172 2912 tunc
185 2855 280 2911 abbas
292 2855 459 2912 extruende
471 2855 584 2912 fornaci
598 2863 768 2928 occupatus
780 2854 910 2928 ipsemet
923 2855 1103 2928 operabatur
1116 2853 1254 2911 manibus
1268 2865 1299 2918 ²⁵

98 2943 185 3000 suis:
206 2952 236 2998 et
248 2943 397 2999 accedens
409 2943 446 2999 ad
460 2959 531 3000 eum
542 2941 636 2999 dixit:
657 2941 759 2998 ‘Deus
772 2952 801 2999 te
814 2942 929 3000 salust!
968 2943 1005 2998 Et
1018 2943 1131 2998 abbas:
1151 2940 1254 2997 ‘Deus

97 3035 129 3082 te
150 3026 326 3082 benedicat’
371 3024 410 3081 Et
432 3025 563 3083 addidit:
590 3025 691 3082 ‘Esne
710 3025 935 3083 Lombardusi’
983 3025 1021 3082 Et
1045 3025 1113 3082 ille:
1143 3023 1253 3080 ‘Sum’

99 3113 139 3170 Et
161 3111 271 3170 iterum
290 3113 402 3171 abbas:
429 3112 530 3183 ‘Quid
547 3113 628 3170 visi’
666 3112 850 3170 ‘Monachus
858 3111 877 3185 ⁷,
896 3113 945 3184 ait,
965 3112 1031 3171 fieri
1050 3113 1136 3171 volo!
1167 3111 1253 3168 Tunc

97 3201 196 3258 abbas
221 3200 352 3258 ostendit
376 3199 405 3260 ei
430 3201 574 3274 regulam.
623 3200 691 3271 Qua
716 3202 856 3275 perlecta,
881 3200 1046 3274 respondit,
1070 3199 1171 3257 omnia
1195 3201 1253 3255 deo

97 3307 133 3346 se
147 3287 272 3344 iuuante
283 3287 412 3345 libenter
428 3288 577 3346 custodire
585 3287 604 3346 ⁸.
642 3287 708 3345 Hec
721 3288 847 3347 audiens
860 3289 952 3345 abbas
970 3287 1119 3345 concessit
1132 3286 1160 3344 ei
1172 3287 1252 3359 quod
1266 3301 1299 3352 ³0

97 3375 233 3452 petebat.
268 3379 308 3432 At
319 3375 369 3432 ille
382 3376 543 3448 procidens
560 3376 591 3432 in
610 3375 715 3433 faciem
728 3375 917 3433 osculabatur
929 3377 1025 3449 pedes
1038 3376 1111 3433 eius.
1148 3375 1252 3431 Abbas

97 3463 183 3520 enim
210 3461 404 3520 Herlwinus’'
427 3465 535 3536 gaudio
559 3464 692 3536 repletus
716 3475 763 3521 est
788 3481 848 3521 non
873 3463 1000 3534 modico,
1020 3465 1090 3538 quia
1110 3462 1253 3520 credebat

97 3567 209 3624 preces
225 3567 297 3608 suas
314 3567 333 3607 a
348 3553 406 3608 deo
425 3568 494 3608 esse
512 3551 687 3609 exauditas:
709 3552 786 3608 Nam
805 3552 874 3625 quia
892 3559 1067 3625 sumptuum
1084 3567 1251 3623 congeren-

97 3641 209 3697 dorum
228 3638 393 3695 necessitas
410 3638 493 3695 illum
513 3648 598 3696 extra
616 3639 780 3696 claustrum
798 3639 947 3696 demorari
966 3640 1099 3713 cogebat,
1112 3655 1167 3695 nec
1187 3646 1251 3694 erat

96 3725 153 3800 qui
164 3725 322 3798 presidere
333 3735 363 3782 et
376 3725 550 3800 religionem
563 3727 644 3784 intus
656 3743 780 3784 seruare
792 3735 905 3799 posset,
918 3728 1009 3784 deum
1023 3726 1130 3800 iugiter
1142 3741 1249 3782 exora·
1264 3739 1296 3791 ³5

96 3821 186 3870 uerat
198 3821 230 3868 vt
241 3811 299 3868 sibi
310 3811 453 3869 auxilium
466 3811 619 3870 sufficiens
630 3814 668 3870 ad
681 3812 783 3868 omnia
791 3829 850 3886 que
856 3815 973 3886 agenda
981 3812 1077 3870 forent
1084 3812 1250 3871 concedere

97 3895 283 3969 dignaretur.
321 3895 433 3968 Sicque
445 3894 476 3952 in
494 3896 627 3952 maxima
644 3896 809 3953 humilitate
827 3904 857 3953 et
870 3896 1039 3954 obedientia
1053 3894 1250 3952 Lamsrancus

97 3999 157 4058 per
173 3983 335 4040 triennium
354 3983 412 4040 deo
430 3982 562 4040 seruiuit,
601 3983 663 4042 Nec
682 3985 762 4042 eninr
782 3984 942 4042 lectionem
961 3983 991 4041 in
1010 3982 1136 4041 ecclesia
1149 3982 1250 4054 legere

132 4105 140 4136 ¹
157 4105 187 4155 T.
201 4121 277 4156 seruo
288 4105 348 4166 dei;
365 4105 394 4156 E.
408 4113 505 4154 sancto.
612 4105 622 4134 ¹
637 4106 769 4168 Abridged
782 4106 846 4155 from
859 4107 902 4156 the
912 4107 970 4155 Vita
981 4105 1016 4168 by
1029 4104 1092 4154 llito
1104 4103 1247 4168 Crispinus,

97 4173 140 4223 ed.
159 4171 279 4221 Habillon
300 4171 325 4221 ii.
340 4173 400 4233 630,
418 4170 484 4221 Boll.
505 4171 567 4234 May
581 4171 626 4222 Vl.
643 4188 668 4235 p.
685 4173 741 4234 aaa.
762 4173 827 4221 with
844 4172 976 4222 additions
997 4170 1062 4221 from
1082 4169 1262 4231 Chroniclesp

96 4237 254 4300 :fragment
265 4235 295 4286 ol
302 4237 348 4286 the
358 4251 430 4286 nme
441 4243 497 4286 text
509 4237 535 4285 in
549 4237 746 4288 transuta
759 4253 815 4301 294·
829 4237 845 4288 s.
857 4253 898 4300 94
957 4235 1014 4288 ⁸13.
1027 4237 1136 4298 perexit
1197 4235 1249 4286 ¹E.

96 4305 199 4354 ntum
299 4301 388 4352 ⁸E.T.
399 4303 564 4353 adducentes.
674 4301 732 4354 ⁸t.
743 4303 916 4355 vociterande.
1003 4299 1014 4330 ¹
1031 4301 1060 4355 E.
1073 4300 1142 4352 Mon
1153 4307 1248 4352 autem.

97 4368 174 4420 'vit
187 4375 358 4420 servantum.
424 4365 434 4395 ⁸
452 4367 482 4418 E.
495 4367 645 4422 flentium
