3032 4882
407 317 482 412 Da
506 315 671 406 sunto
696 311 911 414 uidetur.
1129 312 1235 412 '335

81 517 244 578 fraudant.
283 520 321 577 Et
338 537 418 576 nunc
431 519 494 576 scio
510 517 609 577 enim¹
622 519 691 593 quia
702 520 791 576 velox
809 528 857 576 est
873 517 1039 593 depositio¹
1054 517 1238 576 tabernaculi

82 609 154 675 mei,
180 625 273 680 quam
297 617 466 665 vestrarum
491 608 658 664 orationum
682 607 823 680 suffragio
848 616 918 681 peto
943 605 1137 663 communiri?
1177 606 1238 663 Do-

82 694 242 766 minic[a]⁸
266 697 349 753 enim
370 695 517 768 sequenti,
541 712 600 768 que
620 695 673 752 fuit
695 696 726 750 in
746 695 876 752 crastino
901 694 1093 751 dedicationis
1118 693 1238 751 basilice

83 781 230 855 predicte,
244 782 314 840 licet
325 783 478 840 laboribus
490 781 631 856 predictis
643 791 673 840 et
685 782 859 839 infirmitate
873 783 1011 839 demotus
1018 783 1038 851 ⁴,
1051 782 1125 838 hora
1136 791 1239 839 tamen

83 870 232 943 surgendi
241 869 382 927 nesciens
393 869 530 927 tetricare
541 869 560 938 ⁶,
572 887 661 926 mane
671 868 832 926 oratorium
845 870 1002 943 ingressus
1011 869 1141 943 psallere
1152 869 1239 942 cepit
1253 889 1268 938 5

85 955 169 1012 Dum
182 966 283 1013 autem
299 958 338 1014 ad
352 957 476 1014 missam
489 957 669 1014 audiendam
687 956 829 1026 stetisset,
842 966 872 1014 et
889 957 994 1013 morbo
1010 957 1240 1029 ingrauescente

83 1045 226 1102 membra
249 1044 399 1102 imbecilla
423 1053 592 1102 sustentare
616 1062 678 1101 non
703 1045 835 1114 valensl,
859 1043 945 1118 quasi
970 1044 1105 1118 sincopin
1130 1061 1239 1117 passus

84 1131 264 1205 pauimento
290 1134 498 1205 prosternitur.
545 1132 674 1189 Suorum
705 1131 796 1205 igitur
824 1132 964 1188 manibus
995 1132 1177 1201 subleuatus‚
1201 1132 1239 1188 ad

85 1221 198 1278 lectum
218 1220 379 1287 reducitur,
398 1221 570 1293 ibidemque
588 1221 756 1278 reclinatur.
794 1219 850 1276 Et⁷
869 1220 986 1276 cuidam
1008 1219 1171 1286 Willelmo,
1191 1237 1239 1276 ca·

85 1307 211 1382 pellano
225 1325 290 1378 suo,
302 1311 330 1364 ei
343 1308 431 1365 valde
448 1307 594 1376 familiari,
607 1307 682 1376 dixit
699 1309 779 1381 quod
795 1308 834 1364 ab
851 1307 901 1364 illa
918 1305 1092 1363 infirmitate
1109 1308 1240 1364 euadere
1256 1324 1287 1360 ιο

85 1413 148 1453 non
172 1398 286 1469 potuit:
314 1397 461 1469 iussitque
486 1414 554 1454 eum
580 1395 679 1454 funeri
705 1395 876 1454 necessaria
899 1405 985 1453 caute
1005 1412 1178 1469 preparare,
1201 1413 1239 1454 ne

86 1483 202 1541 familia
219 1501 274 1540 sua
290 1484 462 1558 percipiens
480 1486 666 1553 turbaretur3
687 1493 716 1540 et
735 1484 877 1558 magistro
892 1483 1009 1540 Simoni
1026 1484 1064 1540 de
1077 1482 1240 1556 Terringes

87 1581 207 1629 certum
217 1571 297 1628 diem
311 1571 410 1628 obitus
423 1571 469 1628 sui
481 1571 589 1628 indixit
598 1571 617 1629 ⁸.
647 1572 910 1645 Amplexetusque
923 1571 1084 1644 imaginem
1097 1572 1240 1640 crucifixi,

86 1676 181 1733 quam
200 1659 258 1716 sibi
276 1658 387 1716 desern'
404 1661 512 1716 deuote
527 1660 739 1732 postulauerat,
752 1659 816 1716 loca
828 1659 987 1716 vulnerum
1004 1658 1054 1731 pie
1070 1660 1239 1716 deuotionis

87 1747 214 1816 osculis,
232 1762 266 1804 ac
285 1746 311 1803 si
330 1755 468 1804 recenter
485 1747 664 1804 morientem
683 1747 863 1803 saluatorem
880 1747 1005 1816 videret,
1018 1746 1097 1820 cepit
1115 1746 1242 1803 dulciter
1256 1763 1286 1813 ¹5

88 1834 275 1904 demulcere,
296 1833 327 1890 in
352 1833 407 1892 hec
429 1836 522 1892 verba
546 1851 765 1908 prorumpens:
793 1833 928 1892 ‘Gratias
952 1833 1005 1890 tibi
1030 1851 1095 1906 ago,
1119 1835 1240 1890 domine

90 1922 185 1980 lbesu
201 1921 330 1991 Christe,
342 1923 381 1979 de
398 1923 538 1980 omnibus
554 1921 707 1980 beneficiis
724 1939 783 1995 que
799 1920 872 1978 mihi
888 1919 1062 1995 prestitisti;
1080 1938 1136 1993 pro
1153 1921 1242 1993 penis

88 2019 120 2067 et
151 2009 322 2082 obprobriis
349 2027 409 2083 que
435 2009 514 2084 [pro]
539 2027 589 2067 me
613 2009 770 2083 pertulisti,
795 2017 919 2082 propter
943 2025 1002 2082 que
1027 2009 1163 2081 planctus
1191 2007 1241 2065 ille

89 2096 294 2154 lamentabilis
305 2115 378 2154 vere
390 2097 442 2154 tibi
455 2097 662 2170 competebat:
683 2099 700 2128 “
709 2097 777 2153 Non
791 2105 838 2154 est
849 2097 935 2154 dolor
947 2095 1052 2154 similis
1065 2096 1139 2152 sicut
1156 2096 1242 2152 dolor

90 2186 207 2241 meus”
235 2183 273 2240 Et
284 2193 316 2240 tu
329 2183 417 2254 nosti,
434 2185 564 2254 domiue,
576 2186 656 2258 quod
670 2184 695 2241 si
709 2184 761 2241 tibi
774 2185 915 2257 placeret,
928 2183 1029 2240 omnia
1041 2183 1201 2256 obprobria
1211 2192 1242 2240 et
1257 2207 1288 2244 ιο

89 2279 244 2328 tormenta
260 2280 349 2345 atque
367 2281 495 2328 mortem
508 2289 563 2345 pro
578 2280 608 2328 te
624 2280 747 2345 paratus
763 2288 864 2328 essem
883 2271 1049 2328 sustineret
1069 2279 1098 2327 et
1116 2271 1193 2327 sicut
1209 2279 1240 2327 tu

90 2358 153 2416 scis
179 2359 236 2415 hoc
254 2375 360 2416 verum
385 2375 463 2430 esse,
482 2358 628 2416 miserere
653 2360 720 2426 mei,
740 2359 810 2432 quia
834 2359 887 2415 tibi
907 2359 1086 2416 commendo
1110 2357 1240 2414 animam

90 2449 211 2503 meam!
258 2445 343 2503 Illam
363 2457 464 2504 autem
486 2447 644 2520 psalmista
661 2463 767 2504 vocem
786 2463 845 2520 que
865 2445 951 2502 dicit:
978 2445 1030 2502 'In
1049 2463 1156 2502 manus
1175 2453 1242 2502 tuas

92 2534 217 2590 domine
231 2536 409 2590 commendo
422 2533 559 2607 spiritum
572 2536 692 2605 meum,'
706 2533 893 2607 frequentius
908 2535 1029 2603 iterans,
1042 2541 1072 2590 et
1085 2535 1122 2590 ad
1135 2534 1241 2607 glorio

92 2620 315 2692 samvirginem
328 2621 460 2678 vicissim
473 2623 563 2679 corde
576 2621 665 2678 simul
678 2630 708 2678 et
720 2639 793 2679 voce
806 2639 841 2678 se
854 2630 1043 2690 conuertens,
1053 2621 1111 2679 ait:
1132 2621 1243 2678 ‘Maria
1258 2637 1288 2688 ²5

92 2718 191 2766 mater
202 2709 305 2782 gratie,
318 2718 415 2766 mater
427 2710 639 2780 misericordie,
651 2720 683 2767 tu
696 2727 752 2766 nos
769 2710 807 2765 ab
823 2709 910 2766 hoste
927 2717 1061 2782 protege,
1074 2718 1104 2767 et
1121 2711 1152 2766 in
1170 2710 1244 2766 hora

92 2795 201 2854 mortis
220 2797 373 2872 suscipe':
396 2807 426 2855 et
444 2798 581 2873 precepit
603 2796 766 2870 capellanis
786 2796 938 2882 quodilla
955 2797 1048 2854 verba
1070 2797 1100 2853 in
1122 2797 1243 2854 auribus

92 2888 158 2942 suis
171 2884 272 2942 dicere
285 2903 346 2942 non
360 2893 522 2942 cessarent
560 2885 642 2942 Inter
659 2885 791 2958 suspiria
806 2884 895 2958 igitur
907 2884 956 2958 pie
969 2884 1136 2942 deuotionis
1153 2894 1244 2957 atque

91 2974 188 3030 verba
212 2989 297 3030 sacre
322 2973 473 3042 orationis,
498 2972 665 3030 astantibus
689 2973 845 3046 religiosis
869 2972 1046 3046 presbiteris
1070 2989 1104 3028 ac
1129 2971 1244 3028 clericis

92 3061 210 3134 pariter
238 3069 269 3117 et
299 3060 383 3118 laicis
413 3059 561 3128 fidelibus,
592 3059 704 3116 Beatus
731 3059 902 3117 Richardus
931 3059 1072 3128 animam,
1103 3059 1244 3131 supernis
1259 3069 1291 3118 30

93 3147 230 3204 ciuibus·
252 3147 458 3221 copulandam,
481 3147 609 3206 reddidit
636 3149 771 3205 creatori.
822 3147 954 3204 Transiit
980 3148 1018 3203 de
1047 3147 1102 3203 hoc
1131 3147 1245 3203 mundo

93 3236 184 3292 etatis
201 3251 256 3292 sue
271 3252 350 3291 anno
365 3235 481 3293 circiter
493 3235 741 3310 quinquagesimo
758 3244 845 3292 sexto
852 3235 883 3305 ¹⁰,
896 3234 1085 3308 pontificatus
1102 3234 1149 3291 sui
1165 3251 1245 3290 anno

94 3339 186 3392 nono,
205 3324 294 3379 tertio
316 3323 418 3379 Nonas
440 3323 552 3397 aprilis,
572 3322 650 3380 circa
670 3325 767 3380 noctis
783 3325 925 3391 medium,
940 3340 999 3395 quo
1007 3322 1027 3355 ¹¹
1045 3339 1177 3395 sponsus
1196 3322 1245 3381 ille

94 3409 218 3468 celestis
230 3411 268 3467 ad
279 3410 553 3483 nuptiasventurus
563 3411 750 3468 describitur.
788 3410 860 3466 Post
870 3409 955 3467 cuius
964 3409 1124 3468 transitum
1134 3427 1245 3484 corpus

95 3497 195 3572 ipsius
208 3506 353 3566 sanctum,
370 3495 486 3555 antea¹¹
502 3507 660 3571 grauatum
672 3497 788 3572 vigiliis,
801 3506 881 3556 terre
894 3497 1003 3554 duritia
1015 3497 1046 3554 in
1059 3515 1119 3571 qua
1131 3499 1247 3555 solebat
1259 3506 1291 3558 35

95 3585 274 3658 frequenter
286 3586 435 3643 decubare
447 3584 641 3655 confractum,
653 3583 773 3642 ieiuniis
789 3593 982 3654 maceratum,
995 3585 1246 3643 macerationibus

95 3672 200 3730 multis
218 3671 378 3730 afflictum:
397 3681 501 3746 preter
518 3672 683 3729 humanum
696 3689 811 3729 morem
824 3671 1037 3729 nitidissimum
1056 3672 1202 3746 apparuit,
1214 3683 1247 3731 vt

96 3761 250 3835 quoddam
262 3759 360 3816 future
373 3758 601 3817 resurrectionis
612 3758 730 3832 insigne
742 3758 895 3817 videretur
901 3759 1037 3833 preferre
1047 3759 1076 3817 ¹⁸.
1113 3760 1247 3833 Corpore

96 3856 199 3904 autem
221 3847 278 3904 rite
285 3845 307 3879 ¹⁴
325 3855 426 3920 aptato
440 3865 475 3904 ac
489 3855 621 3904 scemate
628 3845 650 3879 ¹⁸
668 3846 800 3919 pontifici
815 3848 907 3920 digno
921 3845 950 3903 in
970 3846 1081 3903 feretro
1097 3847 1247 3916 collocato,

95 3943 127 3992 et
152 3933 184 3990 in
209 3933 337 3992 ecclesia
360 3934 493 4008 predicta
516 3950 574 4008 per
597 3951 668 3992 eum
692 3933 858 3992 dedicata¹⁸
880 3936 1058 4009 deportato:
1083 3935 1217 4009 undique
1225 3934 1246 3969 ²²
1260 3947 1294 3997 40

129 4119 138 4150 ¹
157 4118 488 4182 simoniacamque.
592 4119 604 4150 ¹
620 4119 649 4170 Ε.
664 4119 809 4183 dispendo.
917 4117 928 4148 ⁸
945 4119 976 4170 E.
989 4118 1133 4180 Dominico,
1145 4118 1177 4170 Β.
1190 4118 1247 4170 Die.

96 4184 162 4236 ‘st
175 4185 302 4236 deuictus.
368 4183 580 4236 *sacurem
653 4185 710 4236 ⁰13.
722 4185 828 4236 valeret.
905 4181 1064 4235 'omma
1142 4183 1199 4234 ’Β
1211 4185 1247 4234 in·

97 4251 180 4302 duxit.
246 4249 474 4330 jusum
484 4248 628 4301 cuiuslibet.
743 4249 763 4281 ¹⁹
780 4250 810 4301 E.
823 4250 1061 4328 quinquagesimum
1072 4255 1191 4308 sextum
1208 4250 1246 4302 Sl.

97 4317 391 4444 mamm
710 4378 731 4415 ι.
747 4314 776 4432 a
790 4315 943 4433 aaa..
1024 4314 1248 4434 ,rr-ns.
