3054 4904
283 318 353 405 164
591 313 722 400 muta
747 309 936 416 taranta
961 307 1113 414 anaim

277 512 546 588 archiepiscopum,
577 513 675 572 virum
705 513 808 587 vtique
840 511 1013 586 episcopatu
1043 513 1176 587 dignum,
1206 519 1237 570 et
1266 511 1306 569 ad
1339 527 1431 570 suam

278 601 469 674 parochiam¹
497 601 596 660 rediit·
684 587 768 660 Cum
799 610 899 658 autem
927 600 1056 658 Romam
1086 600 1219 658 venisset
1250 599 1433 664 Malacbias,

279 688 470 746 Innocentius
492 706 570 763 papa
588 706 658 746 eum
677 688 840 746 honorilice
858 687 1036 762 suscipiens,
1057 687 1176 746 mitram
1194 688 1233 744 de
1252 689 1352 760 capite
1370 705 1432 744 suo

277 775 419 848 imposuit
442 775 531 850 capiti
555 775 628 846 eius,
654 778 708 833 sed
734 785 764 832 et
788 777 895 833 stolam
920 793 988 833 curn
1018 775 1171 849 manipulo
1195 775 1278 832 dedit
1305 775 1368 832 illi:
1400 785 1433 831 et

248 863 437 932 ssalutatum
457 864 488 921 in
508 865 612 921 osculo
635 865 718 937 pacis
738 863 852 920 dimisit
872 881 951 920 eum.
989 862 1027 920 Et
1044 863 1170 920 veniens
1190 863 1366 920 Clareuallis
1392 863 1433 920 ad

276 961 414 1008 sanctum
440 951 628 1009 Bemardum
652 953 800 1020 abbatem,
825 959 855 1008 et
878 952 937 1008 alta
960 951 1090 1023 suspiria
1109 951 1234 1008 trahens
1255 952 1339 1023 quod
1365 969 1431 1007 non

275 1037 379 1096 liceret
400 1037 458 1096 sibi
478 1055 535 1112 pro
559 1057 614 1096 suo
635 1039 785 1096 desiderio
806 1055 983 1096 remanere:
1003 1038 1083 1108 ‘bos,
1102 1039 1204 1111 inquit,
1225 1037 1350 1096 interim
1370 1057 1431 1112 pro

275 1143 325 1182 me
350 1145 403 1183 oro
426 1135 458 1183 vt
482 1125 655 1184 retineatis:
677 1125 728 1199 qui
752 1143 771 1182 a
794 1125 880 1184 vobis
904 1126 1019 1182 discant
1043 1127 1123 1198 quod
1148 1144 1204 1184 nos
1230 1128 1430 1199 postmodum

275 1214 410 1270 doceant.
443 1213 538 1270 Erunt
550 1213 632 1271 enim
642 1214 729 1270 nobis
739 1215 749 1246 ¹
761 1212 792 1270 iu
803 1231 918 1283 semen,
928 1223 957 1270 et
970 1213 1000 1270 in
1014 1215 1130 1271 semine
1138 1213 1196 1270 isto
1205 1213 1429 1270 benedicentur

232 1319 264 1356 ro
275 1311 390 1374 gentes,
403 1311 433 1358 et
446 1301 496 1358 ille
510 1299 660 1374 [gentesP
671 1301 871 1373 queadiebus
883 1301 1013 1374 antiquis
1022 1301 1160 1358 monachi
1170 1301 1293 1374 quidem
1309 1319 1428 1358 nomen

275 1389 442 1458 audiemnt,
468 1389 647 1446 monachum
674 1405 734 1445 non
759 1389 915 1445 viderunt!
952 1387 990 1445 Et
1012 1388 1145 1446 dimissis
1164 1389 1277 1446 ibidem
1298 1399 1433 1462 quatuor

275 1475 400 1546 clericis,
422 1475 572 1549 profectus
592 1485 647 1533 est.
684 1475 743 1546 Qui
763 1475 879 1549 probati
900 1485 931 1532 et
950 1475 1033 1548 digni
1055 1476 1177 1546 inuenti,
1195 1477 1336 1534 monachi
1359 1477 1431 1535 lacti

276 1565 375 1620 sunt¹.
446 1550 541 1620 Venit
564 1571 665 1619 autem
688 1562 853 1620 Malachias
873 1563 904 1619 in
927 1563 1068 1633 Scotiam,
1088 1573 1119 1621 et
1141 1563 1308 1622 Henricum
1330 1565 1430 1622 filium

275 1650 355 1723 regis
370 1649 467 1707 Dauid
479 1667 575 1724 usque
589 1651 627 1707 ad
645 1659 772 1707 mortem
789 1650 960 1708 infirmitate
977 1651 1156 1724 depressum
1172 1669 1251 1725 aqua
1265 1653 1430 1710 benedicta

232 1755 261 1808 ¹5
275 1740 413 1811 aspersit,
444 1737 567 1795 dicens:
595 1738 746 1806 ‘Confide,
772 1739 824 1808 lili,
848 1755 909 1794 non
935 1740 1073 1796 morieris
1098 1739 1154 1796 hac
1178 1740 1261 1796 vice!
1307 1739 1347 1796 Et
1380 1742 1431 1797 die

275 1827 413 1899 sequenti
430 1826 469 1882 ab
485 1827 567 1882 omni
587 1826 731 1898 languore
749 1824 900 1883 conualuit
916 1835 946 1882 et
962 1828 1122 1884 sanitatem
1141 1828 1263 1900 recepit.
1301 1815 1430 1886 Orante

274 1924 374 1971 autem
387 1915 452 1970 viro
471 1914 529 1982 dei,
546 1914 677 1970 solutum
695 1923 742 1970 est
759 1913 911 1970 vinculum
930 1913 1031 1986 lingue
1049 1915 1149 1988 puelle
1168 1925 1259 1983 mute,
1271 1925 1303 1972 et
1321 1917 1432 1990 loque-

274 2003 363 2060 batur
379 2011 469 2059 recte.
508 2001 647 2058 Oblatam
665 2000 721 2057 sibi
739 2000 896 2058 mulierem
915 2000 1090 2060 freneticam
1105 2011 1135 2060 et
1152 2001 1272 2060 funibus
1285 2004 1431 2074 vinctam,
1516 2051 1517 2066 .

274 2107 375 2146 coram
388 2089 470 2146 omni
484 2090 595 2163 populo
608 2087 704 2145 crucis
718 2089 805 2162 signo
818 2091 940 2146 curauit.
1009 2078 1126 2148 Mulier
1137 2093 1267 2163 quedam
1279 2093 1311 2148 in
1325 2093 1432 2150 Scotia

230 2197 262 2234 ao
274 2195 343 2234 cum
361 2177 392 2233 in
412 2177 555 2234 cimiterio
574 2193 592 2232 a
609 2177 674 2232 viro
692 2177 740 2232 dei
760 2176 917 2233 benedicto
939 2177 1082 2235 orationis
1102 2179 1198 2252 gratia
1223 2190 1430 2251 pernoctaret,
1516 2253 1517 2256 Ἴ

275 2265 366 2322 homo
387 2265 531 2321 barbarus
556 2265 637 2320 illam
663 2263 758 2320 solam
784 2263 951 2336 reperiens,
978 2265 1101 2322 libidine
1120 2283 1267 2323 accensus
1287 2268 1319 2323 in
1342 2267 1429 2326 illam
1516 2257 1517 2262 ¹

274 2353 367 2410 irruit.
419 2351 607 2410 Tremelaeta
637 2351 746 2408 mulier
776 2360 806 2407 et
835 2352 998 2409 aduertens
1029 2353 1112 2410 illum
1142 2354 1286 2411 diabolico
1318 2357 1430 2428 spiritu

274 2441 408 2513 plenum,
434 2440 527 2496 ‘heus
552 2448 583 2496 tu
594 2437 613 2506 ⁵,
637 2437 742 2511 inquit,
768 2439 868 2508 miser,
893 2439 965 2512 quid
993 2439 1078 2514 agis?
1114 2439 1279 2500 Considera
1300 2443 1353 2498 vbi
1385 2461 1431 2512 es,
1515 2433 1516 2498 ἶ

274 2527 435 2585 reuerere⁸
453 2527 509 2584 bec
527 2535 639 2594 sancta,
657 2525 742 2583 defer
761 2526 818 2582 deo
834 2535 865 2583 et
881 2527 1026 2584 Malachie
1046 2544 1137 2585 seruo
1154 2531 1228 2599 eius,
1242 2539 1271 2586 et
1291 2531 1346 2586 tibi
1368 2533 1429 2604 ipsi

230 2636 260 2686 ²5
274 2619 381 2690 parce!
418 2615 554 2687 Cumque
566 2614 651 2672 furiis
669 2615 796 2687 agitatus
809 2615 919 2688 iniquis
929 2615 939 2648 ⁷
951 2634 1012 2673 non
1025 2617 1194 2688 desisteret,
1211 2635 1281 2676 ecce
1293 2637 1431 2678 venena·

273 2713 338 2762 tum
363 2713 392 2761 et
413 2704 561 2760 tumidum
583 2701 692 2760 animal
711 2703 791 2775 quod
811 2702 953 2760 bufonem
971 2715 1088 2776 vocant,
1108 2705 1209 2764 visum
1228 2717 1275 2764 est
1298 2717 1429 2781 reptans

274 2793 357 2850 exire
371 2793 488 2849 deinter
501 2791 615 2848 femora
627 2791 769 2847 mulieris.
806 2791 1012 2850 Tremeiactus
1026 2793 1115 2851 homo
1127 2795 1230 2863 resilit,
1240 2803 1271 2851 et
1280 2795 1431 2856 confusus

274 2881 375 2939 statim
402 2878 574 2938 abscessitt
644 2866 680 2934 A
704 2877 752 2934 die
777 2877 874 2950 primo
894 2880 1101 2938 conuersionis
1121 2883 1176 2938 viri
1197 2881 1246 2938 dei
1267 2899 1368 2956 vsque
1388 2887 1428 2942 ad
1514 2917 1515 2954 r

274 2979 444 3026 extremum
456 2968 516 3025 vite
533 2983 588 3023 sue
604 2965 670 3022 sine
682 2965 804 3039 proprio
821 2967 912 3024 vixit:
933 2984 995 3025 non
1008 2985 1123 3038 seruos,
1135 2987 1196 3026 non
1214 2969 1349 3040 ancillas
1364 2990 1428 3030 non
1514 2955 1515 2986 ἢ

228 3077 261 3126 30
274 3058 368 3127 villas,
382 3057 609 3128 necquicquam
628 3053 797 3110 reddituum
815 3054 1085 3112 ecclesiasticorum
1111 3057 1355 3116 seculariumue⁹
1374 3061 1424 3118 vel

274 3147 304 3202 in
318 3145 385 3218 ipso
398 3143 499 3200 habuit
511 3144 685 3215 episcopatu
695 3141 735 3210 10;
755 3158 811 3198 nec
824 3141 947 3198 domum
961 3144 1123 3215 propriam.
1160 3143 1231 3201 Erat
1244 3146 1328 3202 enim
1341 3164 1425 3220 pene

273 3235 462 3289 incessanter
485 3231 633 3287 circuiens
656 3228 813 3301 parochias
839 3245 955 3299 omnes,
980 3231 1135 3304 euangelio
1166 3233 1305 3289 seruiens
1330 3243 1363 3290 et
1389 3238 1430 3294 de

273 3319 431 3392 euangelio
460 3317 576 3386 viuens‚
604 3317 680 3372 sicut
710 3315 862 3372 constituit
885 3317 913 3374 ei
938 3318 1088 3376 dominus.
1126 3318 1233 3376 Mense
1256 3320 1429 3396 episcopali

274 3407 348 3462 nihil
361 3423 486 3478 prorsus
499 3404 692 3461 constitutum
702 3405 750 3460 vel
763 3405 948 3477 assignatum
960 3414 1025 3462 erat
1036 3406 1116 3462 vnde
1128 3406 1289 3479 episcopus
1298 3410 1429 3468 viueret.

228 3515 259 3568 ³5
274 3493 351 3551 Cum
382 3493 477 3549 exiret
508 3493 546 3548 ad
576 3491 803 3564 predicandum,
827 3509 895 3548 cum
921 3493 1072 3566 peditibus
1096 3495 1191 3567 pedes
1215 3503 1245 3551 et
1269 3494 1337 3568 ipse
1365 3497 1429 3558 ibat
1513 3513 1514 3516 ’

273 3582 436 3656 episcopus
459 3589 489 3636 et
509 3580 633 3652 legatus.
673 3579 782 3635 Forma
806 3581 969 3652 apostolica
989 3581 1053 3652 hec,
1077 3591 1108 3638 et
1132 3581 1202 3638 inde
1226 3582 1324 3656 magis
1349 3587 1430 3646 mira
1513 3577 1514 3653 ζ

272 3667 305 3724 in
329 3663 475 3721 Malachia
493 3681 554 3736 quo
573 3663 604 3719 in
626 3662 692 3720 aliis
713 3663 802 3720 nimis
824 3681 899 3721 rara.
936 3664 1036 3721 Ceteri
1058 3665 1163 3737 prelati
1181 3665 1379 3726 dominantur
1397 3672 1430 3730 in

274 3753 375 3812 clero:
394 3754 451 3810 iste
473 3753 545 3809 dum
563 3760 645 3808 esset
664 3751 741 3808 liber
761 3767 800 3806 ex
822 3753 970 3822 omnibus,
993 3753 1129 3809 omnium
1147 3771 1181 3810 se
1200 3769 1324 3812 seruum
1346 3755 1429 3818 lecit.
1512 3817 1513 3828 2

274 3841 321 3900 Illi
357 3851 407 3898 aut
418 3839 438 3873 ¹¹
469 3857 530 3897 non
567 3838 812 3911 euangelizantes
847 3841 1038 3910 manducant,
1069 3849 1120 3897 aut
1150 3840 1361 3914 euangeliaant
1395 3857 1429 3908 vt

306 3981 368 4032 ¹sc
381 3981 476 4042 Dowu,
488 3979 574 4029 which
586 3993 631 4028 see
643 3978 677 4027 be
691 3991 752 4025 now
763 3978 871 4026 severed
885 3979 949 4028 from
962 3979 1076 4030 Connor.
1135 3978 1190 4030 ¹13.
1199 3981 1282 4032 vobis.
1345 3981 1428 4037 ’om

272 4050 300 4097 in
314 4047 343 4098 E.
410 4046 419 4076 ¹
436 4046 464 4097 Τ.
478 4046 557 4096 adds:
576 4045 670 4094 Postea
682 4057 746 4091 uero
758 4058 815 4092 cum
829 4044 877 4092 iam
890 4052 994 4094 sanctus
1004 4053 1074 4094 esset
1085 4046 1111 4093 in
1124 4053 1193 4095 terra
1200 4062 1256 4107 sua,
1268 4047 1338 4097 misit
1349 4050 1426 4102 alios.

273 4113 400 4176 Quicum
419 4120 550 4174 assumpto
568 4111 656 4160 habitu
674 4109 816 4158 monastico
833 4111 926 4159 eruditi
943 4119 970 4159 et
990 4111 1108 4160 instructi
1126 4111 1242 4173 tuissent,
1261 4113 1322 4163 dato
1340 4117 1382 4164 eis
1401 4119 1428 4168 in

273 4188 371 4242 patrem
384 4187 475 4228 sancto
486 4179 563 4226 tratre
575 4176 725 4226 Christiano
736 4176 778 4237 qui
791 4190 857 4224 unus
869 4191 902 4224 ex
914 4177 975 4238 ipsis
987 4185 1043 4226 erat
1055 4177 1156 4242 [emissi
1168 4178 1237 4241 sunt]
1247 4195 1253 4234 ς
1270 4188 1297 4228 et
1308 4182 1429 4233 adiuncti

272 4253 334 4295 sunt
345 4245 394 4293 illis
405 4243 495 4307 quanti
509 4243 656 4292 sufficerent
671 4242 704 4291 ad
717 4256 850 4290 numerum
861 4241 970 4290 abbacie.
1005 4241 1065 4303 Que
1076 4244 1194 4306 concepit
1204 4250 1231 4292 et
1242 4247 1346 4306 peperit
1356 4247 1429 4304 tilios
1511 4239 1512 4286 l

272 4313 394 4374 quinque.
425 4309 662 4372 tominTanner).
734 4307 790 4355 εΤ.
803 4308 868 4356 heus
880 4315 914 4366 tu,
928 4307 956 4356 F.
971 4309 1021 4357 heu
1034 4317 1067 4358 te.
1134 4308 1189 4358 ‘a
1203 4324 1303 4361 reuera.
1372 4311 1429 4366 Ὗ..
1511 4317 1512 4350 l

273 4378 383 4440 iniquus.
425 4374 481 4424 ¹12.
494 4375 611 4424 abcessit.
650 4373 707 4423 ⁸E.
718 4371 871 4423 secularium
883 4389 924 4422 ne.
975 4375 994 4404 ¹⁹
1011 4373 1039 4425 F.
1054 4374 1239 4440 episcopatum.
1292 4376 1310 4406 ¹¹
1327 4386 1426 4432 autem.
