3044 4878
423 301 691 397 basonus
714 301 880 404 utura.
1181 328 1224 396 19

70 505 157 561 stella
176 504 323 562 matutina
341 507 420 562 inter
438 505 563 562 nebulas
582 503 687 578 glorie,
705 514 815 562 extunc
828 503 913 577 quasi
932 503 1004 561 luna
1022 503 1113 577 plena
1131 511 1221 576 atque

71 593 206 664 perfecta
218 593 248 650 in
261 595 370 650 diebus
382 592 445 650 suis
459 593 552 649 eluxit
570 603 599 650 et
619 594 784 650 misterium
798 593 928 649 nominis
941 593 987 649 sui
1001 593 1122 665 (helena
1139 592 1221 649 enim

71 697 169 752 grece,
192 681 297 738 ‘luna’
316 680 425 738 dicitur
448 681 550 750 latine)
577 681 722 754 preclaris
743 680 876 737 moribus
901 681 1014 736 mundo
1040 680 1220 748 declarauit;

71 769 154 825 cuius
165 767 269 841 vtique
283 767 426 826 sanctitas
435 768 584 826 immensa
595 769 711 826 cunctis
723 767 859 836 innotuit,
872 787 906 824 ac
919 767 969 840 pie
983 765 1220 824 conuersationis
1292 807 1299 820 .

70 863 99 910 et
118 855 289 912 deuotionis
308 855 437 928 prestitit
458 855 640 928 exemplum.
676 855 773 912 ¹Nam
791 864 821 912 et
843 855 944 912 omnia
962 855 1027 910 loca
1045 863 1219 928 sanctaque
1236 873 1250 923 5

70 951 128 998 tam
140 941 173 998 in
187 943 324 1016 partibus
334 943 605 1000 hierosolomitanis
613 961 702 1016 quam
712 943 742 999 in
753 943 818 1000 aliis
830 943 965 1016 partibus
973 942 1104 998 saluator
1117 950 1221 1000 noster

70 1027 208 1087 Christus
231 1030 340 1088 lhesus
358 1047 414 1088 sua
431 1031 542 1088 deitate
560 1040 591 1088 et
610 1030 791 1086 humanitate
809 1048 843 1087 ac
862 1029 996 1103 potentia
1014 1031 1219 1099 consecrauit;

71 1133 128 1188 que
147 1129 178 1176 et
191 1119 278 1192 prius
290 1135 330 1175 ex
343 1119 536 1192 suggestione
549 1118 709 1190 impiorum
723 1117 885 1174 iudeorum
898 1117 964 1190 ipsa
982 1126 1087 1174 sancta
1099 1116 1220 1173 Helena

69 1205 258 1276 prophanata
277 1205 380 1262 habuit
400 1214 430 1262 et
449 1205 562 1274 odiosa,
582 1205 688 1262 eadem
710 1205 902 1277 postmodum
924 1206 961 1261 ad
985 1205 1103 1260 laudem
1122 1203 1171 1260 dei
1189 1213 1221 1260 et

71 1291 279 1349 confusionem
301 1292 461 1350 ludeorum
483 1293 635 1349 humiliter
653 1291 784 1350 uisitauit
809 1301 839 1349 et
860 1292 1055 1350 deuotissime
1075 1292 1219 1362 adorauit,
1237 1305 1267 1342 ¹0

70 1377 173 1436 ditauit
185 1389 217 1436 et
229 1381 391 1453 ampliauit.
428 1380 493 1436 Non
508 1380 605 1438 solum
619 1389 718 1436 autem
732 1380 798 1450 hoc,
812 1381 866 1438 sed
878 1389 909 1436 et
921 1397 1013 1454 super
1025 1380 1143 1452 singula
1155 1380 1220 1436 loca

71 1466 291 1536 pulcherrimas
303 1467 446 1524 ecclesias
459 1467 666 1540 ditissimaque
674 1467 856 1524 monasteria
864 1467 930 1524 siue
943 1468 1068 1541 collegia
1075 1466 1219 1536 fundauit,

70 1563 98 1609 et
115 1555 145 1609 in
167 1555 216 1612 his
235 1555 428 1628 patriarchas,
448 1555 699 1628 archiepiscopos,
720 1557 888 1628 episcopos,
900 1555 1035 1625 abbates
1051 1563 1081 1611 et
1102 1554 1219 1627 presbi-

71 1649 149 1698 teros
162 1659 198 1698 ac
212 1641 263 1700 dei
276 1641 431 1698 ministros
449 1642 574 1699 instituit
592 1652 622 1699 et
637 1642 795 1712 ordinauit,
808 1643 917 1716 quibus
929 1651 959 1698 et
972 1642 1084 1715 predia,
1097 1659 1219 1714 posses-

70 1727 171 1786 siones
184 1747 221 1786 ac
234 1729 369 1786 decimas
381 1730 637 1787 abundantissime
650 1730 808 1802 errogauit
845 1730 934 1786 Vnde
951 1739 989 1798 et,
1003 1739 1163 1803 postquam
1177 1735 1219 1800 (vt
1236 1747 1265 1798 ¹5

71 1815 224 1886 diximus),
249 1817 434 1874 reuelatione
458 1817 568 1884 diuina,
593 1817 744 1875 salutifere
768 1819 866 1874 crucis
889 1818 1033 1874 vexillum
1058 1835 1092 1874 ac
1118 1817 1218 1874 clauos

71 1902 183 1960 domini
212 1905 323 1960 meruit
346 1903 493 1973 inuenire,
512 1914 623 1962 extunc
654 1923 746 1978 super
770 1907 902 1962 eundem
933 1905 1030 1962 locum
1061 1904 1092 1960 in
1117 1913 1219 1961 monte

71 1988 217 2059 Caluarie‚
230 1991 280 2048 vbi
293 2000 323 2047 et
336 1992 529 2064 sepulchrum
539 2001 586 2050 est
596 1992 715 2061 Christi,
730 1993 963 2066 pulcherrimam
978 1992 1135 2048 ecclesiam
1148 2009 1219 2048 con·

70 2077 184 2146 struxit,
208 2079 417 2152 ditissimeque
437 2080 560 2137 dotauit
598 2080 698 2153 Super
721 2081 806 2138 iilum
824 2080 915 2138 etiam
940 2079 1037 2136 locum
1050 2078 1100 2135 vbi
1120 2079 1218 2151 angeli

69 2167 241 2236 pastoribus
248 2177 431 2240 apparentes
438 2167 623 2224 natiuitatem
633 2168 743 2226 Christi
756 2167 1014 2225 annunciauerunt
1030 2175 1060 2224 et
1069 2169 1076 2198 ‘
1086 2166 1217 2240 gloriain
1235 2188 1267 2224 ao

71 2253 200 2311 excelsis
214 2255 289 2312 deo’
303 2263 509 2325 cantauerunt,
519 2265 622 2312 sancta
631 2254 751 2314 Helena
760 2255 1011 2313 formosissimam
1023 2271 1058 2310 ac
1069 2253 1219 2328 duplicem

71 2340 228 2398 ecclesiam
236 2341 411 2410 construxit,
421 2359 510 2415 quam
524 2342 641 2400 ‘Gloria
650 2343 680 2398 in
689 2343 833 2400 excelsis'
845 2342 971 2412 vocauit,
981 2342 1218 2414 ditissimumque

72 2427 227 2501 collegium
237 2429 449 2486 canonicorum
457 2430 497 2486 ibi
505 2429 649 2487 fundauit.
662 2430 763 2486 Aliam
774 2447 892 2503 quoque
901 2431 977 2488 mire
987 2429 1217 2503 pulchritudinis

71 2515 229 2573 ecclesiam
247 2515 316 2574 fecit
334 2519 365 2573 in
384 2516 502 2574 ciuitate
519 2517 668 2574 Nazareth
688 2517 719 2575 in
739 2519 804 2574 loco
822 2518 872 2575 vbi
890 2520 998 2576 domus
1017 2518 1103 2574 beate
1122 2516 1217 2572 Marie

72 2613 132 2658 erat
144 2603 199 2660 sita
210 2623 218 2672 ;
238 2603 269 2660 in
282 2621 342 2676 qua
354 2613 384 2661 et
396 2603 656 2677 archiepiscopum
669 2614 757 2678 atque
770 2605 930 2662 canonicos
948 2605 1118 2677 multosque
1131 2621 1216 2676 pres·
1235 2613 1269 2678 ις

72 2688 180 2748 bitems
186 2691 345 2749 ordinauit
382 2691 481 2747 Aliam
493 2691 627 2765 insuper,
639 2701 670 2750 et
677 2693 813 2750 eiusdem
823 2691 1061 2765 pulchritudinis,
1074 2691 1105 2748 in
1115 2700 1216 2748 monte

73 2773 207 2849 Thabor;
227 2779 280 2835 vbi
292 2787 324 2834 et
336 2777 532 2835 fortissimum
546 2778 761 2836 monasterium
772 2779 908 2836 fundauit
915 2789 945 2836 et
954 2779 985 2835 in
995 2781 1118 2835 modum
1127 2778 1217 2836 castri

73 2865 199 2922 turribus
216 2883 252 2922 ac
270 2865 364 2922 muris
384 2883 417 2922 ac
438 2867 672 2939 propugnaculis
687 2867 820 2939 vndique
839 2865 987 2935 firmauit;
1007 2865 1091 2922 cuius
1116 2867 1217 2934 abbas,

73 2951 181 3010 ordinis
208 2954 305 3010 sancti
331 2952 493 3022 Benedicti,
517 2952 619 3024 infula,
644 2953 741 3024 anulo,
767 2955 875 3010 baculo
907 2952 1048 3026 pastorali
1079 2970 1113 3010 ac
1138 2953 1217 3010 bulla

74 3037 210 3108 plumbea
229 3041 376 3097 utebatur.
412 3040 482 3096 Alia
500 3058 621 3113 quoque
640 3041 727 3113 plura
746 3043 930 3098 monasteria
954 3040 1073 3112 singula
1092 3040 1122 3096 in
1144 3040 1218 3096 locis
1231 3064 1264 3113 30

73 3123 213 3197 singulis¹
225 3127 392 3196 edificabat,
402 3127 559 3199 dequibus
567 3128 706 3186 omnibus
716 3129 839 3201 longum
850 3138 933 3185 esset
944 3130 1101 3185 enarratio.
1122 3128 1217 3184 Porro

73 3211 117 3279 (vt
140 3215 177 3270 de
204 3215 342 3287 pluribus
358 3214 407 3271 vel
426 3231 521 3288 pauca
540 3215 718 3287 edisseram)
739 3214 794 3272 hec
817 3217 1019 3272 sacratissima
1040 3215 1216 3287 imperatrix

75 3296 196 3368 Helena,
206 3311 367 3374 postquam
381 3310 515 3359 montem
529 3301 675 3372 Caluarie‚
684 3311 715 3358 vt
725 3304 929 3375 supradictum
938 3313 993 3373 est,
1001 3312 1032 3360 et
1044 3303 1101 3358 alia
1113 3313 1217 3360 sancta

74 3384 134 3442 loca
146 3389 253 3446 deuote
266 3387 428 3458 visitasset,
436 3389 565 3446 veniens
576 3389 730 3446 Bethleem
739 3390 777 3446 ad
787 3390 961 3462 speluncam
971 3400 1001 3447 et
1019 3390 1170 3464 tugurium
1185 3392 1214 3446 in

74 3489 130 3544 quo
142 3475 216 3533 deus
230 3475 285 3532 fuit
298 3475 389 3532 homo
402 3486 498 3546 natus,
508 3476 538 3532 in
549 3493 640 3549 quam
650 3477 761 3534 scilicet
768 3477 944 3551 speluncam
953 3487 1021 3550 post
1030 3478 1215 3536 natiuitatem
1230 3500 1261 3550 35

76 3559 182 3618 domini
189 3581 287 3636 usque
297 3565 335 3620 ad
345 3562 416 3620 illud
426 3573 547 3637 tempus
557 3563 670 3634 (diuina
678 3565 877 3637 prouidentia)
890 3565 974 3622 ludei
984 3583 1022 3621 ex
1030 3565 1142 3622 inuidia
1149 3566 1214 3622 nul·

74 3645 132 3703 lum
142 3649 252 3708 intrare
263 3649 467 3723 permiserunt
477 3653 559 3721 (nam
568 3661 598 3708 et
608 3651 706 3724 ipsum
714 3654 812 3709 locum
821 3669 876 3725 pro
884 3653 948 3708 loco
956 3653 1112 3709 maledicto
1121 3653 1215 3710 habu·

75 3745 158 3792 erunt
168 3746 198 3794 et
209 3737 430 3812 prophanato):
449 3738 480 3794 in
494 3738 594 3812 ipsum
607 3739 806 3796 diuersorium
820 3740 907 3796 beata
921 3739 1038 3796 Helena
1050 3741 1158 3796 deuote
1166 3741 1210 3796 in·

76 3828 161 3892 trans,
174 3824 289 3882 inuenit
301 3824 342 3882 ibi
361 3841 479 3882 sacrum
492 3843 621 3898 presepe
634 3827 665 3882 in
677 3827 757 3899 quod
772 3825 880 3883 lhesus
892 3826 1054 3884 infantulus
1069 3828 1170 3884 iacens
1182 3827 1212 3884 in

76 3905 140 3966 feno
150 3921 216 3970 ante
229 3911 350 3970 asinum
362 3921 392 3970 et
401 3913 509 3970 bouem
520 3912 573 3969 fuit
582 3913 704 3985 positus,
715 3922 745 3968 et
756 3914 786 3968 in
797 3913 864 3986 ipso
872 3917 1012 3987 presepio
1021 3931 1138 3987 pannos
1148 3913 1213 3986 qui·
1227 3936 1261 3985 40

77 3993 128 4052 bus
139 3997 202 4069 ipse
212 3999 323 4056 lhesus
337 3999 447 4057 ibidem
458 3999 555 4056 extitit
568 3999 727 4068 innuimus,
736 3999 837 4056 fenum
848 4000 972 4074 insuper
981 4002 1012 4057 in
1022 4019 1081 4073 quo
1089 4000 1214 4070 iacebat,

75 4089 104 4136 et
114 4087 262 4144 canisiani
276 4087 450 4144 beatissime
456 4085 582 4160 virginis
593 4087 687 4144 Maris
700 4087 852 4160 genitricis
860 4087 917 4157 dei,
927 4105 1018 4160 quam
1028 4088 1059 4144 in
1072 4089 1214 4161 presepio

77 4168 159 4228 oblita
173 4172 239 4246 ipsa
257 4173 414 4232 dimiserat
425 4175 547 4248 quando
565 4191 633 4232 cum
652 4175 797 4232 infantulo
813 4174 903 4232 lhesu
922 4176 960 4232 de
979 4175 1124 4249 spelunca
1140 4175 1215 4252 fugit

304 4343 314 4376 ²
332 4345 372 4397 ct.
385 4345 504 4397 Historia
514 4347 589 4396 trium
604 4345 712 4408 Regum.
819 4347 870 4398 ⁸13.
883 4347 981 4410 singlis.

617 4445 635 4484 C
647 4445 666 4485 2
