3044 4894
270 278 317 354 70
581 259 712 346 tacut
738 253 929 361 Muenna
954 253 1105 360 finalia.

268 456 375 530 Dauid,
394 457 579 532 spiritualem
598 458 752 528 citharam,
774 459 1001 516 consonantiam
1020 475 1105 514 sacre
1124 455 1281 529 scripture,
1300 454 1416 514 insanie

267 545 366 603 Saulis
405 555 623 620 temperantem
633 545 652 617 ¹,
684 545 822 603 manibus
858 545 1040 618 acceptauit:
1074 545 1105 600 in
1142 562 1203 617 qua
1237 543 1417 602 sufficientia

266 633 401 692 armonio
432 634 629 692 deliramenta
652 651 765 691 vesane
789 633 901 690 inuidie
926 633 1115 689 exheredare
1141 632 1296 690 didicerat.
1333 632 1416 701 Quis,
1513 689 1514 698 ,

266 739 370 793 queso,
389 730 450 778 tarn
469 722 560 779 dilate
578 720 770 794 benignitatis
791 719 987 777 constantiam
1007 737 1067 776 non
1088 721 1222 791 miretur,
1242 722 1315 777 dum
1337 737 1417 776 com·

239 827 253 879 5
267 809 418 883 plexionis
437 809 563 866 colerice
582 808 720 866 scintillis
736 809 836 865 eidem
848 808 920 864 vitio
933 808 1105 864 naturaliter
1120 807 1294 880 dispositus,
1312 817 1417 864 nature

267 895 332 953 iura
355 897 582 964 transcendens,
604 895 777 969 perfusione
796 895 891 968 gratie
912 896 1030 952 sideree
1049 895 1194 951 naturalis
1212 895 1418 968 dispositionis

267 999 403 1040 errorem
416 983 576 1040 eliminans
593 983 748 1040 ruinosum
758 984 777 1052 ¹,
790 982 964 1039 imitabilem
979 981 1090 1038 Christi
1103 991 1283 1039 sectatorem
1297 1001 1332 1040 se
1346 983 1418 1039 fide·

268 1071 383 1128 lissime
397 1069 623 1143 comprobauiti
698 1057 794 1143 Igitur
812 1070 1027 1142 scripturarum
1045 1078 1161 1126 amator
1178 1070 1418 1136 ardentissimus,

267 1157 549 1230 probatissimorum
571 1159 728 1215 doctorum
745 1157 872 1215 ecclesie
891 1157 983 1214 libros
1001 1156 1134 1214 studiose
1153 1158 1291 1231 perlegit,
1302 1169 1335 1216 et
1353 1177 1419 1232 per-

225 1264 255 1300 ro
268 1245 396 1318 legendo
420 1245 594 1303 retinendos
619 1244 764 1302 memorie
788 1245 1017 1302 commendauit.
1056 1243 1107 1302 Sic
1132 1245 1322 1318 dispensauit
1347 1257 1418 1304 tem·

268 1333 390 1406 poralia,
405 1333 485 1405 quod
502 1333 643 1390 connubii
658 1331 822 1405 spiritualis
836 1349 904 1388 cum
920 1332 1040 1388 Christo
1056 1331 1174 1389 vincula
1192 1350 1252 1388 non
1272 1334 1419 1391 dissoluit

269 1419 471 1488 Ociositatem,
496 1420 700 1493 cuiuscunque
721 1419 784 1477 vitii
809 1421 966 1489 nutricem,
990 1419 1150 1493 diligenter
1174 1421 1341 1492 excutiens,
1366 1440 1419 1495 pro

269 1507 406 1564 instantis
419 1507 480 1564 vite
493 1507 679 1564 reuolutione
692 1518 742 1565 aut
757 1507 876 1564 Marthe
890 1507 992 1576 labori,
1005 1508 1053 1563 vel
1074 1507 1168 1564 Marie
1183 1508 1288 1581 gauiso
1309 1510 1420 1566 merorl

269 1595 539 1667 contemplabiliter
568 1595 734 1652 desudauit.
813 1583 990 1652 Accedente
1020 1603 1158 1668 tempore
1183 1613 1262 1652 vnus
1286 1597 1327 1676 de
1351 1615 1420 1654 con·

227 1701 255 1750 15
270 1681 409 1739 fratribus
432 1699 450 1738 a
474 1683 605 1755 quodam
635 1692 802 1740 mercatore
833 1700 888 1756 pro
916 1699 976 1739 non
1004 1683 1121 1739 modica
1148 1699 1266 1740 summa
1291 1686 1421 1757 pecunie

269 1785 374 1842 capam
405 1769 478 1828 emit
508 1780 724 1842 sumptuosam,
748 1771 798 1842 qui
830 1780 936 1844 postea
965 1770 1128 1827 venerabili
1159 1781 1344 1844 conquestus
1376 1783 1422 1830 est

270 1857 361 1930 priori
386 1859 465 1930 quod
490 1865 639 1914 mercator
658 1857 717 1926 ille,
735 1859 837 1914 votiua
858 1857 998 1914 firmitate
1017 1857 1169 1926 dissoluta,
1188 1858 1421 1918 intollerabilem

270 1945 327 2002 sibi
358 1945 502 2002 offerebat
527 1944 674 2002 iniuriam.
721 1945 814 2002 Cuius
838 1946 1083 2018 suspendendam
1109 1946 1280 2018 superbiam
1307 1959 1339 2004 et
1363 1949 1422 2006 ela·

270 2032 383 2090 tionem
398 2032 553 2106 piissimus
566 2043 670 2105 pastor
683 2033 806 2090 elimare
816 2031 826 2065 ³
836 2033 1009 2106 disponens,
1018 2033 1212 2090 considerans
1221 2035 1338 2102 intime,
1348 2037 1423 2094 sicut

227 2145 257 2180 20
271 2121 376 2194 rubigo
389 2120 501 2177 serrum
515 2121 659 2188 deuastat,
669 2119 750 2178 tinea
759 2129 876 2178 vestem
886 2120 1017 2189 dilaniat,
1027 2120 1066 2176 sel
1079 2121 1163 2178 lactis
1176 2122 1372 2181 dulcedinem
1382 2124 1423 2180 in-

271 2207 367 2278 festat,
379 2224 530 2264 venenum
545 2207 694 2264 mellicum
708 2207 862 2266 dulcorem
875 2209 1025 2276 amaricat,
1039 2209 1081 2265 sic
1094 2209 1237 2282 superbia
1248 2211 1423 2284 religiosam

271 2295 467 2352 humilitatem
480 2303 632 2369 expugnat
643 2315 649 2366 ;
668 2305 700 2352 vt
713 2296 902 2368 supradictus
914 2295 1072 2368 religiosus
1084 2313 1102 2352 a
1114 2306 1175 2352 tam
1187 2299 1359 2370 sumptuosi
1372 2317 1424 2372 ap-

271 2392 393 2456 paratus
415 2382 545 2439 nouitate
565 2383 733 2454 desisteret,
752 2399 842 2440 manu
861 2384 979 2456 corpori
1002 2383 1124 2456 proprio
1147 2384 1254 2441 iniecta
1272 2385 1367 2444 talem
1386 2406 1423 2444 ex

272 2471 428 2543 premissis
440 2470 537 2527 intulit
549 2471 773 2528 conclusionem
786 2470 965 2528 laudabilem
977 2489 985 2528 ε
1006 2470 1122 2540 ‘Nimii,
1135 2471 1239 2544 inquit,
1251 2473 1365 2530 valoris
1378 2487 1425 2531 est

228 2583 240 2620 2
244 2585 257 2634 5
272 2576 346 2630 capa
355 2557 447 2631 precii
461 2575 516 2614 sex
527 2557 689 2615 solidorum
699 2560 737 2615 ad
745 2559 960 2615 inuoluendum
969 2566 1051 2613 tante
1059 2558 1228 2630 putredinis
1240 2561 1426 2618 cadauerum

271 2645 484 2703 vilissimum':
503 2645 608 2702 volens
627 2646 658 2702 in
678 2647 734 2703 hoc
753 2645 978 2718 exemplificare
996 2655 1028 2702 vt
1047 2655 1150 2720 spreto
1171 2647 1261 2720 pallio
1279 2650 1425 2721 superbie

272 2734 423 2790 subiectus
435 2732 466 2788 in
480 2742 565 2805 patre
584 2732 797 2790 informaretur
810 2732 975 2789 humilitate
986 2732 1146 2790 virescere.
1183 2734 1313 2804 Quidam
1333 2739 1425 2793 etiam

272 2821 328 2877 sibi
337 2821 734 2893 suggesserant‘instantius
742 2823 821 2895 quod
831 2821 1426 2896 propterprelatic[dignitatem]penulas

272 2917 387 2965 emeret
400 2908 560 2980 preciosas,
574 2908 684 2981 quibus
700 2909 803 2965 mundi
821 2911 961 2965 decorem
974 2908 1109 2966 ornatius
1122 2908 1269 2966 indueret.
1307 2911 1426 2981 Quibus

228 3017 259 3064 30
272 3005 357 3069 pater
366 2995 565 3052 humillimum
574 2995 672 3052 intulit
681 3013 875 3070 responsum:
889 2995 1053 3064 ‘Pellicule‚
1061 2995 1165 3068 inquit,
1173 3015 1320 3070 agnorum
1331 3001 1427 3056 nostn'

272 3083 406 3157 corporis
426 3084 535 3140 molem
554 3083 737 3140 sufficienter
754 3084 884 3156 clipeant
902 3101 919 3139 a
938 3083 1083 3155 frigore:’
1104 3084 1211 3141 nolens
1227 3103 1334 3142 eorum
1354 3105 1425 3160 per·

273 3171 463 3228 suasionibus
481 3171 584 3228 vacuis
602 3171 777 3244 retorqueri,
792 3172 843 3243 qui
863 3171 1007 3228 secularis
1026 3187 1137 3244 pompe
1154 3172 1225 3227 vitio
1242 3172 1427 3246 triumphato

272 3260 303 3316 in
323 3259 369 3316 sui
388 3267 560 3332 contemptu
580 3275 791 3330 perseuerans,
808 3259 889 3315 vires
910 3261 1045 3332 percepit
1065 3259 1261 3316 adulterantis
1282 3264 1427 3334 superbie

272 3346 469 3404 damnatiuas.
544 3334 610 3402 Hic
625 3346 714 3419 igitur
731 3346 954 3404 amantissimas
972 3345 1074 3403 diuine
1092 3347 1169 3420 legis
1188 3349 1357 3407 sententias
1376 3369 1428 3407 ex-

228 3453 258 3504 35
273 3443 404 3503 estuans,
432 3434 510 3491 vitas
529 3442 648 3506 patrum
674 3434 956 3506 prouidissimorum
982 3435 1144 3506 perlegens
1169 3438 1369 3507 excubanter,
1395 3439 1426 3494 in

273 3521 357 3579 illum
376 3520 524 3594 scripture
543 3521 662 3577 titulum
681 3523 832 3579 ocularem
852 3522 986 3595 porrexit
1004 3531 1159 3594 aspectum
1177 3541 1237 3596 quo
1256 3527 1428 3582 cautelosus

273 3610 322 3667 ille
336 3625 465 3682 serpens
483 3610 624 3682 antiquus
642 3618 776 3666 tortuosa
794 3608 941 3666 tirannide
954 3611 1105 3682 quendam
1118 3610 1282 3668 solitarium
1295 3613 1429 3670 visitauit

273 3697 380 3755 visuali
406 3695 514 3769 effigie.
561 3697 697 3766 Quorum
721 3698 883 3754 verborum
909 3707 1045 3754 tenorem
1073 3697 1253 3754 venerabilis
1280 3702 1429 3758 memorie

273 3786 446 3844 Willelmus
486 3783 704 3857 Slegh’tltolm.⁶
739 3794 809 3841 tunc
843 3785 987 3858 temporis
1023 3785 1321 3857 capellanus—modo
1356 3807 1430 3846 vero

228 3897 261 3946 40
273 3872 438 3933 sanctitatis
460 3872 623 3929 eminentia
640 3873 826 3930 choruscus⁸
844 3873 994 3930 miraculis
1016 3872 1097 3929 idem
1117 3874 1333 3930 monasterium
1358 3895 1429 3934 con·

273 3966 394 4020 decorat
408 3971 438 4018 et
451 3961 655 4018 exuberanter
673 3961 992 4018 adomat-discretius
1010 3959 1140 4028 intuens,
1153 3961 1242 4031 huius
1258 3964 1430 4034 questionis

275 4051 428 4107 modulum
454 4047 532 4122 patri
558 4047 748 4105 sanctissimo
769 4048 954 4120 propalauit:
976 4048 1146 4104 ‘Interioris
1166 4049 1298 4105 hominis
1318 4054 1430 4109 anxius

274 4137 470 4209 intell[ect]u⁷
481 4137 613 4194 admiror
625 4153 686 4192 non
699 4135 849 4192 modicum
862 4153 953 4208 quare
967 4137 1072 4208 anguis
1085 4135 1167 4208 ipse’
1179 4146 1343 4207 tortuosus,
1352 4141 1430 4198 sicut

307 4249 363 4300 ¹E.
378 4253 582 4314 temperantiam.
647 4249 704 4300 ¹13.
714 4264 851 4298 rumosum.
917 4249 1121 4301 ⁸r.eliminarel
1187 4248 1431 4312 ‘Esugessennt

275 4316 323 4365 ³r.
336 4317 576 4378 Sleghtholmensis.
660 4314 715 4367 ⁸E.
729 4316 869 4366 cliomscis.
951 4313 1118 4368 'sintela
1201 4315 1257 4367 ³13.
1271 4318 1340 4380 ipso.
