3054 4904
270 271 338 346 Ι52
579 252 710 340 Εῦῦᾶ
734 249 924 354 meliust
947 251 1100 356 flnffliss.

267 449 381 508 nolenti
394 451 432 508 ad
446 449 576 510 Niniuen
590 470 720 526 pergere
733 454 857 510 domino
874 453 1003 523 volente,
1016 463 1100 514 cetus
1115 455 1206 514 vitale
1222 456 1426 530 sepulchrum

266 537 406 612 prebuit?
443 539 521 598 Ecce
540 539 628 597 simili
647 542 738 598 modo
756 541 842 600 nobis
858 541 888 600 in
907 543 1051 600 auxilium
1066 543 1113 600 hic
1130 545 1222 602 adeo
1240 553 1427 617 preparatus

266 629 330 684 est'
368 625 453 684 Tunc
477 628 616 686 omnibus
640 637 783 702 precepto
807 631 872 688 eius
896 629 928 686 in
952 648 1061 688 nauem
1083 631 1270 701 intrantibus,
1293 632 1426 690 missam

267 714 437 788 compleuit,
456 722 486 772 et
505 717 543 771 ad
565 733 675 773 nauem
695 719 838 789 perrexit.
876 717 988 792 Sicque
1007 736 1152 792 prospere
1177 720 1360 792 nauigantes
1385 721 1426 776 ad

238 802 483 872 monasterium
515 819 603 860 suum
637 803 769 876 regressi
802 793 1031 863 sunt—Post
1065 806 1121 863 hec
1153 824 1226 864 vero
1257 806 1426 863 Brendano

268 890 503 963 parentibusque
522 889 711 960 valefaciens,
730 909 798 949 curn
817 892 937 968 triginta
955 893 1050 952 tribus
1069 893 1224 967 discipulis
1243 895 1296 967 qui
1316 912 1426 952 secum

269 977 384 1036 educati
403 977 529 1048 fucrant,
548 980 585 1035 ad
605 995 688 1036 mare
707 979 851 1054 perrexit.
889 981 927 1038 Et
948 999 1017 1039 ccce
1039 981 1126 1038 nauis
1146 991 1250 1055 parata
1268 981 1300 1038 in
1320 983 1426 1039 littore

269 1066 365 1123 stabat
387 1083 455 1122 curn
477 1066 617 1123 omnibus
638 1067 818 1126 necessariis
826 1068 845 1137 ¹,
865 1076 896 1125 et
916 1069 1016 1126 velum
1037 1080 1197 1127 extensum
1216 1069 1247 1126 iu
1267 1087 1324 1140 ea;
1357 1071 1427 1128 nul-

270 1154 377 1227 lusque
395 1153 426 1210 in
445 1154 496 1210 illa
514 1163 617 1228 preter
632 1154 809 1228 [Christum]
821 1155 840 1224 ²,
853 1156 904 1229 qui
922 1157 1024 1214 omnia
1036 1157 1134 1214 seruis
1152 1157 1216 1214 suis
1234 1157 1427 1230 prouidebat.

226 1257 257 1295 ro
270 1241 355 1298 Tunc
375 1240 416 1298 illi
438 1242 529 1298 deum
549 1239 706 1298 laudantes
731 1260 799 1299 cum
821 1244 930 1316 gaudio
954 1261 1066 1301 nauem
1091 1246 1251 1302 intrabant.
1289 1244 1329 1301 Et
1354 1263 1427 1302 cum

270 1329 413 1402 nauigare
438 1329 616 1403 inciperent,
639 1331 821 1402 gubernator
846 1332 933 1389 nauis
957 1331 1122 1405 interrogat
1146 1333 1215 1390 illos
1243 1333 1355 1406 quibus
1385 1351 1427 1390 ex

270 1416 369 1474 causis
388 1416 515 1490 patriam
530 1425 731 1491 parentesque
751 1418 965 1492 relinquerent,
977 1429 1028 1478 aut
1046 1419 1077 1476 in
1094 1437 1185 1494 quam
1204 1420 1361 1492 regionem
1381 1421 1427 1478 ire

270 1504 390 1562 vellent.
429 1503 608 1564 Machutus⁸
619 1505 676 1563 ait:
697 1505 845 1564 ‘Patriam
855 1507 1062 1580 relinquimus,
1074 1517 1106 1566 vt
1115 1508 1206 1566 vitam
1216 1517 1353 1566 eternam
1366 1509 1428 1564 deo

271 1591 440 1650 seruientes
470 1609 579 1664 capere
613 1593 784 1665 valeamus;
822 1604 964 1668 parentes
994 1595 1172 1663 dimisimus,
1201 1605 1233 1652 vt
1263 1595 1427 1652 ecclesiam

228 1696 258 1746 15
272 1688 398 1736 matrem
411 1679 442 1735 in
456 1680 554 1748 terris,
567 1689 597 1738 et
609 1682 698 1739 deum
712 1690 829 1755 patrem
846 1682 934 1738 nobis
951 1682 1089 1740 inuenire
1106 1699 1277 1740 mereamur
1291 1683 1323 1738 iu
1340 1682 1428 1740 celis.

273 1766 403 1824 Patriam
424 1766 579 1824 Britonum
598 1778 742 1842 expetere
760 1769 907 1842 cupimus,
926 1769 952 1825 si
971 1771 1047 1827 deus
1066 1787 1247 1843 prosperum
1268 1769 1427 1842 nauigium
1524 1769 1525 1794 ³

272 1855 369 1924 nobis,
383 1855 479 1912 seruis
493 1855 564 1924 suis,
577 1855 677 1928 largiri
688 1855 845 1929 dignetur!
882 1857 1013 1914 Demum
1026 1867 1232 1930 peruenerunt
1244 1858 1281 1914 ad
1294 1857 1429 1914 insulam

273 1961 332 2016 que
346 1943 544 2016 September*
556 1953 697 2002 vocatur:
717 1945 766 2002 vbi
780 1945 920 2001 sacerdos
930 1945 1052 2016 quidam
1063 1945 1193 2004 fideliter
1204 1946 1261 2002 deo
1274 1944 1429 2016 seruiens,
1524 1943 1525 1948 ’

272 2031 394 2088 nomine
416 2029 556 2088 Festinus
566 2029 586 2102 ⁶,
606 2048 674 2087 cum
696 2031 777 2089 scola
795 2032 925 2105 plurima
944 2031 1103 2090 habitabat.
1141 2031 1186 2088 Illi
1205 2049 1277 2089 vero
1294 2031 1345 2104 qui
1372 2032 1429 2088 in‘

229 2141 260 2176 πο
273 2120 372 2176 insula
393 2127 479 2176 erant
498 2137 558 2176 vna
577 2137 649 2175 voce
669 2121 856 2178 clamabant:
889 2119 1006 2176 ‘Nolite
1026 2121 1076 2178 illa
1095 2129 1179 2192 parte
1201 2119 1323 2177 venire:
1352 2120 1432 2193 quia

274 2224 402 2280 serpens
414 2207 565 2264 maximus
578 2217 647 2264 ante
658 2225 714 2266 vos
726 2209 789 2265 est.⁸
827 2208 964 2280 Cumque
981 2207 1144 2280 cogitarent
1162 2207 1193 2264 in
1205 2207 1292 2264 aliam
1305 2217 1431 2278 partem

275 2312 385 2352 nauem
411 2304 538 2362 vertere,
563 2296 746 2368 gubernator
772 2295 831 2352 ait:
864 2295 948 2352 ‘Non
973 2295 1088 2368 legistis
1113 2297 1193 2368 quod
1222 2295 1362 2352 Christus
1398 2296 1433 2354 in
1524 2299 1525 2332 ³

274 2382 428 2456 euangelio
438 2382 524 2454 [dixit
532 2382 572 2454 ]⁷:
588 2383 687 2440 “Dedi
697 2383 782 2441 vobis
792 2391 970 2456 potestatem
981 2382 1112 2440 calcandi
1123 2399 1216 2456 super
1225 2391 1389 2454 serpentes
1400 2395 1434 2442 et

274 2471 458 2542 scorpiones,
468 2479 498 2528 et
508 2488 600 2544 super
609 2487 731 2528 omnem
740 2471 882 2528 virtutem
893 2469 1043 2530 inimici'’?
1080 2469 1177 2526 Nolite
1186 2470 1307 2527 timere!
1344 2469 1435 2530 Dum
1524 2543 1525 2546 Ἴ

230 2579 260 2630 ²5
276 2575 349 2630 ergo
368 2557 495 2628 exirent,
517 2559 617 2616 statim
636 2568 667 2615 vt
688 2576 796 2616 sonum
818 2575 923 2616 eorum
948 2558 1061 2614 audiuit
1083 2575 1210 2631 serpeus
1235 2557 1354 2614 obuiam
1383 2561 1435 2617 eis
1524 2547 1525 2554 ἶ

275 2645 377 2716 exiuit,
390 2655 419 2702 et
435 2663 491 2718 per
506 2655 598 2702 totam
614 2647 743 2703 insulam
763 2647 880 2704 auditus
899 2656 946 2703 est
964 2645 1070 2702 sibilus
1089 2645 1162 2703 eius.
1199 2645 1276 2702 Tres
1295 2662 1435 2718 namque

275 2749 386 2808 pueros
400 2733 585 2791 detestabilis
597 2733 647 2792 illa
660 2735 755 2792 bestia
767 2736 933 2792 deuorarat.
970 2733 1055 2790 Tunc
1070 2733 1216 2802 Macutus,
1228 2732 1315 2804 signo
1328 2736 1436 2792 crucis

276 2821 420 2889 munitus,
439 2821 572 2895 serpenti
590 2823 710 2880 obuiam
728 2823 816 2893 vadit,
832 2831 862 2879 et
880 2824 1048 2880 extendens
1067 2821 1205 2878 baculum
1223 2837 1314 2894 quem
1334 2837 1436 2879 manu

276 2911 396 2968 tenebat
414 2903 507 2984 super
524 2909 630 2968 collum
648 2910 796 2980 draconis,
810 2910 904 2968 dixit:
925 2910 1037 2979 ‘Vade
1049 2908 1169 2966 inimice
1186 2907 1351 2977 bominum,
1369 2926 1435 2968 nec
1524 2957 1525 2972 .

230 3018 263 3069 50
276 2999 353 3055 vltra
372 2999 409 3054 ad
425 2999 501 3054 hanc
514 2997 643 3055 insulam
656 2997 834 3056 reuertaris:
854 3015 910 3054 nec
923 2996 1010 3054 alicui
1023 2995 1184 3052 christiano
1196 2996 1305 3054 amodo
1316 3012 1435 3056 nocere

278 3089 454 3160 presumas?
491 3085 554 3142 Nec
575 3102 668 3155 mora,
690 3103 818 3158 serpens
838 3087 876 3142 ad
897 3102 980 3142 mare
999 3093 1134 3142 tremens
1159 3083 1261 3154 uiuit,
1282 3093 1371 3156 caput
1399 3084 1434 3142 in

277 3183 390 3232 terram
409 3173 569 3243 inclinauit,
583 3182 612 3230 et
631 3190 715 3229 mare
734 3173 860 3244 intrans,
873 3189 1022 3246 nusquam
1040 3170 1216 3245 comparuit.
1252 3170 1308 3227 Vir
1324 3181 1433 3230 autern

277 3261 327 3318 dei
346 3261 521 3333 speluncam
541 3261 702 3318 drachonis
720 3260 903 3334 ingrediens,
923 3259 1078 3333 cuspidem
1097 3258 1193 3316 baculi
1217 3257 1265 3315 sui
1290 3258 1321 3314 in
1346 3259 1434 3318 illam

278 3349 393 3421 posuit:
413 3357 444 3404 et
463 3347 530 3406 sons
550 3347 776 3421 limpidissimus
796 3366 938 3405 emanare
954 3346 1043 3420 cepit.
1117 3333 1256 3418 Pergens
1270 3355 1371 3403 autem
1390 3351 1432 3405 ad

232 3452 263 3504 35
278 3435 428 3494 ciuitatem
442 3436 563 3492 nomine
575 3435 694 3507 Aleth⁸‚
708 3453 766 3509 que
780 3436 870 3509 longo
882 3437 941 3494 iam
958 3447 1095 3508 ternpore
1106 3433 1202 3490 suerat
1214 3435 1353 3504 deserta3
1367 3444 1433 3492 tam

278 3523 309 3580 in
323 3523 389 3596 ipsa
402 3523 520 3580 ciuitate
534 3541 624 3596 quam
637 3542 692 3597 per
704 3524 818 3582 insulas
835 3534 865 3582 et
880 3523 944 3580 loca
959 3522 1056 3581 vicina
1072 3521 1262 3591 monasteria,
1274 3521 1305 3578 in
1319 3523 1433 3595 quibus
1524 3597 1525 3604 ἵ

280 3610 372 3668 multe
386 3611 632 3684 congregationes
646 3613 861 3670 monachorum
872 3613 930 3669 deo
938 3611 1055 3668 seruire
1065 3618 1239 3680 noscuntur,
1247 3613 1431 3669 construxit:

279 3707 310 3756 et
321 3698 486 3773 discipulos
498 3716 559 3756 non
573 3698 671 3757 solum
684 3716 701 3755 a
715 3709 878 3773 conspectu
896 3699 1063 3769 mulierum,
1076 3699 1131 3754 sed
1145 3697 1234 3754 etiam
1248 3715 1266 3753 a
1281 3698 1432 3770 colloquio

277 3787 411 3845 virorum
435 3804 578 3860 separare
602 3787 717 3858 volens,
742 3805 799 3861 per
822 3787 872 3844 illa
893 3786 1051 3844 distribuit.
1090 3784 1160 3858 Ipse
1183 3803 1257 3842 vero
1282 3803 1352 3842 curn
1374 3803 1432 3843 suo

231 3893 265 3948 40
280 3875 425 3950 discipulo
447 3875 566 3934 Riuano
591 3875 622 3932 in
647 3876 776 3948 quadarn
801 3876 946 3948 spelunca
970 3874 1053 3930 iuxta
1076 3872 1228 3930 ciuitatem
1254 3873 1432 3932 heremitice

278 3964 394 4034 vinens,
409 3974 510 4038 preter
522 3981 633 4038 panem
647 3973 676 4020 et
692 3980 801 4037 aquam
821 3964 962 4036 oleraque
981 3960 1045 4018 sale
1060 3960 1178 4018 condita
1193 3960 1293 4017 cibum
1314 3961 1432 4019 nullum

279 4054 417 4125 sumpsit.
465 4052 600 4110 Omnino
624 4052 662 4108 ab
687 4060 811 4124 aspectu
837 4050 992 4107 hominum
1018 4057 1203 4122 segregatus,
1228 4048 1340 4105 lectum
1368 4067 1431 4107 uon

280 4140 390 4210 babuit,
403 4149 488 4198 veste
500 4158 560 4213 qua
573 4139 604 4196 in
617 4139 666 4197 die
679 4156 753 4199 vsus
769 4147 816 4196 est
830 4139 919 4196 etiam
932 4139 982 4198 etl
996 4137 1027 4197 in
1040 4145 1128 4194 nocte
1141 4143 1300 4192 contentus
1313 4146 1388 4208 erat,
1400 4149 1431 4194 et

312 4279 367 4328 ¹E.
381 4281 516 4330 addssuis.
561 4277 616 4327 ¹1⁸.
630 4278 661 4329 E.
673 4279 757 4328 deum.
811 4276 867 4329 ⁸T.
881 4277 1004 4328 Macutus.
1052 4277 1150 4326 ¹=11e
1161 4276 1195 4326 de
1206 4276 1356 4336 Cesembre,
1369 4293 1434 4326 near

280 4345 403 4396 Stllalo.
455 4345 505 4394 ⁵13.
518 4343 635 4396 festinus.
680 4343 752 4393 ‘om
762 4344 788 4392 in
801 4343 830 4393 T.
879 4342 1027 4395 'ominE
1074 4341 1261 4393 'assellam
1302 4343 1433 4394 'omitea
