3044 4894
223 309 298 402 Dc
323 307 486 398 santa
512 308 702 409 ichnos
725 317 774 399 tt
797 310 1098 416 tintinnum.
1188 321 1235 410 (η

82 511 280 566 considerans
292 514 479 584 grauitatem,
488 528 560 585 egre
573 514 609 569 ad
620 521 740 585 tempus
752 513 871 572 sustulit
884 514 1006 586 spiritus
1019 515 1235 583 estuationem;

82 598 207 654 tandem
228 598 324 654 diuini
349 599 447 656 solatii
471 599 614 656 hauriens
639 600 792 672 perfusam
818 602 1016 673 dulcedinem,
1039 621 1170 676 superna
1191 604 1236 660 in·

83 682 229 742 formatus
248 687 342 758 gratia
360 687 536 759 concipiens
553 687 697 744 maiorem
712 688 801 746 etatis
816 691 1017 747 maturitatem
1036 699 1066 748 et
1084 691 1235 765 prouidio·

81 789 147 828 rem
166 773 358 831 discretionis
375 773 630 843 deliberationem,
646 775 911 850 consideransque,
929 786 1041 850 quanto
1061 779 1236 835 laboriosior

81 859 222 918 instantis
234 861 483 935 peregrinationis
496 863 634 919 incessus
646 871 701 930 est,
711 872 794 920 tanto
806 882 863 936 per
874 867 1001 938 gratiam
1015 875 1097 924 esset
1110 866 1236 923 nobilior
1249 885 1263 935 5

81 947 255 1021 triumphus
265 950 423 1007 tirannidis
436 949 600 1017 infernalis,
608 949 709 1010 oneris
722 952 824 1024 iugum
837 952 1035 1025 suspend[it]¹
1046 952 1078 1010 in
1092 953 1235 1025 humeris,

82 1036 240 1093 confidens
259 1038 290 1093 in
303 1038 463 1095 clementia
475 1036 641 1094 saluatoris.
714 1026 923 1097 Confirmatus
936 1041 967 1096 in
979 1042 1074 1112 gradu
1086 1042 1236 1114 prioratus

82 1124 213 1194 qualiter
234 1125 265 1181 in
287 1125 414 1198 agendis
436 1143 471 1182 se
494 1125 631 1198 gesserit,
656 1133 760 1182 nostra
785 1126 940 1184 modicitas
966 1127 1151 1186 sufficienter
1175 1147 1236 1186 non

81 1212 203 1269 euoluit
242 1213 382 1286 Namque
404 1213 513 1270 samem
535 1212 639 1280 reiicit,
661 1213 826 1270 nuditatem
844 1215 942 1284 vestit,
964 1214 1058 1288 frigus
1078 1225 1236 1290 temperat,

81 1301 218 1356 dolorem
244 1301 368 1372 solatur,
389 1301 479 1358 iletus
500 1301 599 1370 siccat,
622 1317 788 1373 oppressos
810 1301 924 1372 liberat,
951 1319 1088 1360 carceres
1113 1314 1236 1375 reserat,
1252 1330 1282 1367 10

80 1387 208 1459 gratiam
228 1389 373 1459 conciliat,
395 1389 482 1447 sedus
502 1396 669 1461 perpetuat,
694 1388 773 1461 sopit
798 1389 875 1459 lites,
900 1389 999 1448 differt
1022 1391 1127 1464 prelia,
1146 1402 1236 1466 auget

80 1475 222 1547 indutias,
236 1477 317 1550 egris
334 1477 461 1534 salutern
478 1479 538 1546 dat,
551 1477 650 1534 seruis
666 1476 843 1547 libertatem,
856 1477 955 1534 menia
968 1478 1080 1550 dilatat,
1093 1490 1235 1553 usurpato

80 1563 172 1636 pallio
189 1565 351 1621 clementie
370 1565 576 1622 crudelitatem
596 1563 713 1637 spoliat,
727 1574 849 1622 cunctas
868 1567 1069 1638 deprehendit
1087 1568 1235 1641 nequitias

80 1651 150 1708 ficte
167 1653 287 1710 virtutis
307 1653 433 1709 clamide
452 1660 619 1725 coopertae,
632 1653 738 1708 deruta
754 1662 889 1723 renouat,
905 1653 992 1710 struit
1009 1654 1133 1724 edificia,
1146 1674 1235 1729 agros

79 1738 264 1796 fecundans¹
279 1749 309 1797 et
328 1741 444 1799 horrea.
476 1739 649 1797 Imitanter⁸
661 1739 741 1812 cepit
759 1741 923 1798 feruentius
941 1742 1032 1813 quieti
1052 1746 1235 1817 contempla·
1250 1767 1279 1816 15

78 1827 169 1884 tionis
192 1830 371 1899 auscultare,
388 1845 456 1884 cum
479 1836 629 1885 conuentu
649 1828 776 1901 peruigil
797 1829 879 1886 horis
901 1829 1055 1886 nocturnis
1073 1831 1186 1904 pariter
1205 1843 1234 1890 et

79 1915 197 1974 diurnis
218 1917 329 1974 diuinis
348 1915 476 1973 oraculis
495 1916 639 1972 insistens
659 1924 721 1972 tam
740 1917 882 1986 studiose,
901 1925 933 1974 vt
951 1917 1061 1974 auditis
1079 1920 1234 1992 campanis

79 2005 116 2058 ad
142 2005 311 2073 seruitium,
337 2004 388 2061 tali
408 2021 484 2060 voce
508 2003 698 2074 lamentabili,
719 2004 839 2062 deditus
859 2004 988 2077 negotiis
1008 2005 1110 2076 seculi,
1130 2007 1234 2079 sepius

79 2109 169 2148 aures
190 2092 374 2150 confratrum
393 2091 553 2150 astantium
571 2091 746 2164 occupauit:
767 2092 871 2148 ‘Nunc
889 2093 1002 2165 aspirat
1019 2091 1149 2166 spiritus,
1162 2095 1235 2151 alias

79 2181 267 2253 prepeditus,
275 2181 383 2238 ceteris
395 2197 465 2238 cum
477 2180 635 2237 comitibus
649 2179 805 2238 ecclesiam
820 2179 1039 2252 frequentare':
1059 2181 1101 2237 sic
1116 2181 1234 2240 Rache·
1249 2203 1279 2238 ao

79 2267 116 2324 lis
143 2269 335 2340 amplexibus
362 2269 556 2341 congaudens
575 2268 676 2324 casto*
707 2267 835 2337 feruore,
858 2268 938 2340 qnod
961 2267 1025 2341 Lye
1050 2267 1234 2341 diligentiam

79 2371 139 2411 non
165 2355 284 2428 spreuit
307 2355 499 2429 perimplere.
581 2343 656 2412 Hoc
680 2356 770 2428 igitur
795 2355 1050 2428 preclarissimum
1075 2358 1234 2430 magnifice

80 2443 307 2515 resplendentie
326 2443 410 2500 sidus
427 2443 630 2516 perspicuum,
652 2442 831 2500 adueniente
850 2445 924 2500 hora
942 2461 999 2516 qua
1018 2443 1125 2502 solaris
1149 2446 1233 2502 clari·

79 2529 149 2586 tatis
161 2530 282 2602 lampas
295 2530 481 2603 splendifera
497 2548 604 2588 aurore
621 2531 773 2588 nubilosas
791 2532 932 2588 tenebras
951 2532 1107 2589 excutiens
1125 2549 1233 2592 aureos

80 2617 181 2674 radios
193 2618 274 2674 visui
293 2617 438 2674 sensitiuo
456 2618 646 2674 terrestrium
665 2618 771 2675 solitus
788 2628 834 2675 est
853 2620 1037 2691 expandere,
1051 2621 1133 2676 omni
1152 2621 1233 2694 frigi-
1248 2641 1278 2690 ²5

80 2705 208 2761 dissimo
221 2713 358 2778 tempore
370 2705 494 2778 glaciali,
507 2723 654 2762 accensus
667 2705 781 2762 feruido
798 2705 939 2762 incendio
958 2707 1103 2780 principis
1115 2708 1233 2778 siderei,
1313 2776 1317 2781 ¹

79 2793 151 2849 dum
172 2792 336 2850 missarum
356 2793 524 2866 solempnia
542 2793 681 2850 continue
701 2795 896 2865 persolueret,
910 2804 1012 2851 mente
1030 2795 1233 2853 exardescens

79 2889 145 2936 estu
170 2881 285 2937 amoris
310 2880 511 2953 inexplicabili
536 2881 635 2954 aliqua
659 2881 741 2938 exuit
761 2880 950 2951 vestimenta,
968 2882 1096 2954 gelantis
1116 2883 1234 2956 frigoris

79 2979 205 3041 propter
222 2969 341 3025 interne
358 2968 523 3025 affectionis
535 2969 687 3025 dulcorem
706 2968 856 3025 feruidum
873 2986 934 3025 non
950 2969 1085 3026 sentiens
1103 2971 1233 3043 asperri-

79 3072 162 3112 mum
179 3057 428 3113 circumuentum.
464 3057 513 3113 Ad
527 3055 610 3112 cuius
622 3057 837 3112 lucidissimam
856 3057 1124 3128 confirmationem,
1138 3057 1233 3114 maxi·
1248 3079 1279 3128 30

79 3144 136 3199 mis
157 3145 320 3217 frigoribus
340 3152 421 3200 terre
445 3143 549 3202 faciem
568 3145 836 3217 preoccupantibus
855 3145 894 3200 de
912 3143 957 3200 sui
979 3144 1083 3216 capitis
1104 3145 1233 3203 culmine

79 3229 180 3288 fumus
201 3230 332 3287 exalauit
351 3231 565 3303 permaximus,
584 3249 619 3288 ac
641 3230 667 3288 si
687 3248 763 3304 aqua
784 3231 948 3304 suppositis
968 3231 1070 3290 iaculis
1090 3232 1233 3293 intentius

79 3319 213 3376 ebuiiret
264 3318 292 3374 Ο
321 3317 547 3376 interminabilis
576 3318 693 3375 virtutis
724 3319 862 3376 deuotiol
912 3318 940 3376 O
971 3321 1066 3391 gratia
1100 3319 1234 3394 largitlua

79 3405 243 3463 conditoris
267 3405 396 3478 irrigans
415 3405 591 3462 distillantes
610 3406 739 3479 guttulas
761 3407 890 3462 amoris!
929 3407 957 3462 Ο
979 3408 1146 3465 animarum
1167 3409 1232 3466 vrri·

79 3511 238 3551 uersatum
263 3493 427 3566 prestolata
452 3493 588 3550 medela!
609 3494 676 3566 quis
697 3511 829 3566 unquam
849 3492 963 3550 audiuit
986 3495 1056 3552 talia
1080 3497 1233 3569 presentis
1247 3515 1278 3564 35

79 3583 227 3654 temporis
236 3581 319 3637 vitali
332 3581 450 3638 labente
464 3580 619 3651 curriculo,
631 3583 704 3638 dum
717 3581 890 3654 principalis
903 3582 1097 3654 perlustrator
1110 3585 1233 3641 etheree

80 3669 247 3726 mansionis
256 3679 318 3725 tam
329 3668 482 3741 flagrantis
492 3668 623 3740 pectoris
636 3669 811 3726 solatiosum
824 3668 987 3741 hospitium
999 3669 1055 3726 sibi
1069 3672 1232 3728 thalamum

79 3756 238 3813 dedicauit.
276 3755 323 3812 En
336 3755 437 3812 feruor
450 3756 553 3812 intima
570 3772 727 3828 perurens,
741 3757 895 3813 declinans
908 3756 1026 3814 steriles
1039 3757 1069 3814 in
1084 3757 1231 3830 peccatis!

79 3844 128 3915 qui
148 3843 253 3900 fontali
273 3845 419 3916 sapientia
437 3855 544 3901 cuncta
562 3842 771 3916 prospiciens⁸
783 3845 907 3917 proprie
920 3845 1051 3901 essentie
1064 3845 1233 3918 perpetuali

80 3933 212 4002 speculo,
233 3930 321 3988 huius
344 3929 442 3987 cordis
461 3939 559 3988 ortum
577 3931 754 3988 deliciosum
776 3932 919 4004 plantulis
936 3933 1080 3990 virtutum
1098 3932 1233 3990 delicatis
1246 3955 1279 4004 40

80 4019 301 4091 complantauit,
314 4019 429 4074 lumine
447 4035 503 4076 suo
518 4019 641 4091 proprio
654 4019 835 4090 secundauit,
849 4029 879 4076 et
892 4018 971 4075 inter
984 4029 1068 4076 cetus
1081 4019 1233 4092 angelicos

79 4117 147 4176 post
168 4108 306 4164 laborem
330 4106 548 4180 perpetualiter
567 4107 718 4178 quietauit
755 4107 851 4164 Tanto
876 4107 966 4180 igitur
988 4107 1083 4163 sancti
1108 4107 1233 4180 spiritus

79 4191 193 4266 fulgore
223 4195 425 4252 vehementer
454 4194 552 4251 iuerat
581 4193 794 4265 inflammatus,
820 4196 901 4268 quod
931 4204 1035 4252 mente
1065 4204 1170 4270 raptus
1201 4195 1232 4256 in

110 4331 351 4398 ¹E.suspendens
443 4331 632 4388 ’niecundat
722 4333 769 4386 ⁸r.
782 4334 893 4385 Intimal
985 4332 1094 4388 ‘E.co.
1185 4335 1232 4388 ὅτ.

79 4399 218 4462 prospiciti

634 4493 682 4536 Μ
