3046 4902
119 234 349 307 nasutas]
379 224 454 318 Dc
474 221 533 312 ἦ.
552 223 771 310 &emunito
789 235 883 326 utne
903 231 943 311 et
963 229 1154 327 muttit&
1199 233 1272 320 637

121 437 220 483 autern
233 427 309 497 apud
325 426 479 498 Radynges
494 427 644 497 pugnaturi
661 427 689 482 in
704 427 827 500 quadam
841 427 931 482 insula
949 427 1018 483 satis
1033 426 1151 483 abbacie
1163 427 1273 496 vieina3

122 510 257 568 conuenit
278 520 306 566 et
326 511 456 580 gencium
477 510 634 580 multitudo,
656 511 749 566 visura
772 527 857 583 quem
878 512 962 566 finem
982 527 1028 566 res
1049 511 1199 566 sortiretur.
1236 513 1274 567 Et

121 597 231 656 factum
249 605 292 650 est
312 611 376 650 cum
397 595 535 650 Robenus
552 595 628 650 duris
648 605 675 650 et
697 595 801 650 crebris
818 594 917 649 ictibus
933 594 1047 649 viriliter
1065 595 1229 663 intonasset,
1246 605 1274 650 et

124 681 220 734 audax
235 679 398 751 precipuum
416 678 535 734 fructum
553 678 667 734 victorie
687 678 877 750 promisisset:
899 678 1040 733 Henricus
1058 693 1208 749 parumper
1225 680 1275 734 de·

124 762 224 818 ticieus
242 763 457 833 circumquaque
474 762 603 832 respexit,
618 772 647 818 et
661 779 729 817 ecce
750 763 779 816 in
798 761 918 818 confinio
935 771 1008 817 terre
1025 771 1053 816 et
1071 761 1194 816 fluminis
1206 761 1302 829 vidit5

124 845 279 914 gloriosum
300 863 394 914 regem
413 855 442 900 et
463 843 604 900 martirem
630 845 812 900 Edmundum
836 855 973 900 armatum
998 853 1133 916 tanquam
1158 845 1187 900 in
1211 863 1275 902 aere

126 929 300 998 volitantem,
312 939 340 984 et
354 945 419 984 curn
434 928 558 998 quadam
577 929 668 984 uultus
686 928 847 984 austeritate
859 945 956 983 versus
974 945 1039 982 eum
1060 929 1159 984 crebro
1174 929 1275 998 capitis

126 1021 206 1066 motu
225 1011 317 1068 minas
338 1011 480 1066 iracundie
504 1019 532 1066 et
557 1011 752 1081 indignacione
776 1013 872 1083 plenas
895 1012 1122 1082 pretendentem
1151 1011 1223 1066 vidit
1245 1023 1274 1067 et

127 1095 215 1150 alium
236 1111 301 1150 cum
322 1112 357 1150 eo
375 1095 491 1150 militem
515 1093 672 1150 Gilbertum
697 1096 733 1150 de
755 1093 872 1163 Crouile,
893 1111 950 1150 non
971 1095 1061 1150 solum
1080 1103 1216 1165 quantum
1236 1095 1274 1149 ad

127 1260 200 1317 infra
212 1271 320 1317 statura
331 1262 475 1328 minorem,
488 1260 583 1316 oculos
596 1261 773 1330 indignantes
785 1271 812 1316 et
826 1261 973 1316 iracundos
985 1261 1014 1315 in
1028 1277 1093 1316 eum
1106 1271 1275 1318 conuertere.

130 1345 187 1400 Hic
211 1345 248 1400 ad
269 1356 429 1416 preceptum
450 1343 537 1415 ipsius
558 1343 673 1399 Henrici
695 1343 812 1399 vinculis
836 1355 863 1399 et
885 1343 1030 1399 tormentis
1052 1345 1181 1412 afflictus,
1200 1344 1275 1400 diem

129 1427 227 1484 clausit
248 1439 401 1484 extremum
416 1427 446 1482 in
465 1445 605 1484 carcerem
626 1427 757 1496 intmsus,
773 1426 921 1483 occasione
939 1437 968 1484 et
984 1427 1168 1484 accusacione
1183 1427 1275 1484 uxoris

130 1510 329 1584 Hernicique
350 1511 490 1583 propriam
509 1510 667 1583 nequiciam
689 1511 717 1566 iu
738 1509 917 1566 innocentem
938 1512 1092 1567 deflectens
1113 1512 1225 1568 dicebat
1244 1529 1275 1567 se

128 1595 282 1666 peticiones
295 1595 435 1666 precarias
447 1594 565 1650 Gilberti
578 1595 613 1650 de
630 1593 726 1649 illicito
742 1611 837 1650 amore
854 1611 910 1648 non
926 1611 1010 1665 posse
1029 1594 1175 1651 sustinere.
1212 1596 1274 1650 Hos
1291 1614 1300 1648 r
1305 1616 1319 1665 5

129 1679 223 1748 itaque
236 1678 352 1733 timidus
370 1677 509 1733 Henricus
526 1679 646 1745 intuens,
659 1677 803 1749 antiquum
820 1677 911 1733 scelus
926 1695 1031 1732 nouum
1050 1679 1120 1734 serre
1139 1678 1275 1748 pudorem

129 1763 297 1830 recordatur,
310 1773 337 1818 et
354 1761 410 1817 iam
426 1771 501 1817 totus
520 1761 675 1832 desperans
693 1771 721 1816 et
739 1761 882 1817 racionem
901 1761 930 1816 in
949 1759 1083 1832 impetun
1101 1773 1275 1826 conuertens,

129 1845 314 1917 inpugnantis,
339 1863 396 1900 non
425 1844 612 1911 defendentis,
637 1845 788 1914 assumpsit
816 1843 948 1900 officium.
992 1844 1046 1915 Qui
1079 1845 1145 1899 dum
1168 1844 1276 1899 fortiter

129 1930 273 2002 percussit,
294 1929 395 1985 sorcius
419 1943 568 1999 percussus
590 1938 651 1998 est;
683 1938 711 1984 et
736 1928 803 1983 dum
827 1927 940 1984 viriliter
964 1929 1146 1998 inpugnabat,
1170 1927 1276 1983 virilius

129 2013 342 2084 inpugnabatur.
379 2011 455 2081 Quid
477 2012 583 2067 multa?
607 2011 696 2068 victus
718 2011 862 2078 occubuit3
893 2022 1006 2067 etcum
1031 2021 1157 2067 mortuus
1178 2011 1275 2067 crede·
1291 2032 1322 2068 ro

128 2109 211 2166 retur,
223 2097 260 2151 ad
273 2114 405 2167 magnam
417 2096 583 2166 peticionem
596 2106 759 2166 magnatum
771 2095 872 2166 Anglie
890 2111 1055 2150 concessum
1072 2105 1116 2150 est
1130 2095 1275 2150 monachis

129 2181 254 2237 eiusdem
273 2179 326 2234 loci
343 2189 373 2235 ut
391 2179 488 2234 darent
505 2197 605 2250 corpus
619 2179 678 2234 eius
698 2179 845 2250 sepulture.
884 2181 986 2234 Postea
1003 2190 1098 2234 tamen
1117 2177 1275 2246 conualuit;

129 2275 156 2320 et
173 2274 313 2335 resumpto
330 2263 457 2318 sanitatis
473 2263 617 2330 beneficio,
631 2264 681 2319 sub
698 2263 816 2333 regulari
834 2263 932 2318 habitu
950 2261 1099 2334 superioris
1118 2261 1163 2316 eui
1181 2261 1276 2316 labem

129 2347 249 2416 detersit,
263 2357 291 2403 et
304 2348 415 2416 longam
428 2347 563 2401 dissolute
575 2347 657 2402 etatis
672 2347 860 2402 ebdomadam
872 2363 927 2400 vno
944 2347 1042 2402 saltem
1060 2345 1158 2400 sabato
1175 2361 1275 2401 curans

130 2442 286 2500 venustare,
300 2430 393 2486 studia
405 2429 537 2485 virtutum
553 2429 582 2483 in
598 2431 707 2499 frugem
722 2429 863 2485 felicitatis
880 2429 1005 2486 excoluit
1027 2433 1037 2495 11
1060 2429 1190 2500 Quodam
1207 2439 1273 2485 tem·
1289 2444 1319 2493 ²⁵

129 2535 196 2588 pore
215 2531 280 2570 cum
298 2513 422 2569 venisset
441 2514 531 2568 abbas
551 2513 728 2583 Radingiam,
745 2523 773 2569 et
790 2515 905 2584 quidam
921 2513 1052 2569 monachi
1067 2514 1127 2569 eius
1144 2529 1208 2570 curn
1224 2527 1274 2568 eo:

130 2599 248 2656 occurrit
261 2598 286 2652 ei
299 2597 371 2652 inter
382 2595 451 2650 alios
463 2598 615 2652 monachos
630 2596 683 2652 loci
701 2597 839 2665 predictus
855 2595 994 2652 Henricus
1008 2597 1043 2652 de
1061 2597 1208 2665 Estsexia;
1227 2596 1274 2667 qui

130 2694 213 2740 nacta
235 2680 367 2752 loquendi
392 2680 590 2750 oportunitate,
612 2680 708 2736 abbati
736 2691 763 2736 et
786 2679 915 2736 omnibus
940 2679 1128 2736 assidentibus
1152 2679 1275 2735 narrauit

129 2767 247 2840 qualiter
259 2765 349 2820 uictus
364 2763 415 2818 fuit
428 2763 456 2818 in
475 2763 576 2832 duello,
590 2772 617 2818 et
637 2764 755 2834 qualiter
770 2774 884 2820 sanctus
902 2764 1078 2829 Edmundus,
1090 2773 1117 2818 et
1137 2764 1173 2818 ob
1190 2779 1275 2834 quam

130 2867 253 2915 causam,
278 2847 407 2918 apparuit
435 2847 487 2901 sibi
515 2848 713 2903 comminando
739 2857 767 2903 et
795 2847 887 2918 ipsum
916 2846 1040 2902 confudit
1064 2847 1092 2902 in
1121 2846 1183 2917 ipsa
1205 2847 1275 2899 hora
1288 2859 1321 2909 30

130 2931 282 3006 pugnandi.
320 2931 405 2986 Cuius
417 2930 612 3020 narracionem
627 2930 765 2986 locelinus
777 2930 903 2998 audiens,
917 2929 945 2983 in
958 2929 1069 3000 scriptis
1081 2928 1196 2998 redegit.

291 3113 341 3167 Du
359 3123 496 3168 vnerorm
514 3123 613 3168 sacra
632 3124 667 3167 m
686 3113 889 3168 Wrmmnuu
908 3121 951 3165 nn
971 3111 1111 3166 Currum

159 3271 326 3346 smmi·
453 3317 567 3388 quidam
588 3318 701 3372 nomine
721 3317 876 3372 Willelmus
896 3318 933 3373 de
953 3318 1070 3383 eunun,
1090 3316 1275 3388 prenominati

131 3402 245 3459 Roberti
270 3402 306 3458 de
331 3404 439 3458 Curzuu
463 3418 615 3470 successor,
641 3401 803 3458 hereditatis
828 3419 877 3457 sue
903 3401 1116 3471 redintegrande
1142 3400 1276 3456 sollicitus

129 3485 356 3542 archidiaconum
372 3485 564 3555 pictauensem
581 3485 735 3540 Ricardum
752 3485 830 3553 adiit,
848 3485 894 3556 qui
913 3495 980 3540 tunc
999 3485 1132 3555 temporis
1150 3503 1185 3540 err
1201 3485 1275 3554 regis
1289 3496 1320 3548 35

130 3569 247 3642 imperio
256 3569 285 3624 in
295 3569 426 3639 Angliam
436 3567 596 3638 precipuum
609 3568 729 3623 exercuit
744 3577 921 3638 potestatem.
950 3569 1173 3624 Archidiaconus
1183 3569 1275 3637 igitur,

129 3655 166 3710 ad
179 3671 228 3709 sue
244 3669 329 3708 cause
347 3649 551 3722 com[m]odum
567 3668 650 3721 prece
662 3651 722 3706 siue
734 3651 829 3722 precio
841 3652 998 3718 inclinatus,
1012 3651 1047 3707 de
1060 3669 1109 3706 sue
1121 3651 1204 3705 sortis
1218 3650 1276 3706 iure

129 3737 305 3808 capescendo
326 3753 344 3790 a
365 3735 480 3790 domino
499 3752 566 3805 rege
585 3735 680 3790 literas
699 3737 795 3805 quales
813 3736 897 3791 voluit
915 3734 1082 3805 impetrauit.
1120 3734 1275 3788 literarum

129 3833 223 3878 autem
241 3837 352 3875 summa
368 3821 422 3874 hec
437 3818 487 3875 luit
503 3829 533 3874 ut
550 3835 723 3891 quecunque,
736 3819 902 3890 vbicunque,
919 3817 1197 3891 quo[m0do]cunque
1212 3834 1274 3887 pre·

127 3905 178 3961 lati
191 3903 286 3958 militis
298 3903 510 3973 predecessores
524 3902 685 3970 tenuissent,
698 3903 799 3958 eadem
812 3901 878 3956 iun's
892 3901 1067 3957 successione
1080 3899 1133 3955 sibi
1147 3901 1274 3957 restituta
1288 3909 1321 3960 40

129 3999 156 4044 et
168 3989 229 4060 ipse
241 3995 357 4041 teneret.
395 3984 485 4056 Regio
497 3985 579 4056 igitur
593 3997 716 4040 armatus
728 3996 869 4057 precepto,
883 3985 1071 4055 subnixusque
1083 3983 1273 4041 archidiaconi

129 4069 300 4144 patrocinio:
316 4069 538 4140 prenominatam
551 4065 663 4124 villam²
674 4085 728 4141 que
743 4069 902 4124 Suthwalde
915 4068 1022 4136 dicitur,
1034 4067 1155 4138 glorioso
1168 4068 1274 4124 martiri

129 4153 282 4210 Edmundo
298 4153 453 4224 antiquitus
472 4151 567 4209 votiuo
587 4151 749 4208 deuocionis
768 4169 882 4208 munere
898 4151 1072 4222 peculiariter
1086 4150 1273 4222 ascriptam³2

227 4303 235 4334 ¹
253 4302 291 4355 Cl
303 4302 383 4355 Titi.
398 4300 466 4368 107⁵.
598 4301 609 4336 ¹
625 4303 676 4352 Tit.
689 4301 810 4368 predium.
941 4303 950 4334 ⁸
967 4303 1022 4354 MS.
1034 4303 1177 4370 ascriptum.
