3044 4894
257 279 300 354 72
566 256 697 342 notu
723 251 913 356 imaue
938 249 1089 354 annua

256 457 428 522 confortata,
460 456 529 512 huic
559 455 637 529 patri
667 453 797 528 glorioso
827 455 955 510 eandem
990 454 1187 511 consolatorie
1227 455 1406 528 exponebat

258 543 432 617 ‘Prospexi
456 543 561 615 inquit,
582 543 613 598 in
634 551 721 598 nocte
742 542 880 598 vmbrate
904 540 1047 613 caliginis,
1066 542 1138 598 dum
1163 543 1276 600 lunaris
1300 545 1407 616 globus

259 633 351 688 nostri
384 631 560 704 hemisperii
589 646 749 686 ascensum
781 629 870 701 longe
900 629 1116 686 dissimulauit:
1148 641 1177 686 et
1205 649 1278 688 ecce
1308 631 1408 704 aquila

259 720 376 776 mirifici
393 719 511 776 decoris
527 717 584 774 alis
600 717 745 790 expansis
763 717 915 773 humiliter
927 717 1050 774 domum
1069 720 1157 774 istam
1175 719 1407 775 circumuolauit

230 808 288 872 sin
315 808 399 865 cuius
422 809 509 864 rostri
534 804 635 862 acucie
660 806 752 861 breue
777 805 943 877 pendulum
968 803 1131 862 efficaciter
1155 807 1299 870 extendit,
1325 806 1409 862 cuius

258 898 406 968 scripture
420 895 586 951 fecunditas
599 903 734 950 nostrum
747 892 846 948 taliter
856 890 1033 948 illuminauit
1047 893 1229 950 intellectum
1245 915 1251 950 :
1272 897 1289 923 “
1302 893 1408 950 lfiesus

259 993 306 1040 est
319 1001 403 1040 amor
421 985 551 1039 meus.”'
590 981 683 1037 Cuius
701 979 825 1038 visionis
843 979 1086 1052 probatissimam
1106 982 1323 1039 reuelationem
1343 983 1409 1038 huic

260 1071 449 1128 sanctissimo
474 1069 550 1142 patri
571 1067 719 1125 veraciter
738 1067 907 1140 applicauit,
929 1077 958 1123 et
982 1085 1052 1124 eum
1077 1070 1152 1126 hanc
1177 1087 1247 1126 esse
1271 1071 1409 1142 aquilam,

261 1177 316 1230 pro
347 1158 523 1214 meritorum
550 1155 739 1224 excellentia,
760 1155 906 1210 maturius
919 1147 1101 1222 ‘affirmauit
1126 1157 1211 1214 cuius
1235 1157 1410 1214 intentionis

218 1267 247 1300 ιο
260 1247 405 1302 stabilitas
424 1244 462 1301 ab
480 1260 584 1301 amore
604 1244 707 1300 mundi
725 1243 755 1298 in
772 1259 907 1299 amorem
921 1243 971 1299 dei
987 1244 1132 1300 stabiliter
1152 1245 1319 1317 emigrauit.
1358 1245 1411 1302 Cui

261 1345 399 1390 sanctus:
428 1331 625 1388 ‘intentionis
654 1341 755 1388 nostre
786 1329 882 1386 suerat
912 1331 943 1386 iu
974 1348 1098 1388 accessu
1126 1342 1157 1388 vt
1184 1333 1287 1389 verbis
1319 1333 1411 1389 inter·

261 1420 437 1493 loquntoriis
463 1436 582 1476 summo
602 1417 730 1491 principi
749 1418 955 1490 placeremus:
975 1420 1029 1475 sed
1048 1419 1107 1475 iam
1127 1419 1243 1476 nouiter
1262 1421 1412 1493 experior.

263 1526 320 1580 per
332 1517 375 1564 tot
387 1508 479 1564 verba
495 1506 594 1562 inania
605 1505 737 1563 utilitatis
750 1505 876 1578 vestigia
893 1506 1074 1562 auscultator
1087 1507 1221 1563 vitiorum
1241 1520 1412 1565 nostrarum

262 1595 407 1652 mentium
421 1595 521 1651 inania
537 1594 594 1650 sibi
611 1595 713 1651 nititur
732 1595 913 1666 preparare!
952 1593 1140 1651 festinanter
1159 1595 1249 1667 igitur
1269 1597 1413 1653 recessit:

218 1703 226 1737 r
233 1703 246 1753 5
262 1699 353 1755 quem
368 1700 522 1740 recessum
535 1681 727 1754 impatienter
739 1680 857 1738 reclusa
872 1691 1039 1753 acceptans,
1053 1681 1165 1755 pluries
1182 1693 1228 1738 est
1246 1696 1414 1757 conquesta

263 1772 342 1843 quod
363 1771 441 1827 inter
460 1769 629 1826 mortalium
654 1769 842 1825 conditiones
862 1770 913 1825 vix
938 1769 1028 1824 talem
1054 1769 1186 1842 repperit
1211 1771 1262 1842 qui
1288 1783 1416 1844 propter

263 1859 450 1932 inprouidam
479 1857 679 1914 laudationem
707 1858 823 1912 concito
845 1873 966 1912 recessu
992 1857 1129 1928 repetiit¹
1155 1858 1415 1916 remediationem.
1503 1889 1504 1896 ,

266 1933 451 2020 Intrepidus,
469 1945 600 2018 inquam,
620 1953 717 2001 rector
736 1948 903 2000 animarum
920 1952 951 2000 et
968 1946 1139 2001 moderator
1157 1945 1292 2010 inuictus,
1311 1959 1416 2004 contra
1503 1953 1504 1956 ’

264 2034 435 2090 monasterii
450 2033 598 2089 terribiles
611 2049 811 2105 oppressores
823 2030 952 2102 clipeum
965 2033 1103 2104 exposuit
1117 2033 1306 2092 tortitudinis.
1326 2035 1416 2092 Vnde
1504 2045 1505 2048 ’

219 2137 250 2172 ²0
263 2139 335 2179 vere
346 2121 427 2179 vocis
441 2119 776 2192 enunciationeqnidam
788 2119 911 2176 suneree
925 2119 1143 2178 lamentationis
1152 2123 1188 2176 ad
1197 2131 1319 2195 tempus
1328 2123 1416 2190 filins,

263 2209 508 2267 excellentissimi
530 2209 614 2266 ducis
641 2207 814 2264 Lancastrie
834 2207 1017 2264 ministrator
1038 2219 1068 2265 et
1087 2207 1265 2265 senissimus
1284 2220 1417 2274 exactor,

264 2299 419 2354 dominum
446 2315 542 2364 suum,
562 2297 642 2353 velut
661 2296 787 2352 alterum
806 2295 975 2351 Assuerum
994 2295 1059 2368 ipsc
1077 2295 1237 2354 infatuatus
1256 2299 1417 2365 Aman,'in
1507 2345 1508 2354 ,

265 2385 311 2441 sui
332 2396 432 2442 reatus
454 2395 658 2458 augmentum,
681 2383 710 2440 in
732 2383 848 2440 ruinam
874 2383 1042 2440 innocentis
1068 2383 1239 2442 Mardochei
1265 2386 1417 2443 scelerose

265 2475 445 2544 prouocauit,
454 2482 484 2529 et
498 2491 535 2528 ex
549 2483 633 2545 parte
646 2472 768 2540 domini,
776 2471 883 2543 spiritu
894 2469 1014 2527 inllatus
1023 2474 1183 2542 ceruicoso,
1192 2481 1274 2529 tante
1283 2474 1417 2548 benigni-

222 2576 251 2624 ²5
266 2561 317 2616 tati
333 2559 579 2617 comminationes
591 2559 828 2632 quamplurimas
841 2559 1035 2616 declaratorie
1047 2561 1235 2632 expressauit
1251 2561 1282 2617 in
1296 2579 1418 2619 monas·

267 2648 333 2704 terii
351 2648 615 2721 irrecuperabilem
631 2648 787 2704 lesionem.
825 2647 880 2704 Cui
898 2657 1019 2704 sanctus
1034 2649 1200 2704 constantia
1218 2659 1361 2720 armatus,
1375 2650 1419 2707 ire

266 2737 388 2791 stimulo
402 2753 461 2791 non
473 2737 651 2804 confractus,
659 2735 777 2792 decoris
789 2735 882 2791 diuini
896 2737 1091 2792 consonantia
1103 2736 1278 2793 charitatiua
1288 2737 1299 2769 ²
1311 2737 1419 2795 lorica·

267 2831 324 2892 tus,
338 2833 451 2878 tantam
463 2833 546 2880 estus
560 2835 734 2895 temperans
745 2822 966 2880 vehementiam
981 2822 1097 2895 singula
1109 2824 1281 2880 dubitabilia
1295 2826 1419 2898 copiose

267 2910 431 2968 relaxauit:
459 2921 488 2968 et
511 2914 642 2979 demum,
667 2913 817 2984 premisso
842 2909 1023 2967 fortitudinis
1047 2911 1144 2984 clipeo
1168 2913 1313 2970 stabiliter
1338 2932 1420 2970 com-

223 3017 254 3066 30
268 3000 409 3067 munitus,
432 2998 462 3054 in
487 3000 542 3056 hec
567 3000 660 3055 verba
685 2998 814 3055 finaliter
838 2998 1016 3055 declinauit:
1044 2998 1145 3069 ‘Vide,
1170 2999 1273 3072 inquit,
1299 3018 1339 3056 ne
1364 3020 1421 3075 pro

269 3087 402 3142 sensuali
426 3086 586 3143 affectione
609 3103 670 3158 qua
694 3087 850 3142 dominum
877 3086 1049 3142 familiarius
1077 3086 1270 3159 amplexaris,
1295 3103 1422 3162 propter

269 3185 450 3230 venenatum
476 3192 610 3230 morsum
635 3191 695 3246 qno
721 3176 798 3230 bona
824 3183 926 3229 nostra
950 3173 1081 3246 qnotidie
1101 3174 1226 3230 dilanias
1248 3184 1278 3231 et
1303 3177 1422 3249 affligis,

268 3261 411 3318 scelerosi
431 3262 499 3317 finis
519 3261 549 3317 in
569 3261 685 3318 inferno
703 3261 825 3334 patiaris
843 3261 1026 3333 angustiam!
1063 3261 1180 3331 Quibus
1198 3263 1331 3335 plenarie
1351 3283 1423 3322 con-

270 3349 426 3406 summatis
439 3351 595 3419 recedens,
606 3350 740 3406 solamen
755 3349 991 3422 inperceptibilis
1002 3350 1123 3406 luminis
1132 3352 1292 3423 exoptauit.
1329 3353 1423 3409 Cum·

225 3452 255 3500 35
269 3453 328 3507 que
344 3453 450 3492 aurora
468 3438 563 3494 noctis
580 3438 792 3494 obscuritatem
812 3439 930 3494 delebat
948 3446 977 3494 et
996 3437 1129 3494 reuelato
1145 3439 1226 3495 vultu
1244 3441 1424 3496 mortalibus

270 3523 364 3579 oculis
377 3524 451 3580 lucis
464 3525 564 3581 radios
577 3525 776 3596 ministraret,
792 3525 843 3598 qui
857 3525 995 3598 primitus
1004 3526 1087 3582 vultu
1097 3525 1293 3598 supercilioso
1303 3527 1424 3585 eleuate

271 3611 408 3669 elationis
423 3611 594 3669 Luciferum
608 3613 704 3670 suerat
712 3614 852 3683 imitatus,
862 3631 951 3670 mane
960 3614 1076 3670 lanatus
1088 3614 1238 3671 effluentis
1252 3615 1339 3672 latice
1352 3633 1425 3672 con·

271 3698 408 3768 tritionis,
434 3701 572 3772 degustat
596 3702 656 3758 mel
682 3701 822 3759 dulcissue
853 3701 1040 3772 deuotionis;
1073 3701 1212 3758 firmitate
1241 3703 1425 3776 promittens

273 3787 456 3861 infringibili,
481 3788 511 3844 in
544 3799 697 3862 posterum
726 3790 824 3846 eidem
853 3790 1036 3846 monasterio
1061 3789 1127 3846 fieri
1156 3807 1190 3845 se
1214 3793 1425 3862 perpetualem

226 3897 259 3946 4⁰
272 3875 410 3933 amicum.
436 3875 533 3945 Quem
547 3887 668 3934 sanctus
681 3894 813 3949 superna
824 3878 919 3950 gratia
932 3893 1092 3932 accensum
1106 3877 1309 3948 considerans,
1320 3879 1425 3936 ledere

271 3964 399 4020 amicitie
408 3964 567 4038 benignius
577 3967 746 4034 salutatum,
756 3965 785 4022 in
794 3966 919 4038 agendis
927 3976 1092 4021 amatorem
1102 3965 1426 4039 reperit³perpetnnm

273 4063 303 4108 et
326 4053 455 4110 fidelem.
492 4053 543 4110 Sic
570 4052 674 4110 intime
696 4053 938 4110 consolationes⁴
958 4052 1052 4108 diuini
1072 4053 1244 4125 spiraminis
1264 4052 1427 4113 immutant

273 4140 388 4196 animas
413 4159 635 4214 peruersorum,
655 4141 737 4215 ipsas
760 4142 959 4199 virtuosorum
986 4141 1141 4198 vinculans
1166 4140 1195 4196 in
1222 4158 1326 4198 amore
1339 4165 1347 4211 ;
1377 4147 1427 4218 qni

306 4313 363 4362 ¹E.
377 4316 487 4376 reperiit.
570 4315 626 4366 ’Β
639 4316 780 4366 charitatis.
864 4317 920 4364 Ἐ
935 4316 1045 4377 reperiit
1129 4315 1185 4364 ⁴E.
1199 4315 1397 4368 consolationis.
