3036 4878
97 311 326 380 ussurus]
357 295 859 399 brecanammere
883 307 922 383 rt
945 305 1134 400 muttptt.
1178 307 1250 396 675

100 498 210 554 clericis
231 499 356 556 oriundis
381 500 416 556 de
437 500 590 572 municipio
610 500 675 556 ville
699 501 834 571 predicte,
856 511 885 556 et
904 501 960 556 alia
984 502 1155 572 episcopalia
1178 520 1253 558 exer·

100 581 211 651 cenda3
232 583 361 655 idemque
382 584 471 640 abbas
488 583 607 654 primam
629 594 772 639 tonsuram
795 585 942 640 monachis
963 594 991 640 et
1012 585 1121 642 clericis
1140 585 1204 654 suis,
1223 598 1252 640 et

100 675 209 720 ceteros
221 665 334 722 ordines
347 667 416 722 citra
432 684 535 736 sacros,
547 685 582 723 ex
595 667 740 738 priuilegio
756 667 871 737 speciali
887 668 1034 723 monachis
1053 667 1110 724 suis
1129 669 1254 724 conterre

99 748 212 804 valeat:
234 749 335 804 Dictus
353 759 447 805 tamen
466 749 621 821 episcopus,
640 749 732 804 sciens
750 752 805 806 hoc
822 767 885 806 esse
904 751 1050 820 notorium,
1064 771 1082 806 a
1099 752 1253 808 collacione

100 829 287 901 huius[modi]
313 833 443 888 ordinum
466 834 541 888 lacta
572 832 599 888 in
630 833 706 888 dicto
735 833 906 890 monasterio
937 851 989 905 per
1011 834 1282 906 archiepiscopumg

101 913 303 970 damascenum
315 916 352 970 de
364 916 481 971 licencia
493 916 611 986 predicti
624 916 743 984 abbatis,
753 933 922 988 quamquam
935 935 984 972 sua
995 934 1053 972 non
1067 917 1208 985 intererat,
1216 918 1253 973 ad

103 997 202 1052 sedern
222 998 405 1068 apostolicam
427 999 587 1070 appellauit,
605 1009 633 1055 et
652 999 693 1055 sic
715 1000 806 1055 dictos
826 1000 958 1056 abbatem
979 1009 1007 1054 et
1029 1011 1198 1055 conuentum
1220 1019 1254 1055 ac

101 1097 200 1134 comm
222 1081 369 1152 priuilegia
389 1082 579 1154 multipliciter
600 1083 772 1153 inpugnauit.
809 1081 859 1151 (9¹⁰
874 1081 1046 1154 grauanter)
1064 1084 1146 1137 Vltra
1163 1083 1253 1138 eciam

102 1164 240 1233 processit
252 1181 359 1220 vesana
371 1165 443 1220 illius
455 1165 576 1232 malicia,
589 1183 640 1221 nec
653 1165 786 1237 predictis
799 1165 904 1221 iniuriis
920 1175 950 1220 et
966 1164 1176 1234 grauaminibns
1188 1183 1252 1221 con-

101 1255 207 1314 tentus,
219 1247 294 1302 labia
313 1266 363 1304 sua
381 1248 539 1320 turpissime
557 1250 653 1304 laxans
672 1249 709 1304 ad
728 1249 831 1319 iniqua,
843 1248 921 1304 misit
932 1265 1017 1302 vnam
1034 1249 1155 1303 litteram
1174 1265 1253 1304 men·
1272 1273 1300 1309 ιο

102 1328 194 1384 daciis
206 1340 233 1386 et
247 1331 388 1387 scandalis
400 1331 520 1402 plenam,
533 1333 666 1388 abbatem
683 1332 796 1387 citando
815 1332 958 1403 ipsumque
975 1341 1002 1387 et
1017 1332 1171 1387 monachos
1188 1349 1254 1387 suos

102 1428 187 1482 super
206 1414 290 1468 variis
311 1414 473 1470 criminibus
493 1425 521 1470 et
541 1415 699 1471 excessibus
719 1415 794 1485 apud
817 1417 906 1470 bonos
927 1425 955 1470 ct
974 1431 1074 1484 graues
1093 1433 1144 1486 per
1166 1424 1253 1471 totam

103 1495 224 1565 patriam
256 1497 451 1566 diffamand03
482 1510 525 1554 set
548 1515 612 1553 cnm
636 1498 761 1554 audisset
791 1515 889 1554 omnes
920 1499 1080 1566 reclamare,
1105 1507 1134 1554 et
1163 1498 1255 1554 eciam

105 1579 244 1647 quosdam
258 1580 294 1634 de
307 1579 415 1636 clericis
427 1581 484 1636 suis
495 1581 616 1636 litteram
630 1581 705 1636 illam
718 1583 875 1651 reprobare,
888 1583 1015 1636 mutauit
1025 1581 1158 1652 ngillum
1170 1599 1255 1636 suum

104 1661 164 1715 acsi
183 1678 233 1716 sua
254 1680 311 1718 non
330 1663 426 1719 luisset
445 1665 572 1736 predicta
593 1663 702 1719 citacio.
719 1663 723 1733 Ι
741 1665 868 1735 Quorum
891 1668 1023 1734 pretextu
1043 1667 1253 1735 grauaminum
1271 1681 1300 1732 ¹5

104 1743 281 1813 sepedictum
298 1747 497 1802 monasterium
516 1758 544 1803 et
556 1747 663 1816 singule
681 1765 800 1818 persone
817 1747 941 1802 eiusdem
960 1747 1143 1803 intollerabile
1161 1749 1255 1819 pacie-

105 1827 210 1881 bantur
234 1826 287 1882 illis
312 1828 411 1884 diebus
436 1831 591 1899 dampnum
616 1838 644 1885 et
668 1830 875 1885 detrimentum.
923 1829 1053 1885 Tandem
1083 1849 1131 1884 rex
1156 1833 1254 1886 videns

103 1909 208 1965 multas
217 1928 353 1982 expensas
371 1912 437 1967 hinc
455 1912 522 1968 inde
540 1912 607 1981 fieri,
620 1912 766 1967 mandauit
784 1913 918 1983 episcopo
936 1931 973 1968 ne
991 1914 1027 1968 de
1045 1923 1139 1969 cetero
1157 1924 1255 1970 contra

105 1995 219 2049 decreta
229 1995 455 2065 predecessorum
463 2013 575 2050 suorum
584 2013 681 2066 regum
690 1995 791 2066 Anglie
801 1997 1000 2051 monasterium
1009 1997 1099 2052 sancti
1110 1998 1254 2054 Edmundi

105 2075 283 2148 inquietaret.
319 2079 362 2133 Et
377 2080 528 2150 episcopus,
540 2080 639 2134 statim
655 2086 755 2146 motus,
766 2081 1019 2134 excommunr'cauit
1030 2081 1149 2134 militem
1162 2083 1256 2136 littere
1272 2102 1302 2137 ro

106 2162 184 2231 regie
196 2164 375 2230 portitorem,
395 2173 423 2218 et
445 2180 495 2232 per
515 2173 603 2217 totam
624 2161 757 2218 diocesim
779 2163 959 2218 denunciauit
976 2163 1255 2220 excommunicatum.

107 2245 155 2299 Ob
173 2260 258 2314 quarn
276 2262 390 2301 causam
408 2263 457 2300 rex
474 2245 603 2313 offensus,
623 2257 737 2317 propter
754 2255 943 2316 contemptum
962 2246 1034 2317 cepit
1058 2247 1086 2300 in
1106 2264 1191 2302 manu
1205 2265 1256 2302 sua

107 2326 204 2382 omnia
223 2328 400 2399 episcopatus
424 2329 466 2384 sui
486 2329 659 2400 temporalia.
697 2331 788 2399 Super
807 2328 863 2384 biis
887 2329 970 2399 igitur
989 2330 1118 2384 omnibus
1140 2330 1255 2398 iniuriis,

107 2411 292 2467 citacionibus
311 2423 339 2466 et
357 2411 420 2468 aliis
433 2412 642 2483 quamplurimis
660 2410 870 2482 grauaminibus
885 2413 981 2468 abbati
998 2424 1026 2469 et
1043 2415 1192 2470 conuentni
1206 2431 1257 2484 per

107 2494 201 2563 ipsum
214 2495 377 2566 episcopum
389 2497 548 2567 lreqnenter
566 2495 657 2565 illatis,
671 2495 834 2564 singillatim
851 2506 894 2552 est
907 2497 1086 2568 appellatum,
1099 2508 1128 2553 et
1141 2498 1168 2552 in
1181 2497 1258 2552 curia
1273 2517 1302 2567 ²5

106 2577 183 2647 regis
195 2589 223 2633 et
237 2595 310 2649 pape
323 2588 366 2634 est
378 2579 524 2649 litigatum.
561 2581 598 2634 Et
609 2581 830 2650 condempnatus
843 2579 1040 2651 estepiscopus
1048 2597 1098 2650 per
1108 2581 1211 2636 iuratos
1222 2582 1258 2637 de

108 2661 200 2732 patria
219 2679 312 2718 coram
325 2663 481 2719 iusticiariis
494 2662 601 2717 domini
616 2662 688 2732 regis
707 2664 783 2733 apud
797 2663 1078 2719 westmonasterium
1098 2664 1127 2718 in
1145 2665 1258 2734 triginta

107 2745 222 2800 talentis
235 2746 295 2800 auri
307 2745 365 2816 regi
378 2746 527 2814 soluendis,
541 2747 642 2802 virtute
656 2756 732 2802 carte
749 2746 823 2815 regis
843 2747 1036 2804 Hardecanuti
1048 2747 1166 2817 predicti
1177 2766 1184 2816 ;
1203 2766 1272 2826 que,

107 2845 219 2884 summa
231 2847 261 2884 se
274 2829 399 2884 extendit
414 2830 452 2884 ad
469 2829 522 2884 tria
542 2829 620 2884 milia
638 2829 780 2895 librarum,
793 2828 921 2884 videlicet
939 2845 990 2899 pro
1010 2830 1132 2900 quolibet
1151 2832 1258 2886 talento

110 2913 133 2968 C
146 2912 242 2968 libras.
274 2912 359 2968 Cuius
372 2913 639 2983 condempnacionis
652 2913 784 2968 execucio
795 2929 852 2967 non
865 2914 954 2966 solum
963 2930 996 2968 ex
1006 2913 1098 2981 rigore
1111 2915 1259 2982 potestatis
1273 2936 1304 2985 30

108 2996 193 3064 regie,
206 2997 250 3049 vel
263 2995 424 3050 coniectura
436 2996 596 3051 subtilitatis
609 2996 740 3061 humane,
754 3013 850 3050 verum
862 2995 951 3050 eciam
971 2995 1102 3050 instinctu
1119 2995 1216 3051 diuino
1229 3007 1257 3054 et

109 3078 199 3134 sancti
213 3079 356 3133 Edmundi
375 3079 488 3148 gloriosi
505 3079 579 3149 regis
598 3089 625 3134 et
644 3077 766 3133 martiris
783 3077 962 3146 adminiculo,
975 3094 1124 3134 emanasse
1137 3080 1180 3134 vel
1193 3097 1258 3136 con·

108 3161 207 3232 tigisse
224 3161 342 3218 videtur.
366 3167 371 3228 1
394 3164 469 3217 Nam
484 3163 607 3232 quadarn
623 3172 707 3218 nocte
726 3171 852 3232 ternpore
867 3161 924 3216 litis
942 3178 994 3231 pro
1006 3179 1057 3215 xxx
1070 3163 1181 3218 talentis
1198 3164 1257 3218 auri

108 3244 167 3314 regi
190 3245 439 3316 condempnandis,
459 3246 570 3301 cuidam
589 3248 727 3300 monacho
739 3244 881 3299 Willelmo
900 3245 935 3300 de
954 3245 1117 3314 Hengham,
1129 3245 1189 3300 viro
1202 3247 1259 3302 vite

111 3328 239 3398 religiose
264 3338 292 3384 et
319 3330 423 3384 denoto
451 3329 561 3384 custodi
585 3328 679 3383 feretri
704 3328 824 3384 martiris
848 3328 973 3398 gloriosi,
997 3327 1149 3400 quiescenti
1175 3346 1259 3400 super
1273 3345 1304 3396 35

109 3413 232 3468 bancum
244 3413 281 3467 ad
294 3412 421 3468 dextram
433 3412 529 3483 magni
546 3411 643 3467 altaris
661 3410 747 3466 situm
766 3428 885 3482 sompno
904 3421 1014 3482 arrepto
1028 3411 1117 3468 visum
1128 3413 1218 3468 luerat
1231 3414 1259 3468 in

110 3495 219 3552 visione
236 3496 311 3566 quod
330 3497 429 3551 beatus
446 3496 614 3551 Edmundus
632 3495 667 3549 de
683 3493 786 3550 scrinio
804 3513 854 3550 suo
873 3495 902 3548 in
920 3512 976 3566 quo
994 3498 1065 3550 iacet
1085 3495 1259 3567 incorruptus

112 3579 293 3650 corporaliter
315 3579 399 3634 exiuit
420 3589 553 3646 armatus,
574 3588 603 3633 et
627 3578 654 3634 in
676 3595 742 3634 area
764 3577 918 3648 pauimenti
941 3578 1018 3635 iuxta
1039 3578 1171 3634 scrinium
1195 3597 1258 3636 cum

112 3662 188 3717 omni
208 3673 346 3733 apparatu
364 3661 451 3732 regali
470 3661 613 3717 redimitus
632 3661 717 3731 stetit,
731 3661 774 3716 cui
793 3662 949 3716 adueniens
962 3663 998 3716 de
1011 3662 1118 3732 capella
1134 3663 1258 3733 reliquia·

111 3763 174 3801 rum
187 3745 301 3816 quidam
314 3747 478 3813 monachus,
488 3755 518 3799 vt
530 3743 652 3800 creditur
663 3745 822 3816 Ayelwinus
836 3744 981 3816 quondam
993 3745 1053 3799 eius
1065 3745 1259 3814 cubicularius,
1273 3764 1306 3815 40

113 3837 273 3885 reuerenter
296 3830 395 3900 optulit
419 3829 445 3886 ei
470 3827 595 3899 gladium
620 3845 702 3883 suurn
727 3828 833 3883 nudum
857 3837 885 3882 et
909 3837 1062 3882 extractum
1089 3827 1125 3882 de
1149 3828 1259 3898 vagina.

114 3913 207 3982 Quem
228 3913 327 3968 beatus
347 3913 517 3968 Edmundus
536 3913 572 3967 de
592 3929 678 3967 manu
700 3909 829 3966 monachi
849 3912 925 3966 uultu
944 3909 1074 3964 animoso
1091 3921 1120 3966 et
1138 3911 1260 3979 placenti

113 3995 259 4067 recipiens,
281 4007 309 4052 et
331 4007 454 4052 erectum
479 4005 601 4066 portans,
626 3995 761 4067 processit
785 4010 873 4064 vsque
898 3992 935 4047 ad
960 3991 1078 4062 primam
1104 3993 1261 4050 custodiam

114 4078 270 4149 presbiterii
292 4097 327 4134 ex
346 4089 425 4150 parte
443 4078 574 4146 australi;
597 4079 640 4134 cui
661 4079 786 4133 dausure
805 4077 877 4131 illius
905 4073 1030 4130 custodie
1054 4075 1115 4130 sine
1137 4077 1261 4132 humano

114 4161 285 4218 adminiculo
297 4172 394 4234 aperte
407 4179 470 4218 cum
485 4178 589 4231 magno
606 4161 722 4232 strepitu
741 4160 843 4215 dedere
861 4173 1045 4228 progressum.
1083 4157 1215 4214 Similiter
1233 4170 1261 4215 et
1273 4173 1306 4224 45

114 4246 195 4301 value
204 4247 326 4302 secunde
335 4244 468 4300 custodie.
495 4247 615 4300 Sanctus
625 4243 709 4313 igitur
718 4243 815 4298 martir
821 4243 987 4298 continuans
996 4239 1049 4296 iter
1061 4241 1135 4313 qnod
1148 4253 1261 4311 ceperat

115 4343 166 4398 per
177 4327 302 4385 medium
314 4329 394 4384 nauis
411 4327 537 4394 ecclesie,
550 4327 625 4396 exiit,
638 4326 748 4397 magnis
760 4325 846 4396 ostiis,
859 4326 931 4382 sicut
944 4340 996 4380 nec
1008 4325 1085 4395 prius
1097 4324 1260 4394 minoribus,

644 4439 726 4482 ΧΗ
