3046 4902
296 275 372 342 610
727 263 934 364 flunmen
962 266 1013 341 11.

294 467 379 524 nichil
392 467 548 538 proliceret,
560 467 719 524 consultum
731 477 774 523 est
785 466 812 523 ei
825 467 863 522 ab
875 465 1021 537 Ayelnino
1033 463 1109 521 beati
1121 464 1246 522 martiris
1259 467 1457 531 consecretali,

293 551 424 622 quatinus
435 550 647 620 energuminum
659 551 697 606 ad
709 551 838 606 tumbam
850 550 940 606 sancti
950 550 1105 604 curandum
1114 549 1217 604 deferri
1227 549 1354 607 iuberet.
1375 551 1456 620 Quod

294 651 358 688 cunt
376 635 481 690 tactum
500 633 607 700 inisset,
628 633 759 688 omnibus
783 633 812 687 in
836 649 985 688 commune
1009 633 1126 703 psalmis
1150 643 1179 687 et
1203 634 1325 690 letaniis
1351 635 1456 689 incum-

294 717 434 781 bentibus,
456 715 598 786 tande[m]
618 718 656 772 ab
677 717 807 786 ymagine
828 714 874 772 dei
894 733 1016 786 nequam
1038 714 1151 786 spiritus
1169 717 1272 785 egredi
1292 719 1456 788 compulsus

266 809 345 862 sest.
383 800 467 868 Quod
480 815 597 854 cernens
609 816 658 854 rex
670 799 756 856 etalii
770 799 994 868 circumstantes,
1004 809 1138 869 ceperunt
1149 800 1314 869 glorificare
1328 802 1418 856 deum
1431 801 1456 854 in

294 883 399 938 sanctis
417 884 475 938 suis
493 882 658 950 mirabilem,
670 894 699 939 et
710 883 850 937 mirabilia
862 899 911 952 per
923 899 972 938 eos
984 893 1157 952 operantem.
1195 884 1352 952 Osgothus
1369 883 1456 940 eciam

295 985 326 1022 se
345 967 399 1022 sibi
417 967 557 1022 redditum
577 967 763 1038 perpendens,
775 967 885 1036 gmcias
897 966 951 1020 deo
963 975 992 1020 et
1008 977 1108 1022 sancto
1126 966 1284 1021 Edmundo
1295 968 1456 1036 impendit;

295 1049 398 1106 deinde
416 1051 504 1106 vitam
522 1051 641 1106 correxit
662 1059 691 1106 et
710 1067 804 1106 mores
822 1050 950 1116 mutauit,
967 1061 1119 1120 sanctoque
1140 1049 1281 1119 deinoeps
1300 1052 1457 1105 Edmundo

296 1133 387 1188 fidelis
407 1133 568 1204 permansit
608 1135 641 1187 ln
661 1131 853 1188 testimonium
872 1143 968 1188 tamen
987 1131 1209 1202 presumptionis
1228 1132 1373 1200 indebite,
1386 1146 1457 1188 sura·

252 1239 284 1276 io
296 1233 412 1287 rumque
431 1232 564 1272 manuum
582 1217 715 1270 multatus
733 1225 776 1270 est
794 1214 956 1270 arriditate:
983 1225 1013 1270 ut
1030 1215 1084 1270 sub
1102 1215 1159 1284 iugi
1178 1217 1323 1286 supplicio
1344 1234 1458 1287 semper

296 1299 493 1355 admoneretur
504 1316 562 1355 non
574 1301 662 1355 altum
675 1315 773 1371 sapere
786 1309 829 1354 set
842 1299 948 1354 timere

366 1441 389 1502 ll
410 1445 460 1500 Du
478 1456 606 1500 nontuo
624 1457 668 1500 un
685 1445 874 1500 wunnerou
894 1456 933 1499 uu
951 1455 1059 1499 vxoua
1077 1455 1136 1500 sue
1152 1455 1194 1499 aa
1213 1456 1393 1500 nouurmcr

695 1539 808 1584 nouus
827 1539 1049 1584 presumens

294 1693 470 1748 Ermum
477 1689 747 1748 SmiEdmdi,
828 1649 879 1706 Uit
892 1648 1144 1718 quidamdominus
1155 1649 1278 1704 Manerii
1288 1651 1454 1705 deWerke

750 1732 757 1747 '
860 1737 908 1788 ton
928 1742 1054 1802 tempore
1077 1733 1167 1801 primo
1191 1733 1285 1786 macti
1306 1734 1454 1808 Edu-aidi,

295 1815 343 1887 qui
362 1815 460 1870 habuit
472 1831 584 1869 uxorem
603 1813 656 1870 sibi
675 1815 776 1872 deuote
793 1817 960 1887 copulatam.
1003 1817 1126 1885 Vterque
1138 1815 1235 1880 iustus,
1248 1827 1375 1886 uterque
1394 1818 1454 1887 pius

252 1923 260 1958 ι
267 1923 280 1972 5
296 1915 330 1953 ac
341 1898 470 1969 operibus
483 1897 672 1953 misericordie
684 1909 822 1954 assuetus.
848 1899 957 1967 Quibus
969 1899 1098 1953 inuideas
1107 1897 1246 1965 inimicus,
1254 1899 1454 1970 deceptoriam
1504 1893 1505 1932 3

296 1982 403 2038 eisdem
424 1981 477 2036 sub
496 1981 590 2051 specie
614 1981 755 2050 religionis
781 1981 887 2037 inmisit
911 1981 1128 2051 suggestionem.
1173 1983 1206 2034 ln
1229 1982 1330 2050 primis
1358 1984 1454 2055 itaque

295 2066 434 2135 suggessit
447 2065 577 2120 cordibus
590 2063 783 2120 innooencium
796 2075 957 2120 sanctorum
964 2065 1104 2131 victorias,
1114 2065 1307 2120 consessorum
1319 2067 1452 2135 gloriam,

293 2165 328 2204 ac
341 2148 479 2218 uirginum
493 2147 689 2217 triumphalem
702 2148 917 2214 continenciam,
930 2159 972 2203 set
985 2149 1098 2203 demum
1110 2148 1315 2203 demonstrauit
1329 2167 1451 2204 coronas

293 2231 507 2287 excellenciam
519 2231 664 2286 martirum
681 2231 845 2286 beatorum:
865 2242 895 2286 ut
913 2242 1018 2302 quanto
1037 2231 1142 2286 scilicet
1160 2230 1248 2286 cicius
1266 2234 1450 2301 peruenerint
1504 2277 1505 2288 2

249 2333 282 2368 ao
294 2315 331 2369 ad
351 2331 485 2370 coronam
505 2313 631 2380 martirii,
651 2325 731 2370 tanto
752 2315 875 2370 velocius
895 2314 1062 2370 inducantur
1082 2315 1120 2368 ad
1140 2315 1203 2369 loca
1222 2315 1334 2384 premii.
1375 2319 1449 2371 Eoce

292 2397 447 2452 martirium
461 2395 708 2467 com[m]endatur,
722 2409 765 2452 set
777 2398 877 2453 modus
890 2397 1005 2452 martirii
1016 2414 1072 2452 non
1083 2396 1269 2466 distinguitur.
1291 2399 1449 2469 Elegerunt

290 2496 358 2548 ergo
368 2481 454 2536 vitam
463 2481 560 2536 mundi
574 2481 653 2536 linire
666 2481 798 2549 martirio,
807 2483 961 2537 etiormam
971 2481 1125 2536 execrande
1138 2480 1309 2550 perdicionis
1322 2484 1448 2554 precogi-

291 2571 420 2618 tauerunt
433 2582 440 2618 :
459 2575 488 2618 et
496 2561 505 2588 ¹
514 2563 583 2618 dum
596 2563 625 2618 in
638 2563 740 2620 vicinio
751 2581 851 2620 manus
864 2581 919 2620 non
931 2565 1068 2620 haberent
1079 2563 1278 2628 occidencium,
1286 2581 1325 2620 ne
1337 2567 1447 2622 diucius

292 2647 503 2716 prolongaretur
523 2657 650 2716 optatum
670 2648 812 2717 gaudium,
831 2657 946 2718 vterque
968 2648 995 2702 in
1016 2664 1118 2716 corpus
1137 2647 1280 2718 proprium
1302 2648 1448 2714 seruando,

248 2749 278 2800 ²⁵
292 2729 345 2784 sibi
358 2739 452 2784 tamen
465 2740 574 2784 tantum
586 2731 724 2799 cognitus,
735 2731 901 2802 sacrilegum
913 2731 1089 2802 precipitauit
1103 2731 1293 2786 homicidium.
1326 2733 1386 2802 Qui
1400 2734 1447 2788 dic

292 2813 422 2884 quadam,
436 2813 550 2868 remotis
563 2813 600 2867 ad
613 2815 752 2868 cautelam
764 2813 929 2870 famulorum
942 2813 1108 2881 intersticiis,
1120 2813 1239 2885 quisque
1250 2818 1364 2885 nephas
1382 2834 1447 2872 con·
1504 2809 1505 2818 ¹

291 2907 403 2966 ceptum
427 2896 560 2966 precurrit
579 2913 727 2966 occupare.
765 2898 813 2952 Set
837 2897 906 2952 deus
931 2897 1029 2963 bonus,
1054 2897 1102 2967 qui
1126 2896 1214 2952 noluit
1238 2909 1354 2954 sanctos
1380 2917 1446 2954 suos

292 2979 431 3036 inmisceri
443 2980 545 3036 eternis
555 2979 689 3048 ludibriis,
700 2991 896 3051 temptatorem
908 2979 1061 3048 hebetauit,
1068 2991 1096 3036 et
1106 2989 1259 3051 temptatos
1270 2999 1289 3036 a
1300 2984 1446 3052 proposito

290 3081 412 3134 nequam
432 3063 480 3119 tali
497 3063 583 3118 modo
601 3063 751 3118 reuocauit
790 3065 854 3120 Mos
873 3063 949 3118 enim
968 3063 1100 3135 predictis
1118 3081 1136 3118 a
1154 3063 1252 3134 priscis
1271 3067 1444 3136 temporibus
1504 3047 1505 3120 i

247 3167 278 3216 30
292 3147 407 3202 inoleuit
424 3157 454 3201 vt
476 3147 578 3202 cotidie
599 3155 662 3216 post
684 3145 833 3217 prandium
854 3146 883 3200 in
905 3148 1011 3201 honore
1034 3147 1147 3216 gloriosi
1169 3146 1243 3216 regis
1267 3159 1296 3202 et
1322 3150 1444 3204 martiris
1504 3197 1505 3204 ,

292 3229 436 3283 Edmuudi
450 3239 513 3299 post
525 3229 634 3298 gracias
653 3228 707 3284 deo
726 3230 831 3284 solutas
844 3228 1030 3299 potacionem,
1042 3247 1126 3301 quam
1142 3231 1257 3300 plenum
1275 3230 1337 3286 siue
1355 3233 1443 3302 pleni·
1504 3241 1505 3280 ἴ

290 3311 439 3382 tudine[m]
454 3312 542 3367 sancti
562 3313 707 3367 Edmuudi
720 3313 869 3378 vocabant,
882 3313 919 3367 ad
937 3313 1107 3382 gustandum
1126 3314 1275 3383 postulare,
1288 3331 1356 3382 non,
1370 3316 1442 3386 quod

289 3394 372 3462 absit,
397 3395 434 3449 ad
458 3399 521 3463 gule
546 3394 688 3451 illecebras
715 3395 886 3464 excitandas,
908 3406 958 3460 set,
977 3405 1006 3450 vt
1030 3397 1123 3452 verius
1146 3397 1250 3466 loquar,
1273 3397 1312 3450 ad
1340 3399 1441 3454 Christi

290 3493 427 3546 pauperes
446 3480 621 3534 recreandos
660 3480 840 3548 Prochdolor,
862 3480 938 3534 dicto
958 3479 1005 3534 die
1028 3479 1155 3552 concepti
1179 3480 1291 3535 sceleris
1310 3485 1441 3551 poculum

245 3575 277 3625 55
291 3559 364 3616 beati
390 3561 511 3616 martiris
536 3562 853 3618 omiserunt—nimirum
877 3579 941 3616 cum
966 3572 1055 3617 totum
1076 3563 1114 3617 ad
1138 3564 1244 3616 malum
1268 3563 1440 3634 aspirabant,

290 3645 395 3699 bouum
414 3661 469 3699 non
484 3645 641 3715 sapiebant.
677 3646 806 3701 Tandem
819 3661 885 3700 vero
898 3645 970 3701 inter
981 3646 1084 3700 densas
1096 3662 1130 3700 ac
1143 3662 1298 3716 peropaees
1310 3651 1440 3704 tenebras

290 3728 337 3782 lux
361 3727 440 3783 exilis
458 3728 579 3794 emicuit,
599 3739 695 3783 sancte
712 3728 842 3784 videlicet
863 3728 1069 3784 recordacionis
1089 3728 1232 3783 Edmuudi
1250 3729 1325 3797 regis
1347 3732 1440 3786 oblata

290 3812 410 3881 potacio.
446 3811 528 3865 Vnde
547 3811 614 3866 dum
632 3814 747 3883 plenum
766 3811 855 3866 sancti
876 3811 1020 3866 Edmuudi
1039 3811 1210 3882 deportatur,
1224 3811 1319 3866 suasio
1337 3813 1439 3869 diaboli

289 3895 440 3964 effugatur:
459 3903 488 3950 et
500 3895 568 3948 dum
583 3905 713 3964 gustatur
724 3906 806 3965 potus
819 3897 857 3950 ob
870 3895 1055 3950 deuocionem
1073 3905 1207 3958 sacratus,
1220 3895 1335 3963 sugatur
1353 3897 1439 3953 hostis

245 3998 277 4046 40
289 3989 445 4032 excecatus.
494 3979 672 4048 Quapropter
696 3988 820 4047 vterque,
842 3978 955 4033 sceleris
983 3977 1149 4048 precogitati
1180 3977 1319 4048 penitens,
1344 3993 1439 4036 sanctu

290 4061 396 4116 martiri
408 4061 517 4130 gracias
528 4061 584 4130 egit
596 4061 752 4116 dulcifluus.
789 4061 845 4131 Qui
859 4061 943 4116 cicius
955 4061 1083 4116 eiusdem
1095 4061 1170 4130 regis
1183 4061 1280 4116 limina
1287 4061 1437 4130 visitantes,

292 4183 371 4310 [gan
390 4185 521 4314 ciiionictli
539 4185 568 4234 oi
578 4185 613 4237 St.
627 4185 762 4236 Edmnnd's
782 4187 803 4236 is
820 4193 905 4236 extant
920 4186 945 4235 in
966 4185 1020 4236 MS.
1039 4187 1146 4252 Queen's
1161 4185 1228 4237 Coll.
1247 4185 1305 4236 Ori
1320 4189 1396 4240 mciv.
1414 4203 1436 4252 3,

324 4315 334 4340 ²
378 4263 528 4363 ingcen..
