3044 4894
289 309 334 382 5²
600 288 730 374 moos
755 283 946 390 immun
970 285 1121 391 ungue.

286 495 423 544 sanctum
432 503 543 560 corpus
552 485 705 545 insisteret
716 487 901 561 [precibus]¹,
912 487 959 544 sur
971 489 1092 562 quidam
1102 491 1225 547 bursam
1238 490 1313 561 eius,
1324 493 1435 549 solidos

286 573 422 648 aliquos’
437 575 650 645 continentem,
664 584 790 648 repente
809 575 954 644 incidens,
973 576 1097 634 cecitate
1118 595 1282 650 percussus
1302 591 1361 636 est.
1400 580 1434 636 Et

287 679 355 719 cum
373 663 430 719 huc
447 671 536 735 atque
555 662 624 719 illuc
642 671 785 736 tanquam
804 663 906 719 ebrius
927 663 1032 721 abire³
1048 673 1218 738 temptaret,
1239 683 1295 722 nec
1314 667 1434 732 valeret,

286 749 427 806 delictum
441 741 529 807 suum
543 750 642 822 palam
656 750 804 807 confitens
816 760 847 807 et
859 751 988 808 loculum
1003 761 1139 809 matrone
1153 754 1326 823 restituens,
1335 755 1434 811 lumen

257 858 272 910 5
286 837 441 894 oculorum
454 838 599 894 amissum
613 838 725 911 recepit
733 839 751 894 ⁴.

457 961 479 1020 il
499 947 553 1016 Dr
573 975 689 1016 sarcro
711 945 827 1016 liruro
845 977 965 1016 nssnrr
984 977 1021 1016 rr
1040 960 1258 1018 conrrssonrl.

341 1065 461 1122 Anctus
479 1065 559 1121 enim
576 1063 685 1120 iltutus
702 1063 783 1120 filius
802 1065 856 1120 suit
875 1064 1053 1122 nobilissimi
1068 1065 1170 1122 militis
1186 1066 1309 1124 nomine
1323 1067 1434 1134 Bicani,

375 1161 472 1210 mater
487 1152 552 1209 eius
571 1151 790 1224 Rieinguilida⁶
804 1153 864 1209 filia
884 1151 982 1225 regis⁷
1001 1152 1155 1214 Britannie
1179 1152 1305 1211 Minoris
1328 1157 1434 1212 extitit

286 1238 345 1295 Hic
364 1240 446 1297 enim
465 1258 483 1296 a
502 1239 678 1313 parentibus
695 1239 802 1296 litteris
821 1241 1056 1308 commendatus,
1075 1242 1112 1297 ad
1123 1241 1133 1272 ⁸
1144 1240 1308 1298 iuuenilem
1321 1252 1433 1300 etatem

284 1326 418 1394 veniens,
431 1326 536 1384 militie
548 1327 682 1384 animum
694 1327 785 1383 dedit.
823 1327 919 1382 Tante
932 1327 1013 1385 enim
1027 1337 1090 1384 erat
1101 1327 1253 1396 memorie,
1263 1338 1294 1386 vt
1306 1331 1434 1386 audiens

241 1429 272 1464 10
284 1413 418 1486 magistri
439 1415 620 1471 sententiam
636 1431 696 1471 vna
715 1413 789 1484 vice,
810 1415 991 1471 cordetenus
1008 1415 1090 1470 omni
1104 1425 1242 1487 tempore
1262 1416 1412 1476 retineret
1419 1419 1435 1472 ³.

284 1501 421 1558 Audiens
441 1511 541 1558 autem
566 1501 690 1558 Arthuri
712 1501 791 1574 regis
809 1501 981 1558 consobrini
1001 1501 1047 1558 sui
1070 1502 1331 1575 magnificentiam,
1348 1503 1434 1562 illum

283 1587 402 1644 visitare
422 1588 570 1646 decreuit:
590 1597 621 1646 et
633 1589 671 1644 ab
684 1589 750 1662 ipso
769 1606 837 1645 curn
853 1589 967 1645 honore
986 1599 1125 1662 receptus
1144 1598 1200 1646 est.
1237 1590 1377 1647 Tandem
1399 1594 1433 1648 ad

284 1693 386 1748 regem
402 1675 649 1749 Morganensium
660 1676 681 1708 ¹⁰
693 1676 827 1743 veniens,
837 1676 950 1732 curiam
962 1675 1029 1732 eius
1037 1678 1094 1732 sub
1110 1677 1177 1749 ipso
1190 1677 1267 1733 rexit
1279 1681 1433 1736 secundus

282 1779 384 1836 arege
397 1763 500 1820 sactus.
538 1763 669 1836 Contigit
689 1763 738 1820 die
751 1765 890 1836 quadam,
910 1781 976 1820 cum
993 1764 1116 1820 duceret
1136 1763 1279 1820 familiam
1298 1767 1433 1838 regalem

241 1867 269 1917 15
282 1853 420 1908 venando
432 1869 487 1924 per
500 1851 680 1907 territorium
693 1851 789 1907 sancti
796 1851 915 1918 Cadoci,
924 1851 974 1906 illa
982 1851 1140 1924 quiescens
1150 1851 1229 1908 misit
1241 1853 1279 1908 ad
1292 1853 1433 1911 abbatem

283 1937 434 1995 Cadocum
456 1956 524 1995 cum
545 1939 647 2011 rigidis
660 1939 761 1996 verbis
773 1947 805 1995 vt
819 1939 876 1994 sibi
895 1937 1054 2010 prandium
1073 1937 1235 2010 dirigeret;
1255 1939 1303 1995 sin
1322 1951 1435 2008 autem,

281 2025 337 2082 vi¹¹
351 2026 449 2083 cibum
462 2027 587 2084 tolleret.
624 2026 761 2099 Cumque
777 2035 900 2082 sanctus
919 2025 967 2082 dei
986 2026 1066 2098 quod
1089 2025 1240 2082 sufficeret
1257 2027 1434 2092 remisisset,

282 2111 391 2171 familia
409 2113 603 2170 discumbens
620 2112 712 2170 voluit
732 2114 899 2187 prandere:
927 2113 982 2169 sed
1007 2112 1143 2184 apposita
1151 2113 1180 2182 ¹¹,
1200 2115 1294 2170 caruit
1313 2133 1433 2174 comes-

280 2200 361 2258 tione
369 2200 398 2258 ¹³.
438 2201 515 2257 Nam
547 2219 601 2274 pro
631 2199 731 2257 illicita
760 2199 901 2272 petitione
926 2209 955 2256 et
981 2200 1126 2272 sacrilega
1150 2199 1317 2258 offensione
1344 2204 1434 2260 tellus

237 2307 269 2341 20
280 2287 415 2360 iniquam
427 2289 543 2344 turbam
559 2288 723 2360 deglutiuit.
744 2287 852 2344 iltutus
861 2304 934 2343 vero
947 2285 1073 2343 militum
1086 2287 1238 2360 princeps,
1248 2288 1317 2361 quia
1332 2289 1433 2364 inique

281 2375 414 2448 petitioni
428 2375 599 2432 consentire
612 2375 713 2444 noluit,
726 2374 814 2431 viuus
832 2373 994 2431 euasit—et
1011 2391 1067 2431 nec
1087 2373 1117 2429 in
1135 2375 1202 2431 loco
1217 2375 1248 2430 in
1262 2393 1322 2448 quo
1336 2377 1433 2436 fuerat

280 2462 390 2518 familia
397 2472 517 2536 pastum
527 2463 724 2535 expectando,
733 2461 823 2532 affuit,
833 2463 887 2518 sed
897 2462 999 2534 procul
1011 2455 1124 2518 abiera't
1133 2461 1304 2535 accipitrem
1315 2473 1433 2522 tenens

284 2549 321 2605 Et
333 2551 441 2607 videns
451 2549 523 2623 quid
538 2549 600 2622 [de]
610 2549 631 2582 ¹⁴
646 2548 734 2606 sociis
747 2558 845 2605 actum
859 2557 931 2616 erat,
945 2547 1058 2620 timuit;
1078 2550 1116 2605 ad
1129 2559 1265 2606 sanctum
1278 2550 1432 2610 Cadocum

280 2637 460 2706 accelerans,
474 2654 555 2708 genu
564 2636 585 2669 ¹⁸
598 2636 678 2693 flexo
691 2636 847 2693 consilium
861 2635 1043 2693 emendandi
1056 2637 1093 2692 ab
1106 2636 1155 2691 illo
1172 2638 1338 2708 postulauit
1350 2643 1432 2713 quod

236 2741 265 2792 25
280 2723 413 2797 deliquit.
452 2723 505 2781 Ille
518 2740 590 2781 vero
608 2723 765 2781 consilium
785 2723 867 2781 dedit
886 2722 937 2793 illi,
951 2723 1118 2780 secularem
1131 2723 1263 2780 habitum
1277 2726 1432 2797 deserere,

281 2819 311 2868 et
330 2810 362 2866 in
382 2820 444 2867 toto
464 2810 526 2867 vite
549 2829 603 2868 sue
623 2811 725 2884 spacio
750 2820 874 2884 propter
899 2819 1034 2867 eternam
1059 2810 1285 2868 retributionem
1310 2829 1432 2872 summo

279 2899 407 2954 creatori
428 2897 552 2955 seruire.
600 2898 653 2954 Ille
672 2916 744 2954 vero
764 2898 865 2955 verbis
891 2897 985 2954 sancti
1010 2915 1169 2955 assensum
1194 2899 1337 2971 prebens,
1364 2921 1432 2960 curn

279 2985 381 3058 sopori
404 2987 539 3042 membra
562 2985 704 3053 dedisset,
719 2985 793 3042 vidit
811 2987 951 3058 angelum
973 2985 1094 3054 domini,
1112 2985 1163 3058 qui
1182 2986 1262 3042 inter
1283 2997 1387 3046 cetera
1405 2992 1433 3048 ei

278 3073 353 3130 dixit
377 3073 469 3130 sic¹⁶:
498 3072 603 3131 ‘Miles
631 3072 701 3129 olim
727 3071 807 3129 suisti
830 3090 848 3129 a
878 3073 1000 3145 regibus
1010 3072 1030 3105 ¹⁷
1057 3073 1236 3130 honoratus:
1269 3076 1324 3131 sed
1352 3095 1431 3135 nunc

233 3178 265 3227 30
279 3161 343 3233 regi
364 3179 470 3234 regum
491 3159 624 3234 precipio
644 3169 674 3216 vt
692 3159 816 3230 seruies,
839 3159 1027 3232 ampliusque
1047 3159 1217 3216 transitoria
1236 3179 1298 3218 non
1314 3164 1431 3238 diliges.

280 3248 357 3304 Nam
370 3247 525 3304 insidiator
537 3250 622 3304 adest
630 3247 681 3321 qui
695 3257 724 3304 te
737 3256 862 3304 conatur
873 3247 1008 3318 illudere,
1022 3257 1051 3304 te
1065 3249 1231 3320 dampnare
1249 3249 1430 3309 desiderans

277 3344 339 3391 toto
359 3352 450 3407 posse
460 3335 487 3391 ¹⁸.
531 3335 575 3392 Te
596 3335 685 3402 videt,
705 3345 736 3391 tu
758 3353 818 3390 non
838 3333 924 3391 vides
946 3352 1016 3391 eum
1041 3335 1190 3408 corporali
1214 3335 1352 3408 lumine;
1373 3340 1431 3396 nisi

277 3439 386 3480 caueas
407 3431 437 3479 et
459 3430 489 3479 te
508 3432 657 3495 protegas,
677 3423 833 3479 destruere
855 3428 885 3477 te
907 3421 1024 3495 poterit.
1062 3421 1121 3478 Hic
1140 3423 1228 3480 leone
1250 3428 1431 3494 seuerior¹⁹,

309 3536 386 3586 ιοιιι.
435 3535 608 3599 ἀιαΙίᾳιιοι
659 3535 737 3586 'vit
748 3537 813 3586 adds
826 3537 947 3584 nutando.
997 3534 1138 3586 ⁴Collect:

310 3611 366 3679 [O]
388 3630 463 3676 quam
483 3622 555 3676 grata
572 3615 615 3663 dei
633 3615 726 3676 pietas,
742 3615 784 3676 pia
802 3613 888 3676 gracia
907 3619 1003 3675 quanto
1022 3613 1122 3662 Fenore
1143 3613 1259 3663 retribuit
1279 3619 1431 3668 meritorum

276 3679 374 3744 premia
394 3681 498 3738 sanctis,
516 3680 663 3742 Eternaque
679 3680 772 3728 breues
789 3679 907 3728 mercede
924 3687 1070 3728 remunerat
1086 3685 1165 3728 actus.
1200 3679 1259 3728 Hec
1276 3681 1431 3734 indeficiens

277 3746 399 3808 Hugonis
409 3745 490 3807 gloria
502 3746 599 3808 pandit.
634 3745 666 3796 V.
679 3745 763 3808 Elegit
779 3745 829 3794 sibi
846 3745 964 3793 dominus
981 3745 1063 3794 uirum
1081 3745 1114 3793 de
1130 3744 1214 3807 plebe,
1232 3745 1265 3796 Et
1283 3747 1429 3801 claritatem

275 3813 384 3862 uisionis
396 3819 486 3861 eterne
498 3812 569 3861 dedit
580 3811 623 3862 illi.

312 3877 391 3940 Deus
408 3890 451 3952 qui
467 3890 570 3938 beatum
587 3889 727 3951 Hugonem
745 3889 920 3938 consessorem
937 3895 1008 3938 tuum
1026 3894 1103 3950 atque
1118 3889 1266 3951 pontificem
1284 3893 1431 3943 eminentia

275 3957 425 4006 meritorum
437 3964 464 4005 et
475 3956 589 4005 claritate
605 3957 738 4018 signorum
753 3953 914 4003 excellenter
923 3954 1029 4013 ornasti,
1042 3955 1155 4003 concede
1166 3955 1298 4017 propicius
1310 3965 1340 4006 ut
1352 3959 1429 4024 [eius]

275 4020 975 4137 “fliiiimpiiiiiltriiii‘uii¹¹¹ui²‘ili¹'e‘i
987 4019 1211 4134 (ἓὲἑὲΒᾝν
1228 4085 1273 4134 n
1297 4087 1376 4140 a...
1412 4091 1430 4129 ·.

276 4153 336 4213 naa,
350 4125 573 4216 sinnam..
624 4124 751 4201 'uades
764 4102 1082 4214 dibiiuarn'us'uesi.
1130 4121 1255 4202 ⁸rns’et
1268 4124 1310 4203 id.
1374 4107 1429 4206 lui:

275 4225 416 4268 reteneret.
448 4219 466 4249 ²⁰
482 4235 518 4268 sc.
531 4217 692 4268 Poulentum.
727 4217 746 4247 ¹¹
758 4217 786 4266 E.
798 4218 832 4266 in.
866 4216 885 4246 ¹²
903 4217 957 4266 MS.
971 4215 1002 4265 V.
1014 4215 1092 4266 velle.
1124 4215 1144 4246 ¹¹
1160 4216 1221 4267 T.E.
1233 4223 1430 4272 commestione.

275 4283 293 4378 :2
303 4299 361 4400 {ilnt-⁸
362 4283 440 4400 18ιέιὶ
448 4283 467 4314 ¹⁵
477 4285 506 4336 E.
517 4292 543 4334 et
554 4300 631 4348 genu.
650 4283 669 4314 ¹·
679 4283 709 4333 T.
718 4283 756 4332 sic
764 4284 788 4332 ei
796 4282 875 4333 dixit..
894 4281 912 4312 ¹¹
925 4281 954 4333 E.
964 4282 1119 4344 regionibus.
1144 4281 1163 4312 ¹⁸
1172 4282 1204 4334 V.
1214 4290 1269 4332 toto
1280 4289 1427 4338 conamine.
