<?xml version="1.0" encoding="UTF-8"?>
<!DOCTYPE html PUBLIC "-//W3C//DTD XHTML 1.0 Transitional//EN"
    "http://www.w3.org/TR/xhtml1/DTD/xhtml1-transitional.dtd">
<html xmlns="http://www.w3.org/1999/xhtml" xml:lang="en" lang="en">
 <head>
  <title>
</title>
<meta http-equiv="Content-Type" content="text/html;charset=utf-8" />
  <meta name='ocr-system' content='tesseract 3.04.00' />
  <meta name='ocr-capabilities' content='ocr_page ocr_carea ocr_par ocr_line ocrx_word'/>
</head>
<body>
  <div class='ocr_page' id='page_1' title='image "./novalegendaangl00wordgoog/novalegendaangl00wordgoog_0637.png"; bbox 0 0 3046 4902; ppageno 0'>
   <div class='ocr_carea' id='block_1_1' title="bbox 255 329 972 432">
    <p class='ocr_par' dir='ltr' id='par_1_1' title="bbox 255 329 972 432">
     <span class='ocr_line' id='line_1_1' title="bbox 255 329 972 432; baseline 0 -24"><span class='ocrx_word' id='word_1_1' title='bbox 255 335 330 410; x_wconf 84' lang='lat'>628</span> <span class='ocrx_word' id='word_1_2' title='bbox 686 329 890 432; x_wconf 61' lang='lat' dir='ltr'>appartet</span> <span class='ocrx_word' id='word_1_3' title='bbox 917 329 972 408; x_wconf 90' lang='lat'>11.</span> 
     </span>
    </p>
   </div>
   <div class='ocr_carea' id='block_1_2' title="bbox 254 532 1410 689">
    <p class='ocr_par' dir='ltr' id='par_1_2' title="bbox 254 532 1410 689">
     <span class='ocr_line' id='line_1_2' title="bbox 255 532 1410 606; baseline 0.003 -17"><span class='ocrx_word' id='word_1_4' title='bbox 255 533 365 590; x_wconf 82' lang='lat' dir='ltr'>diuitiis</span> <span class='ocrx_word' id='word_1_5' title='bbox 375 533 598 606; x_wconf 82' lang='lat' dir='ltr'>prepollens,.qni</span> <span class='ocrx_word' id='word_1_6' title='bbox 608 532 732 590; x_wconf 88' lang='lat' dir='ltr'>crebrius</span> <span class='ocrx_word' id='word_1_7' title='bbox 741 532 823 589; x_wconf 89' lang='lat' dir='ltr'>buius</span> <span class='ocrx_word' id='word_1_8' title='bbox 833 533 872 589; x_wconf 87' lang='lat' dir='ltr'>rei</span> <span class='ocrx_word' id='word_1_9' title='bbox 882 533 977 603; x_wconf 80' lang='lat' dir='ltr'>gracia</span> <span class='ocrx_word' id='word_1_10' title='bbox 987 532 1102 603; x_wconf 83' lang='lat' dir='ltr'>virginis</span> <span class='ocrx_word' id='word_1_11' title='bbox 1112 549 1194 588; x_wconf 82' lang='lat' dir='ltr'>aures</span> <span class='ocrx_word' id='word_1_12' title='bbox 1205 534 1347 604; x_wconf 75' lang='lat' dir='ltr'><strong>pulsabat,</strong></span> <span class='ocrx_word' id='word_1_13' title='bbox 1358 538 1410 592; x_wconf 84' lang='lat' dir='ltr'>sed</span> 
     </span>
     <span class='ocr_line' id='line_1_3' title="bbox 254 617 1409 689; baseline 0.002 -17"><span class='ocrx_word' id='word_1_14' title='bbox 254 617 360 672; x_wconf 89' lang='lat' dir='ltr'>nullum</span> <span class='ocrx_word' id='word_1_15' title='bbox 377 617 489 688; x_wconf 90' lang='lat' dir='ltr'>penitus</span> <span class='ocrx_word' id='word_1_16' title='bbox 505 627 668 689; x_wconf 78' lang='lat' dir='ltr'>extorquere</span> <span class='ocrx_word' id='word_1_17' title='bbox 687 625 797 688; x_wconf 87' lang='lat' dir='ltr'>poterat</span> <span class='ocrx_word' id='word_1_18' title='bbox 813 633 966 672; x_wconf 77' lang='lat' dir='ltr'>assmsrmn</span> <span class='ocrx_word' id='word_1_19' title='bbox 1004 617 1097 686; x_wconf 83' lang='lat' dir='ltr'>Super</span> <span class='ocrx_word' id='word_1_20' title='bbox 1112 632 1169 687; x_wconf 91' lang='lat' dir='ltr'>quo</span> <span class='ocrx_word' id='word_1_21' title='bbox 1185 617 1316 674; x_wconf 72' lang='lat' dir='ltr'>diabolus</span> <span class='ocrx_word' id='word_1_22' title='bbox 1332 619 1409 674; x_wconf 92' lang='lat' dir='ltr'>indi·</span> 
     </span>
    </p>
   </div>
   <div class='ocr_carea' id='block_1_3' title="bbox 254 699 1492 772">
    <p class='ocr_par' dir='ltr' id='par_1_3' title="bbox 254 699 1492 772">
     <span class='ocr_line' id='line_1_4' title="bbox 254 699 1492 772; baseline 0.002 -18"><span class='ocrx_word' id='word_1_23' title='bbox 254 709 364 770; x_wconf 84' lang='lat' dir='ltr'>gnatus,</span> <span class='ocrx_word' id='word_1_24' title='bbox 377 699 451 755; x_wconf 88' lang='lat' dir='ltr'>illius</span> <span class='ocrx_word' id='word_1_25' title='bbox 463 699 514 755; x_wconf 87' lang='lat' dir='ltr'>viri</span> <span class='ocrx_word' id='word_1_26' title='bbox 526 700 662 756; x_wconf 71' lang='lat' dir='ltr'>mentium</span> <span class='ocrx_word' id='word_1_27' title='bbox 674 700 798 772; x_wconf 77' lang='lat' dir='ltr'>speciem</span> <span class='ocrx_word' id='word_1_28' title='bbox 812 717 863 770; x_wconf 88' lang='lat' dir='ltr'>per</span> <span class='ocrx_word' id='word_1_29' title='bbox 878 710 1045 755; x_wconf 90' lang='lat' dir='ltr'>nocturnum</span> <span class='ocrx_word' id='word_1_30' title='bbox 1062 717 1201 770; x_wconf 87' lang='lat' dir='ltr'>soporem,</span> <span class='ocrx_word' id='word_1_31' title='bbox 1215 701 1287 756; x_wconf 91' lang='lat' dir='ltr'>sicut</span> <span class='ocrx_word' id='word_1_32' title='bbox 1304 703 1408 758; x_wconf 80' lang='lat' dir='ltr'>eadem</span> <span class='ocrx_word' id='word_1_33' title='bbox 1491 749 1492 756; x_wconf 72' lang='grc'>,</span> 
     </span>
    </p>
   </div>
   <div class='ocr_carea' id='block_1_4' title="bbox 214 782 1410 2598">
    <p class='ocr_par' dir='ltr' id='par_1_4' title="bbox 214 782 1410 2598">
     <span class='ocr_line' id='line_1_5' title="bbox 255 782 1408 854; baseline 0.003 -17"><span class='ocrx_word' id='word_1_34' title='bbox 255 782 333 854; x_wconf 83' lang='lat' dir='ltr'>virgo</span> <span class='ocrx_word' id='word_1_35' title='bbox 346 800 459 838; x_wconf 84' lang='lat' dir='ltr'>narrare</span> <span class='ocrx_word' id='word_1_36' title='bbox 471 783 554 844; x_wconf 77' lang='lat' dir='ltr'>solita</span> <span class='ocrx_word' id='word_1_37' title='bbox 565 795 618 852; x_wconf 87' lang='lat' dir='ltr'>est,</span> <span class='ocrx_word' id='word_1_38' title='bbox 630 783 760 854; x_wconf 86' lang='lat' dir='ltr'>apparuit</span> <span class='ocrx_word' id='word_1_39' title='bbox 771 782 798 838; x_wconf 89' lang='lat' dir='ltr'>ei</span> <span class='ocrx_word' id='word_1_40' title='bbox 810 783 924 838; x_wconf 89' lang='lat' dir='ltr'>diceus:</span> <span class='ocrx_word' id='word_1_41' title='bbox 943 783 1043 838; x_wconf 87' lang='lat' dir='ltr'>‘Vnde</span> <span class='ocrx_word' id='word_1_42' title='bbox 1057 782 1107 838; x_wconf 91' lang='lat' dir='ltr'>tibi</span> <span class='ocrx_word' id='word_1_43' title='bbox 1124 793 1205 838; x_wconf 89' lang='lat' dir='ltr'>tanta</span> <span class='ocrx_word' id='word_1_44' title='bbox 1219 785 1366 840; x_wconf 78' lang='lat' dir='ltr'>temeritas</span> <span class='ocrx_word' id='word_1_45' title='bbox 1378 797 1408 840; x_wconf 82' lang='lat' dir='ltr'>vt</span> 
     </span>
     <span class='ocr_line' id='line_1_6' title="bbox 228 863 1410 936; baseline 0.003 -16"><span class='ocrx_word' id='word_1_46' title='bbox 228 879 242 929; x_wconf 73' lang='lat'><strong>5</strong></span> <span class='ocrx_word' id='word_1_47' title='bbox 256 882 308 921; x_wconf 91' lang='lat' dir='ltr'>nec</span> <span class='ocrx_word' id='word_1_48' title='bbox 319 883 382 920; x_wconf 88' lang='lat' dir='ltr'>mee</span> <span class='ocrx_word' id='word_1_49' title='bbox 394 883 447 922; x_wconf 89' lang='lat' dir='ltr'>nec</span> <span class='ocrx_word' id='word_1_50' title='bbox 463 877 611 936; x_wconf 88' lang='lat' dir='ltr'>parentum</span> <span class='ocrx_word' id='word_1_51' title='bbox 623 867 801 936; x_wconf 74' lang='lat' dir='ltr'>obtemperes</span> <span class='ocrx_word' id='word_1_52' title='bbox 817 863 962 932; x_wconf 78' lang='lat' dir='ltr'>voluntati,</span> <span class='ocrx_word' id='word_1_53' title='bbox 975 866 1153 935; x_wconf 87' lang='lat' dir='ltr'>aspernando</span> <span class='ocrx_word' id='word_1_54' title='bbox 1167 883 1232 920; x_wconf 87' lang='lat' dir='ltr'>mea</span> <span class='ocrx_word' id='word_1_55' title='bbox 1247 869 1410 924; x_wconf 75' lang='lat' dir='ltr'>connubia?</span> 
     </span>
     <span class='ocr_line' id='line_1_7' title="bbox 255 947 1410 1020; baseline 0 -14"><span class='ocrx_word' id='word_1_56' title='bbox 255 967 292 1006; x_wconf 87' lang='lat' dir='ltr'>an</span> <span class='ocrx_word' id='word_1_57' title='bbox 304 950 377 1005; x_wconf 78' lang='lat' dir='ltr'>forte</span> <span class='ocrx_word' id='word_1_58' title='bbox 389 949 475 1005; x_wconf 90' lang='lat' dir='ltr'>michi</span> <span class='ocrx_word' id='word_1_59' title='bbox 488 949 608 1020; x_wconf 78' lang='lat' dir='ltr'>aliquem</span> <span class='ocrx_word' id='word_1_60' title='bbox 622 948 793 1020; x_wconf 81' lang='lat' dir='ltr'>pretulistit&#39;</span> <span class='ocrx_word' id='word_1_61' title='bbox 822 949 874 1006; x_wconf 82' lang='lat' dir='ltr'>Cui</span> <span class='ocrx_word' id='word_1_62' title='bbox 887 949 952 1004; x_wconf 88' lang='lat' dir='ltr'>illa:</span> <span class='ocrx_word' id='word_1_63' title='bbox 972 949 1014 1002; x_wconf 87' lang='lat' dir='ltr'>‘N</span> <span class='ocrx_word' id='word_1_64' title='bbox 1018 965 1051 1003; x_wconf 90' lang='lat' dir='ltr'>ec</span> <span class='ocrx_word' id='word_1_65' title='bbox 1063 959 1100 1016; x_wconf 89' lang='lat' dir='ltr'>te,</span> <span class='ocrx_word' id='word_1_66' title='bbox 1113 947 1212 1020; x_wconf 90' lang='lat' dir='ltr'>inquit,</span> <span class='ocrx_word' id='word_1_67' title='bbox 1224 967 1278 1005; x_wconf 86' lang='lat' dir='ltr'>nec</span> <span class='ocrx_word' id='word_1_68' title='bbox 1289 950 1410 1006; x_wconf 83' lang='lat' dir='ltr'>alterum</span> 
     </span>
     <span class='ocr_line' id='line_1_8' title="bbox 255 1031 1409 1104; baseline 0.001 -16"><span class='ocrx_word' id='word_1_69' title='bbox 255 1049 432 1104; x_wconf 82' lang='lat' dir='ltr'>quemquam,</span> <span class='ocrx_word' id='word_1_70' title='bbox 441 1045 484 1088; x_wconf 88' lang='lat' dir='ltr'>set</span> <span class='ocrx_word' id='word_1_71' title='bbox 491 1031 636 1088; x_wconf 80' lang='lat' dir='ltr'>dominun</span> <span class='ocrx_word' id='word_1_72' title='bbox 643 1049 738 1088; x_wconf 89' lang='lat' dir='ltr'>meum</span> <span class='ocrx_word' id='word_1_73' title='bbox 748 1033 861 1088; x_wconf 75' lang='lat' dir='ltr'>lbesmn</span> <span class='ocrx_word' id='word_1_74' title='bbox 870 1032 1012 1086; x_wconf 86' lang='lat' dir='ltr'>Christum</span> <span class='ocrx_word' id='word_1_75' title='bbox 1020 1031 1107 1086; x_wconf 88' lang='lat' dir='ltr'>michi</span> <span class='ocrx_word' id='word_1_76' title='bbox 1114 1049 1251 1102; x_wconf 89' lang='lat' dir='ltr'>sponsum</span> <span class='ocrx_word' id='word_1_77' title='bbox 1258 1033 1348 1102; x_wconf 81' lang='lat' dir='ltr'>elegi’</span> <span class='ocrx_word' id='word_1_78' title='bbox 1369 1037 1409 1090; x_wconf 83' lang='lat' dir='ltr'>At</span> 
     </span>
     <span class='ocr_line' id='line_1_9' title="bbox 256 1114 1408 1186; baseline 0.003 -16"><span class='ocrx_word' id='word_1_79' title='bbox 256 1114 318 1172; x_wconf 87' lang='lat' dir='ltr'>ille:</span> <span class='ocrx_word' id='word_1_80' title='bbox 339 1116 508 1182; x_wconf 73' lang='lat' dir='ltr'>‘Nouerarn</span> <span class='ocrx_word' id='word_1_81' title='bbox 520 1115 569 1183; x_wconf 85' lang='lat' dir='ltr'>ait,</span> <span class='ocrx_word' id='word_1_82' title='bbox 582 1125 611 1171; x_wconf 92' lang='lat' dir='ltr'>et</span> <span class='ocrx_word' id='word_1_83' title='bbox 622 1114 691 1185; x_wconf 85' lang='lat' dir='ltr'>ego¹</span> <span class='ocrx_word' id='word_1_84' title='bbox 705 1115 781 1186; x_wconf 86' lang='lat' dir='ltr'>quod</span> <span class='ocrx_word' id='word_1_85' title='bbox 797 1115 994 1170; x_wconf 83' lang='lat' dir='ltr'>monachicam</span> <span class='ocrx_word' id='word_1_86' title='bbox 1010 1115 1126 1170; x_wconf 84' lang='lat' dir='ltr'>anheles</span> <span class='ocrx_word' id='word_1_87' title='bbox 1138 1117 1408 1173; x_wconf 82' lang='lat' dir='ltr'>conuersacionem:</span> 
     </span>
     <span class='ocr_line' id='line_1_10' title="bbox 256 1197 1409 1270; baseline 0.001 -16"><span class='ocrx_word' id='word_1_88' title='bbox 256 1207 298 1254; x_wconf 86' lang='lat' dir='ltr'>set</span> <span class='ocrx_word' id='word_1_89' title='bbox 316 1199 387 1254; x_wconf 84' lang='lat' dir='ltr'>scito</span> <span class='ocrx_word' id='word_1_90' title='bbox 399 1215 571 1268; x_wconf 74' lang='lat' dir='ltr'>prenoscens</span> <span class='ocrx_word' id='word_1_91' title='bbox 582 1199 648 1269; x_wconf 90' lang='lat' dir='ltr'>quia</span> <span class='ocrx_word' id='word_1_92' title='bbox 660 1215 826 1270; x_wconf 87' lang='lat' dir='ltr'>quocunque</span> <span class='ocrx_word' id='word_1_93' title='bbox 838 1198 891 1254; x_wconf 87' lang='lat' dir='ltr'>sub</span> <span class='ocrx_word' id='word_1_94' title='bbox 904 1197 986 1253; x_wconf 89' lang='lat' dir='ltr'>huius</span> <span class='ocrx_word' id='word_1_95' title='bbox 999 1198 1134 1268; x_wconf 81' lang='lat' dir='ltr'>propositi</span> <span class='ocrx_word' id='word_1_96' title='bbox 1150 1197 1330 1270; x_wconf 77' lang='lat' dir='ltr'>[peragendi]</span> <span class='ocrx_word' id='word_1_97' title='bbox 1343 1218 1409 1270; x_wconf 88' lang='lat' dir='ltr'>per-</span> 
     </span>
     <span class='ocr_line' id='line_1_11' title="bbox 215 1280 1408 1353; baseline 0.006 -22"><span class='ocrx_word' id='word_1_98' title='bbox 215 1295 244 1331; x_wconf 87' lang='lat' dir='ltr'>ro</span> <span class='ocrx_word' id='word_1_99' title='bbox 256 1281 358 1337; x_wconf 76' lang='lat' dir='ltr'>rexeris</span> <span class='ocrx_word' id='word_1_100' title='bbox 372 1283 498 1347; x_wconf 88' lang='lat' dir='ltr'>obtentu,</span> <span class='ocrx_word' id='word_1_101' title='bbox 511 1298 566 1351; x_wconf 90' lang='lat' dir='ltr'>ego</span> <span class='ocrx_word' id='word_1_102' title='bbox 578 1292 605 1337; x_wconf 92' lang='lat' dir='ltr'>te</span> <span class='ocrx_word' id='word_1_103' title='bbox 618 1281 768 1352; x_wconf 82' lang='lat' dir='ltr'>precedam</span> <span class='ocrx_word' id='word_1_104' title='bbox 780 1290 808 1336; x_wconf 90' lang='lat' dir='ltr'>et</span> <span class='ocrx_word' id='word_1_105' title='bbox 821 1281 977 1350; x_wconf 81' lang='lat' dir='ltr'>ingressum</span> <span class='ocrx_word' id='word_1_106' title='bbox 989 1280 1039 1335; x_wconf 88' lang='lat' dir='ltr'>tibi</span> <span class='ocrx_word' id='word_1_107' title='bbox 1053 1281 1250 1351; x_wconf 83' lang='lat' dir='ltr'>precludam².¹</span> <span class='ocrx_word' id='word_1_108' title='bbox 1280 1283 1367 1353; x_wconf 84' lang='lat' dir='ltr'>Quod</span> <span class='ocrx_word' id='word_1_109' title='bbox 1380 1294 1408 1339; x_wconf 90' lang='lat' dir='ltr'>et</span> 
     </span>
     <span class='ocr_line' id='line_1_12' title="bbox 255 1363 1409 1436; baseline 0.003 -18"><span class='ocrx_word' id='word_1_110' title='bbox 255 1363 360 1419; x_wconf 81' lang='lat' dir='ltr'>iactum</span> <span class='ocrx_word' id='word_1_111' title='bbox 377 1375 430 1420; x_wconf 86' lang='lat' dir='ltr'>est.</span> <span class='ocrx_word' id='word_1_112' title='bbox 468 1365 545 1419; x_wconf 85' lang='lat' dir='ltr'>Nam</span> <span class='ocrx_word' id='word_1_113' title='bbox 561 1373 660 1434; x_wconf 78' lang='lat' dir='ltr'>postea</span> <span class='ocrx_word' id='word_1_114' title='bbox 676 1364 804 1420; x_wconf 77' lang='lat' dir='ltr'>diuersas</span> <span class='ocrx_word' id='word_1_115' title='bbox 814 1364 889 1434; x_wconf 86' lang='lat' dir='ltr'>oepit</span> <span class='ocrx_word' id='word_1_116' title='bbox 904 1366 1023 1419; x_wconf 82' lang='lat' dir='ltr'>lustrare</span> <span class='ocrx_word' id='word_1_117' title='bbox 1040 1364 1202 1434; x_wconf 87' lang='lat' dir='ltr'>prouincias</span> <span class='ocrx_word' id='word_1_118' title='bbox 1220 1375 1249 1420; x_wconf 89' lang='lat' dir='ltr'>et</span> <span class='ocrx_word' id='word_1_119' title='bbox 1264 1366 1409 1436; x_wconf 79' lang='lat' dir='ltr'>virginum</span> 
     </span>
     <span class='ocr_line' id='line_1_13' title="bbox 255 1445 1409 1518; baseline 0.003 -16"><span class='ocrx_word' id='word_1_120' title='bbox 255 1445 370 1502; x_wconf 87' lang='lat' dir='ltr'>circuire</span> <span class='ocrx_word' id='word_1_121' title='bbox 380 1447 556 1514; x_wconf 83' lang='lat' dir='ltr'>monasteria,</span> <span class='ocrx_word' id='word_1_122' title='bbox 566 1463 678 1518; x_wconf 85' lang='lat' dir='ltr'>semper</span> <span class='ocrx_word' id='word_1_123' title='bbox 689 1457 784 1502; x_wconf 84' lang='lat' dir='ltr'>tamen</span> <span class='ocrx_word' id='word_1_124' title='bbox 797 1447 943 1518; x_wconf 86' lang='lat' dir='ltr'>peticionis</span> <span class='ocrx_word' id='word_1_125' title='bbox 956 1464 1006 1502; x_wconf 85' lang='lat' dir='ltr'>sue</span> <span class='ocrx_word' id='word_1_126' title='bbox 1016 1448 1179 1503; x_wconf 75' lang='lat' dir='ltr'>casmbatur</span> <span class='ocrx_word' id='word_1_127' title='bbox 1189 1448 1300 1504; x_wconf 78' lang='lat' dir='ltr'>effectu.</span> <span class='ocrx_word' id='word_1_128' title='bbox 1324 1451 1409 1508; x_wconf 88' lang='lat' dir='ltr'>Vnde</span> 
     </span>
     <span class='ocr_line' id='line_1_14' title="bbox 255 1529 1409 1600; baseline 0.003 -16"><span class='ocrx_word' id='word_1_129' title='bbox 255 1539 284 1584; x_wconf 92' lang='lat' dir='ltr'>et</span> <span class='ocrx_word' id='word_1_130' title='bbox 295 1530 399 1584; x_wconf 83' lang='lat' dir='ltr'>lactum</span> <span class='ocrx_word' id='word_1_131' title='bbox 411 1539 454 1585; x_wconf 89' lang='lat' dir='ltr'>est</span> <span class='ocrx_word' id='word_1_132' title='bbox 464 1540 493 1585; x_wconf 83' lang='lat' dir='ltr'>vt</span> <span class='ocrx_word' id='word_1_133' title='bbox 506 1531 545 1584; x_wconf 85' lang='lat' dir='ltr'>ad</span> <span class='ocrx_word' id='word_1_134' title='bbox 553 1541 681 1586; x_wconf 83' lang='lat' dir='ltr'>sanctum</span> <span class='ocrx_word' id='word_1_135' title='bbox 692 1530 883 1598; x_wconf 88' lang='lat' dir='ltr'>Edmnndum,</span> <span class='ocrx_word' id='word_1_136' title='bbox 897 1529 1058 1586; x_wconf 80' lang='lat' dir='ltr'>Baldewino</span> <span class='ocrx_word' id='word_1_137' title='bbox 1070 1539 1137 1586; x_wconf 90' lang='lat' dir='ltr'>tunc</span> <span class='ocrx_word' id='word_1_138' title='bbox 1149 1531 1251 1587; x_wconf 85' lang='lat' dir='ltr'>abbate</span> <span class='ocrx_word' id='word_1_139' title='bbox 1261 1531 1409 1600; x_wconf 79' lang='lat' dir='ltr'>innitente,</span> 
     </span>
     <span class='ocr_line' id='line_1_15' title="bbox 256 1613 1409 1684; baseline 0.002 -16"><span class='ocrx_word' id='word_1_140' title='bbox 256 1613 342 1668; x_wconf 90' lang='lat' dir='ltr'>immo</span> <span class='ocrx_word' id='word_1_141' title='bbox 362 1613 474 1668; x_wconf 89' lang='lat' dir='ltr'>Christo</span> <span class='ocrx_word' id='word_1_142' title='bbox 495 1623 622 1680; x_wconf 86' lang='lat' dir='ltr'>vocante,</span> <span class='ocrx_word' id='word_1_143' title='bbox 643 1613 761 1668; x_wconf 81' lang='lat' dir='ltr'>veniret</span> <span class='ocrx_word' id='word_1_144' title='bbox 774 1617 785 1673; x_wconf 91' lang='grc' dir='ltr'>Ι</span> <span class='ocrx_word' id='word_1_145' title='bbox 800 1613 862 1684; x_wconf 85' lang='lat' dir='ltr'>Qne</span> <span class='ocrx_word' id='word_1_146' title='bbox 882 1625 964 1670; x_wconf 87' lang='lat' dir='ltr'>nocte</span> <span class='ocrx_word' id='word_1_147' title='bbox 985 1613 1116 1683; x_wconf 85' lang='lat' dir='ltr'>quadam,</span> <span class='ocrx_word' id='word_1_148' title='bbox 1136 1621 1166 1668; x_wconf 91' lang='lat' dir='ltr'>ut</span> <span class='ocrx_word' id='word_1_149' title='bbox 1186 1613 1234 1681; x_wconf 87' lang='lat' dir='ltr'>ait,</span> <span class='ocrx_word' id='word_1_150' title='bbox 1255 1631 1320 1669; x_wconf 89' lang='lat' dir='ltr'>cum</span> <span class='ocrx_word' id='word_1_151' title='bbox 1337 1633 1409 1670; x_wconf 89' lang='lat' dir='ltr'>noc·</span> 
     </span>
     <span class='ocr_line' id='line_1_16' title="bbox 215 1695 1409 1769; baseline 0.001 -17"><span class='ocrx_word' id='word_1_152' title='bbox 215 1706 243 1758; x_wconf 77' lang='lat'>¹5</span> <span class='ocrx_word' id='word_1_153' title='bbox 256 1697 408 1752; x_wconf 85' lang='lat' dir='ltr'>tumalibua</span> <span class='ocrx_word' id='word_1_154' title='bbox 429 1695 540 1767; x_wconf 79' lang='lat' dir='ltr'>ympnis</span> <span class='ocrx_word' id='word_1_155' title='bbox 560 1713 624 1751; x_wconf 91' lang='lat' dir='ltr'>cum</span> <span class='ocrx_word' id='word_1_156' title='bbox 645 1695 816 1768; x_wconf 88' lang='lat' dir='ltr'>pedissequa</span> <span class='ocrx_word' id='word_1_157' title='bbox 839 1697 984 1752; x_wconf 81' lang='lat' dir='ltr'>festinaret</span> <span class='ocrx_word' id='word_1_158' title='bbox 1005 1697 1149 1764; x_wconf 85' lang='lat' dir='ltr'>interesse,</span> <span class='ocrx_word' id='word_1_159' title='bbox 1170 1697 1347 1769; x_wconf 88' lang='lat' dir='ltr'>venissetque</span> <span class='ocrx_word' id='word_1_160' title='bbox 1370 1699 1409 1753; x_wconf 86' lang='lat' dir='ltr'>ad</span> 
     </span>
     <span class='ocr_line' id='line_1_17' title="bbox 255 1777 1409 1851; baseline 0.002 -17"><span class='ocrx_word' id='word_1_161' title='bbox 255 1779 319 1835; x_wconf 88' lang='lat' dir='ltr'>atrii</span> <span class='ocrx_word' id='word_1_162' title='bbox 338 1791 458 1849; x_wconf 88' lang='lat' dir='ltr'>portam,</span> <span class='ocrx_word' id='word_1_163' title='bbox 475 1779 551 1850; x_wconf 89' lang='lat' dir='ltr'>prior</span> <span class='ocrx_word' id='word_1_164' title='bbox 564 1779 639 1834; x_wconf 88' lang='lat' dir='ltr'>illam</span> <span class='ocrx_word' id='word_1_165' title='bbox 654 1777 791 1850; x_wconf 84' lang='lat' dir='ltr'>aperuit⁸,</span> <span class='ocrx_word' id='word_1_166' title='bbox 807 1791 989 1851; x_wconf 88' lang='lat' dir='ltr'>apertamque</span> <span class='ocrx_word' id='word_1_167' title='bbox 1010 1796 1153 1850; x_wconf 86' lang='lat' dir='ltr'>quousque</span> <span class='ocrx_word' id='word_1_168' title='bbox 1169 1779 1339 1851; x_wconf 85' lang='lat' dir='ltr'>pedissequa</span> <span class='ocrx_word' id='word_1_169' title='bbox 1356 1799 1409 1836; x_wconf 87' lang='lat' dir='ltr'>sua</span> 
     </span>
     <span class='ocr_line' id='line_1_18' title="bbox 256 1861 1408 1934; baseline -0.001 -14"><span class='ocrx_word' id='word_1_170' title='bbox 256 1863 412 1930; x_wconf 84' lang='lat' dir='ltr'>transisset,</span> <span class='ocrx_word' id='word_1_171' title='bbox 427 1861 512 1934; x_wconf 90' lang='lat' dir='ltr'>[ipsa]</span> <span class='ocrx_word' id='word_1_172' title='bbox 534 1863 632 1920; x_wconf 82' lang='lat' dir='ltr'>tenuit.</span> <span class='ocrx_word' id='word_1_173' title='bbox 676 1865 769 1934; x_wconf 87' lang='lat' dir='ltr'>Quam</span> <span class='ocrx_word' id='word_1_174' title='bbox 786 1881 851 1919; x_wconf 87' lang='lat' dir='ltr'>cum</span> <span class='ocrx_word' id='word_1_175' title='bbox 873 1863 978 1918; x_wconf 87' lang='lat' dir='ltr'>sensim</span> <span class='ocrx_word' id='word_1_176' title='bbox 998 1863 1036 1916; x_wconf 90' lang='lat' dir='ltr'>ad</span> <span class='ocrx_word' id='word_1_177' title='bbox 1058 1879 1088 1916; x_wconf 88' lang='lat' dir='ltr'>se</span> <span class='ocrx_word' id='word_1_178' title='bbox 1112 1862 1203 1917; x_wconf 91' lang='lat' dir='ltr'>redire</span> <span class='ocrx_word' id='word_1_179' title='bbox 1224 1863 1408 1933; x_wconf 87' lang='lat' dir='ltr'>permitteret,</span> 
     </span>
     <span class='ocr_line' id='line_1_19' title="bbox 256 1944 1408 2017; baseline 0.001 -16"><span class='ocrx_word' id='word_1_180' title='bbox 256 1945 438 2001; x_wconf 86' lang='lat' dir='ltr'>vehemencia</span> <span class='ocrx_word' id='word_1_181' title='bbox 447 1957 593 2000; x_wconf 84' lang='lat' dir='ltr'>ventorum</span> <span class='ocrx_word' id='word_1_182' title='bbox 601 1961 656 2016; x_wconf 88' lang='lat' dir='ltr'>que</span> <span class='ocrx_word' id='word_1_183' title='bbox 665 1955 733 2001; x_wconf 88' lang='lat' dir='ltr'>tunc</span> <span class='ocrx_word' id='word_1_184' title='bbox 743 1945 917 2002; x_wconf 83' lang='lat' dir='ltr'>inhorruerat</span> <span class='ocrx_word' id='word_1_185' title='bbox 927 1944 970 2000; x_wconf 90' lang='lat' dir='ltr'>cui</span> <span class='ocrx_word' id='word_1_186' title='bbox 980 1945 1178 2000; x_wconf 89' lang='lat' dir='ltr'>accludebatur</span> <span class='ocrx_word' id='word_1_187' title='bbox 1187 1946 1306 2016; x_wconf 89' lang='lat' dir='ltr'>appulsa</span> <span class='ocrx_word' id='word_1_188' title='bbox 1318 1947 1408 2017; x_wconf 86' lang='lat' dir='ltr'>stipiti</span> 
     </span>
     <span class='ocr_line' id='line_1_20' title="bbox 256 2027 1409 2099; baseline 0 -15"><span class='ocrx_word' id='word_1_189' title='bbox 256 2029 398 2084; x_wconf 69' lang='lat' dir='ltr'>dexoerarn</span> <span class='ocrx_word' id='word_1_190' title='bbox 416 2045 501 2099; x_wconf 89' lang='lat' dir='ltr'>quam</span> <span class='ocrx_word' id='word_1_191' title='bbox 517 2029 638 2083; x_wconf 88' lang='lat' dir='ltr'>necdum</span> <span class='ocrx_word' id='word_1_192' title='bbox 655 2029 770 2084; x_wconf 88' lang='lat' dir='ltr'>incauta</span> <span class='ocrx_word' id='word_1_193' title='bbox 785 2037 935 2085; x_wconf 73' lang='lat' dir='ltr'>retraxerat</span> <span class='ocrx_word' id='word_1_194' title='bbox 951 2027 1004 2082; x_wconf 88' lang='lat' dir='ltr'>sibi</span> <span class='ocrx_word' id='word_1_195' title='bbox 1017 2027 1153 2083; x_wconf 61' lang='lat' dir='ltr'>violenter</span> <span class='ocrx_word' id='word_1_196' title='bbox 1168 2029 1282 2084; x_wconf 88' lang='lat' dir='ltr'>attriuit.</span> <span class='ocrx_word' id='word_1_197' title='bbox 1320 2031 1409 2085; x_wconf 90' lang='lat' dir='ltr'>Cuius</span> 
     </span>
     <span class='ocr_line' id='line_1_21' title="bbox 214 2109 1409 2182; baseline 0.005 -19"><span class='ocrx_word' id='word_1_198' title='bbox 214 2127 245 2164; x_wconf 68' lang='grc' dir='ltr'>ιο</span> <span class='ocrx_word' id='word_1_199' title='bbox 256 2111 384 2182; x_wconf 85' lang='lat' dir='ltr'>protinus</span> <span class='ocrx_word' id='word_1_200' title='bbox 414 2109 580 2182; x_wconf 75' lang='lat' dir='ltr'>apportata·</span> <span class='ocrx_word' id='word_1_201' title='bbox 603 2111 700 2168; x_wconf 87' lang='lat' dir='ltr'>dolore</span> <span class='ocrx_word' id='word_1_202' title='bbox 730 2113 873 2168; x_wconf 88' lang='lat' dir='ltr'>solotenus</span> <span class='ocrx_word' id='word_1_203' title='bbox 900 2111 1092 2182; x_wconf 84' lang='lat' dir='ltr'>prosternitur,</span> <span class='ocrx_word' id='word_1_204' title='bbox 1116 2128 1150 2166; x_wconf 90' lang='lat' dir='ltr'>ac</span> <span class='ocrx_word' id='word_1_205' title='bbox 1177 2109 1271 2167; x_wconf 79' lang='lat' dir='ltr'>relat⁸</span> <span class='ocrx_word' id='word_1_206' title='bbox 1297 2115 1409 2169; x_wconf 77' lang='lat' dir='ltr'>extasin</span> 
     </span>
     <span class='ocr_line' id='line_1_22' title="bbox 257 2191 1408 2266; baseline 0.004 -17"><span class='ocrx_word' id='word_1_207' title='bbox 257 2211 349 2265; x_wconf 87' lang='lat' dir='ltr'>passa,</span> <span class='ocrx_word' id='word_1_208' title='bbox 360 2191 545 2266; x_wconf 85' lang='lat' dir='ltr'>pedisseque⁸</span> <span class='ocrx_word' id='word_1_209' title='bbox 557 2195 752 2264; x_wconf 83' lang='lat' dir='ltr'>compassione</span> <span class='ocrx_word' id='word_1_210' title='bbox 764 2196 994 2266; x_wconf 87' lang='lat' dir='ltr'>pennnlcebatur,</span> <span class='ocrx_word' id='word_1_211' title='bbox 1004 2210 1059 2265; x_wconf 89' lang='lat' dir='ltr'>que</span> <span class='ocrx_word' id='word_1_212' title='bbox 1071 2211 1155 2250; x_wconf 85' lang='lat' dir='ltr'>casus</span> <span class='ocrx_word' id='word_1_213' title='bbox 1166 2194 1274 2264; x_wconf 82' lang='lat' dir='ltr'>ignara,</span> <span class='ocrx_word' id='word_1_214' title='bbox 1287 2198 1408 2254; x_wconf 76' lang='lat' dir='ltr'>medens</span> 
     </span>
     <span class='ocr_line' id='line_1_23' title="bbox 257 2275 1410 2350; baseline 0.003 -18"><span class='ocrx_word' id='word_1_215' title='bbox 257 2277 285 2332; x_wconf 91' lang='lat' dir='ltr'>in</span> <span class='ocrx_word' id='word_1_216' title='bbox 299 2275 434 2332; x_wconf 89' lang='lat' dir='ltr'>cimiterio</span> <span class='ocrx_word' id='word_1_217' title='bbox 446 2293 510 2332; x_wconf 86' lang='lat' dir='ltr'>eam</span> <span class='ocrx_word' id='word_1_218' title='bbox 521 2277 612 2332; x_wconf 81' lang='lat' dir='ltr'>risum</span> <span class='ocrx_word' id='word_1_219' title='bbox 625 2277 737 2346; x_wconf 82' lang='lat' dir='ltr'>vidisse,</span> <span class='ocrx_word' id='word_1_220' title='bbox 747 2278 826 2334; x_wconf 89' lang='lat' dir='ltr'>lateri</span> <span class='ocrx_word' id='word_1_221' title='bbox 839 2287 955 2348; x_wconf 85' lang='lat' dir='ltr'>stupens</span> <span class='ocrx_word' id='word_1_222' title='bbox 967 2277 1118 2332; x_wconf 81' lang='lat' dir='ltr'>assidebat</span> <span class='ocrx_word' id='word_1_223' title='bbox 1155 2277 1268 2334; x_wconf 84' lang='lat' dir='ltr'>Dehinc</span> <span class='ocrx_word' id='word_1_224' title='bbox 1279 2279 1410 2350; x_wconf 85' lang='lat' dir='ltr'>mitigato</span> 
     </span>
     <span class='ocr_line' id='line_1_24' title="bbox 255 2359 1409 2431; baseline 0.001 -14"><span class='ocrx_word' id='word_1_225' title='bbox 255 2377 291 2417; x_wconf 84' lang='lat' dir='ltr'>er</span> <span class='ocrx_word' id='word_1_226' title='bbox 316 2371 395 2430; x_wconf 88' lang='lat' dir='ltr'>parte</span> <span class='ocrx_word' id='word_1_227' title='bbox 420 2361 526 2428; x_wconf 89' lang='lat' dir='ltr'>dolore,</span> <span class='ocrx_word' id='word_1_228' title='bbox 550 2371 579 2416; x_wconf 89' lang='lat' dir='ltr'>et</span> <span class='ocrx_word' id='word_1_229' title='bbox 604 2361 740 2431; x_wconf 82' lang='lat' dir='ltr'>explicitis</span> <span class='ocrx_word' id='word_1_230' title='bbox 766 2361 939 2417; x_wconf 84' lang='lat' dir='ltr'>antelucanis</span> <span class='ocrx_word' id='word_1_231' title='bbox 965 2361 1002 2416; x_wconf 89' lang='lat' dir='ltr'>ad</span> <span class='ocrx_word' id='word_1_232' title='bbox 1029 2359 1186 2431; x_wconf 85' lang='lat' dir='ltr'>hospicium</span> <span class='ocrx_word' id='word_1_233' title='bbox 1213 2377 1335 2427; x_wconf 84' lang='lat' dir='ltr'>reuersa,</span> <span class='ocrx_word' id='word_1_234' title='bbox 1359 2381 1409 2418; x_wconf 80' lang='lat' dir='ltr'>ex·</span> 
     </span>
     <span class='ocr_line' id='line_1_25' title="bbox 258 2441 1409 2514; baseline 0.002 -16"><span class='ocrx_word' id='word_1_235' title='bbox 258 2441 439 2514; x_wconf 88' lang='lat' dir='ltr'>[t]uberatam</span> <span class='ocrx_word' id='word_1_236' title='bbox 456 2443 608 2498; x_wconf 85' lang='lat' dir='ltr'>admodum</span> <span class='ocrx_word' id='word_1_237' title='bbox 627 2443 690 2498; x_wconf 88' lang='lat' dir='ltr'>sinu</span> <span class='ocrx_word' id='word_1_238' title='bbox 708 2459 821 2499; x_wconf 79' lang='lat' dir='ltr'>uranum</span> <span class='ocrx_word' id='word_1_239' title='bbox 839 2445 967 2510; x_wconf 82' lang='lat' dir='ltr'>efferens,</span> <span class='ocrx_word' id='word_1_240' title='bbox 985 2443 1119 2498; x_wconf 87' lang='lat' dir='ltr'>oscellum</span> <span class='ocrx_word' id='word_1_241' title='bbox 1137 2443 1218 2512; x_wconf 79' lang='lat' dir='ltr'>digiti</span> <span class='ocrx_word' id='word_1_242' title='bbox 1234 2444 1320 2498; x_wconf 89' lang='lat' dir='ltr'>medii</span> <span class='ocrx_word' id='word_1_243' title='bbox 1338 2461 1409 2500; x_wconf 86' lang='lat' dir='ltr'>eon·</span> 
     </span>
     <span class='ocr_line' id='line_1_26' title="bbox 214 2525 1408 2598; baseline 0.001 -17"><span class='ocrx_word' id='word_1_244' title='bbox 214 2539 243 2589; x_wconf 74' lang='lat'>25</span> <span class='ocrx_word' id='word_1_245' title='bbox 256 2527 375 2582; x_wconf 79' lang='lat' dir='ltr'>fractum</span> <span class='ocrx_word' id='word_1_246' title='bbox 394 2525 523 2596; x_wconf 90' lang='lat' dir='ltr'>repperit.</span> <span class='ocrx_word' id='word_1_247' title='bbox 561 2527 629 2581; x_wconf 87' lang='lat' dir='ltr'>Post</span> <span class='ocrx_word' id='word_1_248' title='bbox 647 2527 821 2598; x_wconf 86' lang='lat' dir='ltr'>aliquantum</span> <span class='ocrx_word' id='word_1_249' title='bbox 844 2543 912 2582; x_wconf 85' lang='lat' dir='ltr'>vero</span> <span class='ocrx_word' id='word_1_250' title='bbox 935 2525 1070 2596; x_wconf 90' lang='lat' dir='ltr'>temporis</span> <span class='ocrx_word' id='word_1_251' title='bbox 1091 2535 1200 2580; x_wconf 87' lang='lat' dir='ltr'>tumore</span> <span class='ocrx_word' id='word_1_252' title='bbox 1221 2528 1322 2582; x_wconf 88' lang='lat' dir='ltr'>sedato</span> <span class='ocrx_word' id='word_1_253' title='bbox 1342 2544 1408 2582; x_wconf 85' lang='lat' dir='ltr'>cum</span> 
     </span>
    </p>
   </div>
   <div class='ocr_carea' id='block_1_5' title="bbox 256 2609 1492 2762">
    <p class='ocr_par' dir='ltr' id='par_1_5' title="bbox 256 2609 1492 2762">
     <span class='ocr_line' id='line_1_27' title="bbox 257 2609 1492 2679; baseline 0.002 -15"><span class='ocrx_word' id='word_1_254' title='bbox 257 2609 350 2664; x_wconf 83' lang='lat' dir='ltr'>sanari</span> <span class='ocrx_word' id='word_1_255' title='bbox 370 2609 490 2678; x_wconf 89' lang='lat' dir='ltr'>cepisset</span> <span class='ocrx_word' id='word_1_256' title='bbox 508 2609 620 2679; x_wconf 80' lang='lat' dir='ltr'>digitus,</span> <span class='ocrx_word' id='word_1_257' title='bbox 639 2609 726 2665; x_wconf 88' lang='lat' dir='ltr'>instar</span> <span class='ocrx_word' id='word_1_258' title='bbox 740 2610 838 2679; x_wconf 78' lang='lat' dir='ltr'>gallice</span> <span class='ocrx_word' id='word_1_259' title='bbox 854 2610 933 2665; x_wconf 88' lang='lat' dir='ltr'>nucis</span> <span class='ocrx_word' id='word_1_260' title='bbox 952 2625 1036 2679; x_wconf 87' lang='lat' dir='ltr'>snper</span> <span class='ocrx_word' id='word_1_261' title='bbox 1052 2609 1171 2664; x_wconf 79' lang='lat' dir='ltr'>fracture</span> <span class='ocrx_word' id='word_1_262' title='bbox 1189 2609 1281 2664; x_wconf 82' lang='lat' dir='ltr'>lourm</span> <span class='ocrx_word' id='word_1_263' title='bbox 1299 2621 1409 2664; x_wconf 84' lang='lat' dir='ltr'>stnuna</span> <span class='ocrx_word' id='word_1_264' title='bbox 1491 2663 1492 2666; x_wconf 74' lang='grc'>,</span> 
     </span>
     <span class='ocr_line' id='line_1_28' title="bbox 256 2691 1492 2762; baseline 0.002 -16"><span class='ocrx_word' id='word_1_265' title='bbox 256 2700 387 2747; x_wconf 89' lang='lat' dir='ltr'>concreta</span> <span class='ocrx_word' id='word_1_266' title='bbox 404 2691 517 2747; x_wconf 90' lang='lat' dir='ltr'>resedit.</span> <span class='ocrx_word' id='word_1_267' title='bbox 554 2693 684 2762; x_wconf 83' lang='lat' dir='ltr'>Quadam</span> <span class='ocrx_word' id='word_1_268' title='bbox 703 2691 786 2762; x_wconf 89' lang='lat' dir='ltr'>igitur</span> <span class='ocrx_word' id='word_1_269' title='bbox 803 2693 850 2748; x_wconf 91' lang='lat' dir='ltr'>die</span> <span class='ocrx_word' id='word_1_270' title='bbox 868 2709 931 2747; x_wconf 87' lang='lat' dir='ltr'>cum</span> <span class='ocrx_word' id='word_1_271' title='bbox 950 2691 979 2746; x_wconf 86' lang='lat' dir='ltr'>in</span> <span class='ocrx_word' id='word_1_272' title='bbox 997 2692 1116 2746; x_wconf 86' lang='lat' dir='ltr'>ecclesia</span> <span class='ocrx_word' id='word_1_273' title='bbox 1134 2691 1224 2746; x_wconf 89' lang='lat' dir='ltr'>solitis</span> <span class='ocrx_word' id='word_1_274' title='bbox 1241 2703 1409 2762; x_wconf 81' lang='lat' dir='ltr'>pertracaret</span> <span class='ocrx_word' id='word_1_275' title='bbox 1491 2755 1492 2760; x_wconf 9' lang='grc' dir='ltr'>η</span> 
     </span>
    </p>
   </div>
   <div class='ocr_carea' id='block_1_6' title="bbox 257 2773 1409 2846">
    <p class='ocr_par' dir='ltr' id='par_1_6' title="bbox 257 2773 1409 2846">
     <span class='ocr_line' id='line_1_29' title="bbox 257 2773 1409 2846; baseline 0.002 -17"><span class='ocrx_word' id='word_1_276' title='bbox 257 2773 393 2846; x_wconf 87' lang='lat' dir='ltr'>precibus,</span> <span class='ocrx_word' id='word_1_277' title='bbox 406 2774 444 2829; x_wconf 89' lang='lat' dir='ltr'>ad</span> <span class='ocrx_word' id='word_1_278' title='bbox 457 2775 547 2830; x_wconf 89' lang='lat' dir='ltr'>sancti</span> <span class='ocrx_word' id='word_1_279' title='bbox 566 2775 709 2830; x_wconf 90' lang='lat' dir='ltr'>Edmundi</span> <span class='ocrx_word' id='word_1_280' title='bbox 726 2775 858 2830; x_wconf 80' lang='lat' dir='ltr'>feretrum</span> <span class='ocrx_word' id='word_1_281' title='bbox 877 2773 1005 2840; x_wconf 86' lang='lat' dir='ltr'>accessit,</span> <span class='ocrx_word' id='word_1_282' title='bbox 1020 2775 1163 2845; x_wconf 88' lang='lat' dir='ltr'>lesamque</span> <span class='ocrx_word' id='word_1_283' title='bbox 1182 2776 1353 2845; x_wconf 86' lang='lat' dir='ltr'>protendens</span> <span class='ocrx_word' id='word_1_284' title='bbox 1369 2777 1409 2831; x_wconf 90' lang='lat' dir='ltr'>ad</span> 
     </span>
    </p>
   </div>
   <div class='ocr_carea' id='block_1_7' title="bbox 212 2857 1492 3012">
    <p class='ocr_par' dir='ltr' id='par_1_7' title="bbox 212 2857 1492 3012">
     <span class='ocr_line' id='line_1_30' title="bbox 257 2857 1492 2936; baseline 0.002 -23"><span class='ocrx_word' id='word_1_285' title='bbox 257 2857 385 2916; x_wconf 76' lang='lat' dir='ltr'>lecticam</span> <span class='ocrx_word' id='word_1_286' title='bbox 397 2857 486 2913; x_wconf 88' lang='lat' dir='ltr'>sancti</span> <span class='ocrx_word' id='word_1_287' title='bbox 503 2857 666 2929; x_wconf 89' lang='lat' dir='ltr'>simpliciter</span> <span class='ocrx_word' id='word_1_288' title='bbox 681 2859 840 2914; x_wconf 84' lang='lat' dir='ltr'>dexteram:</span> <span class='ocrx_word' id='word_1_289' title='bbox 859 2858 957 2924; x_wconf 84' lang='lat' dir='ltr'>‘Vide,</span> <span class='ocrx_word' id='word_1_290' title='bbox 970 2858 1018 2922; x_wconf 88' lang='lat' dir='ltr'>ait,</span> <span class='ocrx_word' id='word_1_291' title='bbox 1031 2858 1152 2926; x_wconf 91' lang='lat' dir='ltr'>domine,</span> <span class='ocrx_word' id='word_1_292' title='bbox 1164 2875 1201 2912; x_wconf 87' lang='lat' dir='ltr'>an</span> <span class='ocrx_word' id='word_1_293' title='bbox 1219 2859 1293 2913; x_wconf 89' lang='lat' dir='ltr'>bene</span> <span class='ocrx_word' id='word_1_294' title='bbox 1306 2859 1407 2915; x_wconf 76' lang='lat' dir='ltr'>densat</span> <span class='ocrx_word' id='word_1_295' title='bbox 1491 2933 1492 2936; x_wconf 7' lang='grc' dir='ltr'><strong>Ἴ</strong></span> 
     </span>
     <span class='ocr_line' id='line_1_31' title="bbox 212 2939 1492 3012; baseline 0.002 -18"><span class='ocrx_word' id='word_1_296' title='bbox 212 2958 245 3008; x_wconf 79' lang='lat'>³0</span> <span class='ocrx_word' id='word_1_297' title='bbox 257 2941 286 2997; x_wconf 93' lang='lat' dir='ltr'>in</span> <span class='ocrx_word' id='word_1_298' title='bbox 304 2959 389 2998; x_wconf 88' lang='lat' dir='ltr'>manu</span> <span class='ocrx_word' id='word_1_299' title='bbox 407 2941 507 2997; x_wconf 86' lang='lat' dir='ltr'>ancille</span> <span class='ocrx_word' id='word_1_300' title='bbox 523 2951 570 2996; x_wconf 89' lang='lat' dir='ltr'>tue</span> <span class='ocrx_word' id='word_1_301' title='bbox 589 2951 695 2996; x_wconf 75' lang='lat' dir='ltr'>strum</span> <span class='ocrx_word' id='word_1_302' title='bbox 710 2941 796 2997; x_wconf 84' lang='lat' dir='ltr'>talis?</span> <span class='ocrx_word' id='word_1_303' title='bbox 840 2941 870 2996; x_wconf 92' lang='lat' dir='ltr'>Si</span> <span class='ocrx_word' id='word_1_304' title='bbox 889 2951 938 2996; x_wconf 86' lang='lat' dir='ltr'>tua</span> <span class='ocrx_word' id='word_1_305' title='bbox 958 2941 1029 2996; x_wconf 81' lang='lat' dir='ltr'>soret</span> <span class='ocrx_word' id='word_1_306' title='bbox 1048 2941 1185 3006; x_wconf 88' lang='lat' dir='ltr'>voluntas,</span> <span class='ocrx_word' id='word_1_307' title='bbox 1204 2957 1268 2995; x_wconf 89' lang='lat' dir='ltr'>eam</span> <span class='ocrx_word' id='word_1_308' title='bbox 1285 2940 1408 2996; x_wconf 63' lang='lat' dir='ltr'>ardun*</span> <span class='ocrx_word' id='word_1_309' title='bbox 1491 2939 1492 3012; x_wconf 69' lang='lat'>3</span> 
     </span>
    </p>
   </div>
   <div class='ocr_carea' id='block_1_8' title="bbox 210 3023 1410 4258">
    <p class='ocr_par' dir='ltr' id='par_1_8' title="bbox 210 3023 1410 4258">
     <span class='ocr_line' id='line_1_32' title="bbox 257 3023 1408 3096; baseline 0 -16"><span class='ocrx_word' id='word_1_310' title='bbox 257 3026 443 3096; x_wconf 67' lang='lat' dir='ltr'>postularem)</span> <span class='ocrx_word' id='word_1_311' title='bbox 479 3025 588 3094; x_wconf 84' lang='lat' dir='ltr'>Quibus</span> <span class='ocrx_word' id='word_1_312' title='bbox 611 3025 759 3094; x_wconf 88' lang='lat' dir='ltr'>peroratis,</span> <span class='ocrx_word' id='word_1_313' title='bbox 783 3024 819 3080; x_wconf 91' lang='lat' dir='ltr'>de</span> <span class='ocrx_word' id='word_1_314' title='bbox 846 3025 918 3080; x_wconf 83' lang='lat' dir='ltr'>asilo</span> <span class='ocrx_word' id='word_1_315' title='bbox 947 3023 1098 3094; x_wconf 86' lang='lat' dir='ltr'>processit:</span> <span class='ocrx_word' id='word_1_316' title='bbox 1132 3034 1246 3093; x_wconf 89' lang='lat' dir='ltr'>postera</span> <span class='ocrx_word' id='word_1_317' title='bbox 1270 3025 1318 3080; x_wconf 88' lang='lat' dir='ltr'>die</span> <span class='ocrx_word' id='word_1_318' title='bbox 1342 3041 1408 3080; x_wconf 90' lang='lat' dir='ltr'>cnm</span> 
     </span>
     <span class='ocr_line' id='line_1_33' title="bbox 257 3106 1407 3178; baseline 0.003 -16"><span class='ocrx_word' id='word_1_319' title='bbox 257 3107 384 3178; x_wconf 87' lang='lat' dir='ltr'>digitum,</span> <span class='ocrx_word' id='word_1_320' title='bbox 397 3116 426 3162; x_wconf 92' lang='lat' dir='ltr'>vt</span> <span class='ocrx_word' id='word_1_321' title='bbox 443 3108 549 3174; x_wconf 86' lang='lat' dir='ltr'>crebro,</span> <span class='ocrx_word' id='word_1_322' title='bbox 565 3107 745 3178; x_wconf 82' lang='lat' dir='ltr'>perspiceret,</span> <span class='ocrx_word' id='word_1_323' title='bbox 761 3108 878 3162; x_wconf 89' lang='lat' dir='ltr'>omnino</span> <span class='ocrx_word' id='word_1_324' title='bbox 893 3117 1000 3162; x_wconf 88' lang='lat' dir='ltr'>struma</span> <span class='ocrx_word' id='word_1_325' title='bbox 1016 3107 1115 3174; x_wconf 89' lang='lat' dir='ltr'>deleta,</span> <span class='ocrx_word' id='word_1_326' title='bbox 1132 3106 1280 3177; x_wconf 86' lang='lat' dir='ltr'>pristinam</span> <span class='ocrx_word' id='word_1_327' title='bbox 1296 3108 1407 3164; x_wconf 82' lang='lat' dir='ltr'>articuli</span> 
     </span>
     <span class='ocr_line' id='line_1_34' title="bbox 255 3189 1408 3261; baseline 0.002 -17"><span class='ocrx_word' id='word_1_328' title='bbox 255 3190 375 3246; x_wconf 77' lang='lat' dir='ltr'>tonnam</span> <span class='ocrx_word' id='word_1_329' title='bbox 394 3191 603 3260; x_wconf 78' lang='lat' dir='ltr'>agnouit-Set</span> <span class='ocrx_word' id='word_1_330' title='bbox 621 3199 651 3244; x_wconf 83' lang='lat' dir='ltr'>vt</span> <span class='ocrx_word' id='word_1_331' title='bbox 672 3189 832 3260; x_wconf 84' lang='lat' dir='ltr'>expedieius</span> <span class='ocrx_word' id='word_1_332' title='bbox 850 3189 906 3246; x_wconf 82' lang='lat' dir='ltr'>alia</span> <span class='ocrx_word' id='word_1_333' title='bbox 926 3207 980 3261; x_wconf 89' lang='lat' dir='ltr'>que</span> <span class='ocrx_word' id='word_1_334' title='bbox 1000 3189 1122 3245; x_wconf 88' lang='lat' dir='ltr'>dicenda</span> <span class='ocrx_word' id='word_1_335' title='bbox 1143 3201 1208 3246; x_wconf 87' lang='lat' dir='ltr'>sunt</span> <span class='ocrx_word' id='word_1_336' title='bbox 1226 3191 1408 3261; x_wconf 85' lang='lat' dir='ltr'>explicemus,</span> 
     </span>
     <span class='ocr_line' id='line_1_35' title="bbox 257 3272 1137 3344; baseline 0 -16"><span class='ocrx_word' id='word_1_337' title='bbox 257 3273 345 3344; x_wconf 88' lang='lat' dir='ltr'>ipsius</span> <span class='ocrx_word' id='word_1_338' title='bbox 356 3275 442 3329; x_wconf 89' lang='lat' dir='ltr'>verba</span> <span class='ocrx_word' id='word_1_339' title='bbox 454 3273 581 3328; x_wconf 75' lang='lat' dir='ltr'>diotimus</span> <span class='ocrx_word' id='word_1_340' title='bbox 594 3273 766 3341; x_wconf 85' lang='lat' dir='ltr'>interserere,</span> <span class='ocrx_word' id='word_1_341' title='bbox 779 3289 896 3344; x_wconf 89' lang='lat' dir='ltr'>quorum</span> <span class='ocrx_word' id='word_1_342' title='bbox 909 3273 962 3328; x_wconf 88' lang='lat' dir='ltr'>ista</span> <span class='ocrx_word' id='word_1_343' title='bbox 974 3282 1016 3328; x_wconf 87' lang='lat' dir='ltr'>est</span> <span class='ocrx_word' id='word_1_344' title='bbox 1028 3272 1118 3326; x_wconf 74' lang='lat' dir='ltr'>torna</span> <span class='ocrx_word' id='word_1_345' title='bbox 1130 3290 1137 3328; x_wconf 90' lang='lat'>:</span> 
     </span>
     <span class='ocr_line' id='line_1_36' title="bbox 509 3356 1153 3412; baseline -0.002 -3"><span class='ocrx_word' id='word_1_346' title='bbox 509 3357 558 3409; x_wconf 81' lang='lat' dir='ltr'>Du</span> <span class='ocrx_word' id='word_1_347' title='bbox 577 3367 838 3412; x_wconf 75' lang='lat' dir='ltr'>inconsurcrorra</span> <span class='ocrx_word' id='word_1_348' title='bbox 856 3367 967 3411; x_wconf 69' lang='lat' dir='ltr'>sineri</span> <span class='ocrx_word' id='word_1_349' title='bbox 987 3356 1153 3410; x_wconf 67' lang='lat' dir='ltr'>Ennomon</span> 
     </span>
     <span class='ocr_line' id='line_1_37' title="bbox 210 3437 1409 3508; baseline 0.003 -16"><span class='ocrx_word' id='word_1_350' title='bbox 210 3457 241 3508; x_wconf 81' lang='lat'>³5</span> <span class='ocrx_word' id='word_1_351' title='bbox 292 3439 363 3493; x_wconf 88' lang='lat' dir='ltr'>‘Per</span> <span class='ocrx_word' id='word_1_352' title='bbox 375 3438 404 3493; x_wconf 92' lang='lat' dir='ltr'>id</span> <span class='ocrx_word' id='word_1_353' title='bbox 417 3439 557 3508; x_wconf 82' lang='lat' dir='ltr'>temporis,</span> <span class='ocrx_word' id='word_1_354' title='bbox 569 3437 608 3492; x_wconf 90' lang='lat' dir='ltr'>ait</span> <span class='ocrx_word' id='word_1_355' title='bbox 622 3438 748 3508; x_wconf 89' lang='lat' dir='ltr'>predicta</span> <span class='ocrx_word' id='word_1_356' title='bbox 761 3437 867 3504; x_wconf 88' lang='lat' dir='ltr'>mulier,</span> <span class='ocrx_word' id='word_1_357' title='bbox 879 3438 930 3493; x_wconf 83' lang='lat' dir='ltr'>tuit</span> <span class='ocrx_word' id='word_1_358' title='bbox 948 3437 976 3492; x_wconf 91' lang='lat' dir='ltr'>in</span> <span class='ocrx_word' id='word_1_359' title='bbox 989 3438 1159 3494; x_wconf 85' lang='lat' dir='ltr'>monasterio</span> <span class='ocrx_word' id='word_1_360' title='bbox 1169 3439 1211 3493; x_wconf 88' lang='lat' dir='ltr'>vir</span> <span class='ocrx_word' id='word_1_361' title='bbox 1222 3439 1278 3494; x_wconf 83' lang='lat' dir='ltr'>vite</span> <span class='ocrx_word' id='word_1_362' title='bbox 1290 3455 1409 3496; x_wconf 75' lang='lat' dir='ltr'>venera·</span> 
     </span>
     <span class='ocr_line' id='line_1_38' title="bbox 256 3519 1409 3592; baseline 0.003 -16"><span class='ocrx_word' id='word_1_363' title='bbox 256 3519 321 3576; x_wconf 89' lang='lat' dir='ltr'>bilis</span> <span class='ocrx_word' id='word_1_364' title='bbox 341 3529 369 3576; x_wconf 89' lang='lat' dir='ltr'>et</span> <span class='ocrx_word' id='word_1_365' title='bbox 391 3531 487 3576; x_wconf 87' lang='lat' dir='ltr'>sancte</span> <span class='ocrx_word' id='word_1_366' title='bbox 505 3521 737 3590; x_wconf 88' lang='lat' dir='ltr'>conuersacionis,</span> <span class='ocrx_word' id='word_1_367' title='bbox 757 3522 870 3576; x_wconf 80' lang='lat' dir='ltr'>nomme</span> <span class='ocrx_word' id='word_1_368' title='bbox 889 3521 1012 3586; x_wconf 88' lang='lat' dir='ltr'>Tolinus,</span> <span class='ocrx_word' id='word_1_369' title='bbox 1033 3521 1094 3592; x_wconf 94' lang='lat' dir='ltr'>qui,</span> <span class='ocrx_word' id='word_1_370' title='bbox 1112 3531 1248 3592; x_wconf 87' lang='lat' dir='ltr'>tanquam</span> <span class='ocrx_word' id='word_1_371' title='bbox 1269 3522 1358 3578; x_wconf 85' lang='lat' dir='ltr'>fidelis</span> <span class='ocrx_word' id='word_1_372' title='bbox 1380 3535 1409 3580; x_wconf 91' lang='lat' dir='ltr'>et</span> 
     </span>
     <span class='ocr_line' id='line_1_39' title="bbox 257 3603 1407 3675; baseline 0.004 -18"><span class='ocrx_word' id='word_1_373' title='bbox 257 3603 388 3675; x_wconf 89' lang='lat' dir='ltr'>prudens,</span> <span class='ocrx_word' id='word_1_374' title='bbox 420 3603 534 3658; x_wconf 87' lang='lat' dir='ltr'>sacriste</span> <span class='ocrx_word' id='word_1_375' title='bbox 564 3603 687 3658; x_wconf 87' lang='lat' dir='ltr'>officium</span> <span class='ocrx_word' id='word_1_376' title='bbox 716 3603 940 3672; x_wconf 89' lang='lat' dir='ltr'>administrabat,</span> <span class='ocrx_word' id='word_1_377' title='bbox 969 3603 1114 3673; x_wconf 84' lang='lat' dir='ltr'>verbisque</span> <span class='ocrx_word' id='word_1_378' title='bbox 1144 3613 1172 3658; x_wconf 88' lang='lat' dir='ltr'>et</span> <span class='ocrx_word' id='word_1_379' title='bbox 1202 3605 1338 3674; x_wconf 71' lang='lat' dir='ltr'>exmplis</span> <span class='ocrx_word' id='word_1_380' title='bbox 1367 3608 1407 3662; x_wconf 91' lang='lat' dir='ltr'>ad</span> 
     </span>
     <span class='ocr_line' id='line_1_40' title="bbox 256 3685 1409 3758; baseline 0.002 -14"><span class='ocrx_word' id='word_1_381' title='bbox 256 3703 381 3744; x_wconf 89' lang='lat' dir='ltr'>amorem</span> <span class='ocrx_word' id='word_1_382' title='bbox 399 3687 486 3757; x_wconf 88' lang='lat' dir='ltr'>patrie</span> <span class='ocrx_word' id='word_1_383' title='bbox 505 3687 614 3742; x_wconf 84' lang='lat' dir='ltr'>celestis</span> <span class='ocrx_word' id='word_1_384' title='bbox 634 3703 814 3758; x_wconf 89' lang='lat' dir='ltr'>quoscunque</span> <span class='ocrx_word' id='word_1_385' title='bbox 835 3696 946 3757; x_wconf 89' lang='lat' dir='ltr'>poterat</span> <span class='ocrx_word' id='word_1_386' title='bbox 966 3685 1083 3741; x_wconf 85' lang='lat' dir='ltr'>inuitare</span> <span class='ocrx_word' id='word_1_387' title='bbox 1104 3687 1228 3741; x_wconf 88' lang='lat' dir='ltr'>curabat.</span> <span class='ocrx_word' id='word_1_388' title='bbox 1266 3687 1346 3743; x_wconf 87' lang='lat' dir='ltr'>Hinc</span> <span class='ocrx_word' id='word_1_389' title='bbox 1363 3701 1409 3746; x_wconf 87' lang='lat' dir='ltr'>est</span> 
     </span>
     <span class='ocr_line' id='line_1_41' title="bbox 256 3767 1410 3843; baseline 0.002 -17"><span class='ocrx_word' id='word_1_390' title='bbox 256 3770 323 3843; x_wconf 89' lang='lat' dir='ltr'>quia</span> <span class='ocrx_word' id='word_1_391' title='bbox 340 3767 364 3824; x_wconf 89' lang='lat' dir='ltr'>si</span> <span class='ocrx_word' id='word_1_392' title='bbox 383 3769 451 3842; x_wconf 89' lang='lat' dir='ltr'>quid</span> <span class='ocrx_word' id='word_1_393' title='bbox 470 3769 498 3824; x_wconf 95' lang='lat' dir='ltr'>in</span> <span class='ocrx_word' id='word_1_394' title='bbox 516 3786 562 3824; x_wconf 90' lang='lat' dir='ltr'>me</span> <span class='ocrx_word' id='word_1_395' title='bbox 581 3770 645 3824; x_wconf 90' lang='lat' dir='ltr'>boni</span> <span class='ocrx_word' id='word_1_396' title='bbox 665 3787 797 3840; x_wconf 88' lang='lat' dir='ltr'>vmquam</span> <span class='ocrx_word' id='word_1_397' title='bbox 814 3769 915 3840; x_wconf 89' lang='lat' dir='ltr'>poterit</span> <span class='ocrx_word' id='word_1_398' title='bbox 933 3769 1038 3837; x_wconf 89' lang='lat' dir='ltr'>haben&#39;,</span> <span class='ocrx_word' id='word_1_399' title='bbox 1057 3769 1143 3839; x_wconf 89' lang='lat' dir='ltr'>ipsius</span> <span class='ocrx_word' id='word_1_400' title='bbox 1162 3769 1305 3838; x_wconf 76' lang='lat' dir='ltr'>instinctu,</span> <span class='ocrx_word' id='word_1_401' title='bbox 1318 3771 1410 3842; x_wconf 87' lang='lat' dir='ltr'>ipsius</span> 
     </span>
     <span class='ocr_line' id='line_1_42' title="bbox 212 3850 1408 3924; baseline 0.001 -14"><span class='ocrx_word' id='word_1_402' title='bbox 212 3875 245 3924; x_wconf 86' lang='lat'>40</span> <span class='ocrx_word' id='word_1_403' title='bbox 257 3853 388 3910; x_wconf 82' lang='lat' dir='ltr'>monitis⁸</span> <span class='ocrx_word' id='word_1_404' title='bbox 400 3863 442 3908; x_wconf 90' lang='lat' dir='ltr'>est</span> <span class='ocrx_word' id='word_1_405' title='bbox 456 3863 483 3908; x_wconf 91' lang='lat' dir='ltr'>et</span> <span class='ocrx_word' id='word_1_406' title='bbox 497 3850 643 3923; x_wconf 88' lang='lat' dir='ltr'>[b]ortatu.</span> <span class='ocrx_word' id='word_1_407' title='bbox 680 3853 792 3908; x_wconf 85' lang='lat' dir='ltr'>Eodem</span> <span class='ocrx_word' id='word_1_408' title='bbox 805 3851 888 3921; x_wconf 85' lang='lat' dir='ltr'>igitur</span> <span class='ocrx_word' id='word_1_409' title='bbox 900 3869 975 3907; x_wconf 90' lang='lat' dir='ltr'>anno</span> <span class='ocrx_word' id='word_1_410' title='bbox 992 3869 1049 3923; x_wconf 88' lang='lat' dir='ltr'>quo</span> <span class='ocrx_word' id='word_1_411' title='bbox 1065 3852 1217 3907; x_wconf 89' lang='lat' dir='ltr'>translacio</span> <span class='ocrx_word' id='word_1_412' title='bbox 1234 3855 1408 3911; x_wconf 89' lang='lat' dir='ltr'>sanctissimi</span> 
     </span>
     <span class='ocr_line' id='line_1_43' title="bbox 256 3935 1408 4009; baseline 0.001 -17"><span class='ocrx_word' id='word_1_413' title='bbox 256 3937 378 3992; x_wconf 88' lang='lat' dir='ltr'>martiris</span> <span class='ocrx_word' id='word_1_414' title='bbox 400 3936 543 3991; x_wconf 89' lang='lat' dir='ltr'>Edmundi</span> <span class='ocrx_word' id='word_1_415' title='bbox 562 3936 598 3990; x_wconf 90' lang='lat' dir='ltr'>de</span> <span class='ocrx_word' id='word_1_416' title='bbox 619 3936 736 4006; x_wconf 89' lang='lat' dir='ltr'>antiqua</span> <span class='ocrx_word' id='word_1_417' title='bbox 757 3935 786 3990; x_wconf 91' lang='lat' dir='ltr'>in</span> <span class='ocrx_word' id='word_1_418' title='bbox 807 3953 911 3990; x_wconf 86' lang='lat' dir='ltr'>nouam</span> <span class='ocrx_word' id='word_1_419' title='bbox 930 3935 1006 3990; x_wconf 81' lang='lat' dir='ltr'>iacta</span> <span class='ocrx_word' id='word_1_420' title='bbox 1026 3945 1069 3990; x_wconf 89' lang='lat' dir='ltr'>est</span> <span class='ocrx_word' id='word_1_421' title='bbox 1088 3935 1240 4001; x_wconf 84' lang='lat' dir='ltr'>basilicam,</span> <span class='ocrx_word' id='word_1_422' title='bbox 1259 3953 1325 3992; x_wconf 90' lang='lat' dir='ltr'>cum</span> <span class='ocrx_word' id='word_1_423' title='bbox 1345 3947 1408 4009; x_wconf 87' lang='lat' dir='ltr'>post</span> 
     </span>
     <span class='ocr_line' id='line_1_44' title="bbox 256 4017 1410 4091; baseline -0.001 -14"><span class='ocrx_word' id='word_1_424' title='bbox 256 4019 490 4091; x_wconf 89' lang='lat' dir='ltr'>sollempnitatem</span> <span class='ocrx_word' id='word_1_425' title='bbox 502 4019 691 4090; x_wconf 89' lang='lat' dir='ltr'>apostolorum</span> <span class='ocrx_word' id='word_1_426' title='bbox 706 4019 779 4075; x_wconf 90' lang='lat' dir='ltr'>Petri</span> <span class='ocrx_word' id='word_1_427' title='bbox 792 4028 820 4073; x_wconf 89' lang='lat' dir='ltr'>et</span> <span class='ocrx_word' id='word_1_428' title='bbox 834 4019 912 4074; x_wconf 88' lang='lat' dir='ltr'>Pauli</span> <span class='ocrx_word' id='word_1_429' title='bbox 929 4029 1056 4074; x_wconf 89' lang='lat' dir='ltr'>sanctum</span> <span class='ocrx_word' id='word_1_430' title='bbox 1073 4017 1255 4074; x_wconf 87' lang='lat' dir='ltr'>Edmundum</span> <span class='ocrx_word' id='word_1_431' title='bbox 1268 4021 1410 4076; x_wconf 87' lang='lat' dir='ltr'>oracionis</span> 
     </span>
     <span class='ocr_line' id='line_1_45' title="bbox 257 4101 1408 4174; baseline 0 -16"><span class='ocrx_word' id='word_1_432' title='bbox 257 4105 359 4174; x_wconf 89' lang='lat' dir='ltr'>pariter</span> <span class='ocrx_word' id='word_1_433' title='bbox 370 4113 398 4158; x_wconf 93' lang='lat' dir='ltr'>et</span> <span class='ocrx_word' id='word_1_434' title='bbox 411 4103 600 4159; x_wconf 80' lang='lat' dir='ltr'>edificacionis</span> <span class='ocrx_word' id='word_1_435' title='bbox 612 4103 706 4172; x_wconf 88' lang='lat' dir='ltr'>gracia</span> <span class='ocrx_word' id='word_1_436' title='bbox 719 4101 894 4172; x_wconf 88' lang='lat' dir='ltr'>expetissem,</span> <span class='ocrx_word' id='word_1_437' title='bbox 908 4101 1031 4172; x_wconf 83' lang='lat' dir='ltr'>prelatus</span> <span class='ocrx_word' id='word_1_438' title='bbox 1044 4101 1161 4156; x_wconf 87' lang='lat' dir='ltr'>Tolinus</span> <span class='ocrx_word' id='word_1_439' title='bbox 1173 4101 1306 4172; x_wconf 82' lang='lat' dir='ltr'>frequens</span> <span class='ocrx_word' id='word_1_440' title='bbox 1321 4104 1408 4158; x_wconf 87' lang='lat' dir='ltr'>michi</span> 
     </span>
     <span class='ocr_line' id='line_1_46' title="bbox 254 4184 1409 4258; baseline 0.001 -18"><span class='ocrx_word' id='word_1_441' title='bbox 254 4187 424 4258; x_wconf 89' lang='lat' dir='ltr'>colloquium</span> <span class='ocrx_word' id='word_1_442' title='bbox 442 4186 621 4257; x_wconf 86' lang='lat' dir='ltr'>inpendebat.</span> <span class='ocrx_word' id='word_1_443' title='bbox 658 4187 789 4242; x_wconf 89' lang='lat' dir='ltr'>Ceterum</span> <span class='ocrx_word' id='word_1_444' title='bbox 811 4201 875 4240; x_wconf 93' lang='lat' dir='ltr'>cum</span> <span class='ocrx_word' id='word_1_445' title='bbox 893 4203 949 4240; x_wconf 90' lang='lat' dir='ltr'>vna</span> <span class='ocrx_word' id='word_1_446' title='bbox 968 4184 1076 4240; x_wconf 86' lang='lat' dir='ltr'>dierum</span> <span class='ocrx_word' id='word_1_447' title='bbox 1097 4199 1208 4239; x_wconf 87' lang='lat' dir='ltr'>meeum</span> <span class='ocrx_word' id='word_1_448' title='bbox 1229 4195 1297 4240; x_wconf 87' lang='lat' dir='ltr'>ante</span> <span class='ocrx_word' id='word_1_449' title='bbox 1318 4187 1409 4241; x_wconf 87' lang='lat' dir='ltr'>altare</span> 
     </span>
    </p>
   </div>
   <div class='ocr_carea' id='block_1_9' title="bbox 255 4336 1408 4472">
    <p class='ocr_par' dir='ltr' id='par_1_9' title="bbox 255 4336 1408 4472">
     <span class='ocr_line' id='line_1_47' title="bbox 298 4336 1408 4406; baseline 0.003 -19"><span class='ocrx_word' id='word_1_450' title='bbox 298 4336 377 4388; x_wconf 86' lang='lat' dir='ltr'><strong>¹MS.</strong></span> <span class='ocrx_word' id='word_1_451' title='bbox 392 4338 443 4390; x_wconf 89' lang='lat' dir='ltr'>ille.</span> <span class='ocrx_word' id='word_1_452' title='bbox 541 4337 785 4405; x_wconf 80' lang='lat' dir='ltr'>²MS.preclndam.</span> <span class='ocrx_word' id='word_1_453' title='bbox 885 4338 968 4390; x_wconf 70' lang='lat' dir='ltr'>&#39;Ma</span> <span class='ocrx_word' id='word_1_454' title='bbox 980 4340 1103 4406; x_wconf 83' lang='lat' dir='ltr'>apperuit.</span> <span class='ocrx_word' id='word_1_455' title='bbox 1193 4337 1275 4388; x_wconf 68' lang='lat' dir='ltr'>*MS</span> <span class='ocrx_word' id='word_1_456' title='bbox 1287 4339 1408 4390; x_wconf 75' lang='lat' dir='ltr'>addsie.</span> 
     </span>
     <span class='ocr_line' id='line_1_48' title="bbox 255 4399 1407 4472; baseline 0.007 -24"><span class='ocrx_word' id='word_1_457' title='bbox 255 4399 382 4452; x_wconf 85' lang='lat' dir='ltr'>tribulata.</span> <span class='ocrx_word' id='word_1_458' title='bbox 449 4403 621 4456; x_wconf 81' lang='lat' dir='ltr'>⁸MS.relim.</span> <span class='ocrx_word' id='word_1_459' title='bbox 688 4403 878 4472; x_wconf 73' lang='lat' dir='ltr'>‘Mspedtsse</span> <span class='ocrx_word' id='word_1_460' title='bbox 944 4403 1017 4455; x_wconf 76' lang='lat' dir='ltr'>&#39;Ma</span> <span class='ocrx_word' id='word_1_461' title='bbox 1034 4405 1135 4455; x_wconf 81' lang='lat' dir='ltr'>aniene.</span> <span class='ocrx_word' id='word_1_462' title='bbox 1201 4403 1407 4456; x_wconf 67' lang='lat' dir='ltr'>&#39;MSmonitns</span> 
     </span>
    </p>
   </div>
   <div class='ocr_carea' id='block_1_10' title="bbox 0 0 1528 4902">
    <p class='ocr_par' dir='ltr' id='par_1_10' title="bbox 0 0 1528 4902">
     <span class='ocr_line' id='line_1_49' title="bbox 0 0 1528 4902; baseline 0 0"><span class='ocrx_word' id='word_1_463' title='bbox 0 0 1528 4902; x_wconf 95' lang='lat' dir='ltr'> </span> 
     </span>
    </p>
   </div>
  </div>
 </body>
</html>
