3036 4878
269 289 344 377 ⁶94
691 282 894 386 annum
920 283 996 358 111.

269 484 395 542 cordiam
407 486 589 558 postulantes,
602 495 687 557 caput
699 485 841 541 abscisum
853 483 1006 556 respondit,
1015 494 1044 540 et
1056 483 1111 540 hac
1121 499 1187 539 eum
1198 499 1271 539 uooe
1284 481 1441 538 absoluit:

270 565 439 640 ‘Apostolus
452 569 566 638 Christi,
580 571 623 625 cui
639 585 657 625 a
670 569 785 625 Christo
803 567 988 624 absolutionis
1001 565 1098 639 gracia
1109 567 1256 634 conlector,
1269 577 1301 621 te
1313 585 1333 620 a
1345 575 1444 620 reatu

270 667 333 707 mee
345 653 442 708 mortis
458 655 588 709 absoluat
599 663 627 709 et
640 653 798 708 huiusmodi
811 653 891 724 penis
903 651 1011 723 eripiat,
1023 661 1052 708 et
1069 669 1115 707 me
1128 651 1156 706 in
1169 651 1229 706 eius
1241 649 1444 706 consessione

270 733 396 804 punitum
409 735 446 790 ad
459 736 518 792 uite
530 735 641 792 celestis
657 737 763 806 gaudia
778 736 950 792 introducat?
987 737 1051 790 Hec
1067 734 1190 790 martiris
1207 734 1330 789 uictoria
1348 733 1445 802 apud

243 819 257 873 l
271 817 472 874 Radesordiam
485 820 626 876 celebrata
637 820 697 888 luit,
709 829 738 875 et
751 819 865 874 uictoria
882 819 1038 889 triumphus
1057 818 1188 874 omnibus
1203 817 1444 888 circumquaque

271 902 390 958 celebris
408 903 504 958 extitit.
543 903 600 958 Hic
617 903 721 958 Christi
736 903 878 972 magnalia
892 901 1066 958 mirabilibus
1082 901 1268 969 cumulantur,
1285 911 1314 956 et
1332 901 1443 970 magis

270 985 419 1058 magisque
438 985 653 1042 mirabilioribus
672 987 858 1042 declarantur.
895 985 998 1042 Christi
1019 986 1116 1042 martir
1134 985 1341 1052 Freemundus,
1361 995 1443 1055 post

271 1079 400 1136 mortem,
419 1068 448 1124 in
465 1069 578 1126 Christo
594 1069 638 1124 cui
657 1069 752 1124 omnia
771 1069 869 1124 uiuunt
889 1069 970 1124 uiuus
981 1069 1112 1136 metens,
1124 1079 1154 1124 et
1171 1085 1203 1124 se
1218 1078 1283 1140 post
1300 1079 1444 1123 mortu

271 1153 368 1209 uiuere
386 1153 414 1209 in
435 1151 546 1210 Christo
563 1153 676 1220 docens,
690 1169 720 1210 se
738 1153 818 1224 quasi
837 1153 918 1209 uiuus
934 1152 1028 1221 erexit,
1048 1153 1178 1208 manibus
1194 1163 1278 1224 caput
1294 1153 1335 1208 de
1351 1161 1444 1208 rena

230 1253 261 1290 ιο
272 1237 376 1306 extulit,
389 1247 417 1293 et
430 1253 494 1292 cum
506 1237 603 1292 multis
620 1235 779 1292 huiusmodi
795 1237 930 1292 miracula
948 1235 1212 1307 obstupescentibus
1230 1246 1258 1291 et
1275 1252 1345 1290 eum
1362 1253 1442 1290 cum

272 1319 355 1374 laude
379 1319 475 1374 diuina
498 1319 737 1392 prosequentibus,
762 1319 799 1374 ad
829 1321 922 1375 locum
949 1319 1092 1390 quendam
1121 1319 1195 1375 inter
1221 1318 1374 1374 Vchiutoft
1403 1327 1442 1373 et
1516 1363 1517 1378 ,

274 1403 490 1472 Hereburebury
514 1413 598 1474 caput
622 1403 752 1458 manibus
777 1403 908 1459 deserens
931 1403 1058 1474 perrexit.
1102 1403 1167 1472 Quo
1195 1401 1363 1470 deueniens,
1392 1402 1441 1456 ibi

273 1485 409 1554 consedit,
424 1485 509 1556 gladii
526 1485 673 1558 cuspidem
691 1487 779 1542 humo
797 1487 903 1554 defixit,
921 1503 995 1559 aque
1012 1486 1124 1554 stillam,
1139 1503 1195 1558 qua
1211 1495 1296 1558 caput
1313 1485 1385 1541 eius
1402 1497 1441 1540 ec

273 1583 374 1639 corpus
387 1569 572 1638 abluerentur,
585 1570 669 1626 adeo
686 1569 817 1640 precibus
831 1570 954 1640 expetiit,
967 1579 996 1625 et
1014 1569 1180 1640 impetrauit.
1217 1571 1294 1624 Nam
1309 1567 1383 1624 lons
1401 1569 1438 1623 in

229 1667 261 1720 ¹⁵
274 1651 374 1708 eodem
387 1653 458 1720 loco,
471 1652 609 1724 perhenni
622 1653 710 1708 fluens
722 1653 851 1720 decursu,
864 1653 994 1722 excreuit,
1006 1663 1035 1708 et
1047 1651 1135 1723 ipsius
1150 1651 1273 1708 muniris
1288 1652 1440 1708 meritum

274 1751 369 1791 coram
382 1735 541 1792 hominibus
554 1736 699 1792 celebriter
710 1735 870 1792 declamuit.
905 1738 1018 1792 Hausta
1029 1735 1113 1806 igimr
1123 1753 1205 1808 aqua,
1218 1737 1332 1791 nulum
1345 1736 1439 1804 lauit,

273 1818 359 1874 deum
373 1819 417 1875 cui
434 1817 529 1875 omnia
545 1819 643 1874 uiuunt
660 1819 807 1876 adorauit:
833 1829 863 1874 et
880 1819 920 1875 ita
935 1820 1016 1891 quasi
1032 1829 1166 1886 mortuus,
1181 1821 1220 1874 ad
1235 1819 1378 1875 orientem
1402 1837 1441 1876 se

273 1911 396 1970 uertens,
421 1901 449 1957 in
474 1912 548 1958 terra
571 1902 728 1974 procubuit.
765 1903 831 1958 Hoc
854 1903 916 1958 uiso
939 1903 1083 1972 miraculo,
1104 1903 1228 1974 prelatus
1249 1903 1335 1970 only
1361 1919 1439 1958 cum

274 1985 376 2042 ceteris
388 1985 435 2057 qui
450 1985 631 2052 aduenerant,
644 2002 745 2056 corpus
757 1986 819 2041 eius
830 1997 858 2041 et
876 1996 960 2057 caput
975 1985 1138 2057 suscipiunt,
1151 1996 1180 2042 et
1196 2003 1260 2041 cum
1275 1986 1353 2040 linea
1372 2003 1440 2058 qua

232 2085 263 2124 ro
275 2067 390 2124 indutus
407 2077 525 2124 mortem
543 2085 693 2140 perpessus
710 2069 807 2136 luerat,
819 2069 848 2124 in
867 2069 958 2126 loculo
969 2069 1102 2141 plumbeo
1114 2085 1211 2141 panno
1220 2087 1284 2125 cera
1298 2069 1438 2126 obducto

275 2167 376 2223 corpus
396 2161 487 2208 totum
504 2151 686 2220 obambiunt3
713 2162 741 2209 et
766 2153 796 2208 in
817 2154 880 2208 loco
900 2151 947 2224 qui
968 2151 1145 2209 Oli'echircbe
1166 2154 1328 2224 appellatur,
1351 2151 1438 2210 intra

276 2235 377 2291 domus
388 2235 465 2306 regie
476 2233 626 2292 maceriem
639 2251 703 2290 cum
716 2235 827 2306 ympnis
839 2245 867 2292 et
880 2235 1008 2292 laudibus
1021 2236 1198 2307 sepelierunt.
1236 2238 1301 2292 Hoc
1316 2235 1345 2290 in
1361 2237 1438 2293 loco

275 2317 359 2375 anuis
371 2319 516 2390 sexaginta
529 2335 579 2374 sex
590 2335 692 2389 corpus
706 2319 852 2375 humatum
866 2319 990 2390 quieuit:
1008 2329 1037 2376 et
1050 2318 1155 2376 ibidem
1166 2319 1327 2376 huiusmodi
1337 2319 1437 2376 mira-

276 2401 339 2458 culo
351 2401 469 2472 gloriam
482 2417 563 2457 suam
576 2401 766 2458 nescientibus
777 2401 939 2459 declarauit.

232 2525 263 2578 ²⁵
340 2517 397 2574 Res
414 2517 505 2589 puelle
521 2515 641 2574 diuersis
656 2519 758 2590 Anglie
775 2520 902 2590 partibus
917 2527 1012 2577 exorte
1030 2517 1139 2576 fuerant
1153 2527 1182 2576 et
1195 2517 1312 2574 diuersis
1325 2535 1436 2590 corpo-

375 2617 437 2656 rum
462 2617 574 2655 suorum
599 2599 755 2658 incomodis
777 2621 795 2658 a
818 2602 909 2674 prima
933 2601 1079 2658 natiuitate
1102 2601 1277 2658 laborabant.
1314 2603 1436 2659 Harum

277 2682 393 2742 uomina
408 2681 433 2738 si
452 2693 611 2754 quemntur,
629 2701 685 2740 vna
704 2685 823 2752 Elfleda,
840 2685 965 2743 mcuuda
985 2685 1093 2754 lboua,
1110 2684 1198 2741 tercia
1217 2685 1332 2740 Briteua
1348 2684 1436 2742 dice-

277 2769 388 2824 bantur.
425 2765 536 2821 Elfleda
553 2777 631 2822 muta
649 2778 724 2835 nata,
741 2769 815 2840 loqui
833 2787 890 2824 non
909 2777 1035 2839 poterat3
1054 2769 1154 2823 'ihoua
1169 2785 1255 2823 manu
1271 2779 1435 2838 conuecta,

278 2867 378 2908 manus
391 2847 484 2905 officio
498 2849 613 2906 omnino
629 2851 762 2918 carebats
782 2853 897 2908 Bn'tena
912 2851 948 2907 ad
968 2850 997 2906 id
1014 2851 1146 2921 temporis
1161 2850 1273 2906 auditus
1289 2851 1435 2908 beneficia

232 2948 267 3004 go
279 2933 431 2990 nesciebat.
468 2932 542 3001 Hiis,
560 2933 679 2990 diuersis
700 2951 718 2990 a
739 2951 771 2991 se
791 2935 915 3007 partibus
935 2933 1117 2990 existentibus
1136 2935 1235 3006 puellis
1255 2935 1373 3004 angelus
1401 2935 1433 2990 in

278 3015 387 3072 uisione
408 3013 546 3087 appamit,
567 3026 595 3071 et
613 3033 663 3072 eas
682 3017 734 3072 sub
755 3033 811 3072 vna
832 3027 913 3074 nocte
933 3017 1097 3085 ammonuit,
1116 3029 1145 3074 et
1166 3018 1188 3074 si
1207 3017 1244 3073 de
1265 3017 1434 3074 infirmitate

278 3097 434 3156 remedium
446 3108 583 3170 optarent,
596 3109 626 3154 ut
638 3111 782 3171 surgerent
795 3098 926 3172 precepit,
938 3110 967 3156 et
980 3111 1010 3156 ut
1022 3101 1060 3156 ad
1072 3102 1164 3156 locum
1182 3099 1230 3173 qui
1247 3101 1435 3158 Offecbirche

279 3179 452 3254 appellatur¹
469 3190 660 3252 properarent,
673 3183 865 3252 denuntiauit;
884 3195 912 3239 et
929 3183 994 3254 quia
1010 3184 1063 3239 loci
1081 3182 1199 3254 predicti
1216 3183 1300 3239 situm
1317 3184 1432 3254 ignora·

279 3265 364 3321 bant:
383 3265 490 3320 fumum
502 3265 643 3336 quendam
655 3265 702 3337 qui
714 3267 752 3322 ab
764 3267 825 3322 eius
841 3267 962 3323 martiris
979 3268 1127 3338 sepulchro
1143 3267 1180 3322 ad
1194 3284 1306 3322 sununs
1321 3267 1374 3322 celi
1390 3269 1432 3323 ad

235 3361 266 3414 55
279 3347 395 3404 modum
407 3347 509 3404 nebule
521 3349 611 3406 lucide
623 3349 767 3418 tendebat,
779 3349 859 3422 sequi
872 3349 1001 3422 precepit.
1033 3352 1059 3405 Α
1072 3349 1142 3406 locis
1154 3349 1237 3420 igitur
1248 3350 1308 3406 suis
1320 3349 1433 3406 monitu

279 3429 406 3501 angelico
426 3447 523 3486 omnes
545 3448 666 3502 egresse,
687 3431 760 3489 illius
780 3435 883 3490 nebule
904 3435 995 3490 lucem
1016 3433 1099 3490 simul
1119 3433 1305 3504 conspiciunt,
1324 3445 1353 3489 et
1374 3435 1432 3490 hac

280 3512 351 3569 duce
370 3513 408 3568 ad
429 3513 521 3570 locum
542 3525 737 3585 preostensum
758 3518 874 3573 tandem
896 3517 1077 3589 perueniunt:
1105 3527 1134 3573 et
1154 3517 1226 3574 sicut
1247 3519 1365 3587 angelus
1387 3519 1432 3575 eis

280 3595 447 3669 predixerat,
460 3597 551 3652 sancti
566 3598 735 3656 Freemundi
748 3599 871 3656 martiris
883 3617 983 3672 corpus
999 3600 1028 3656 in
1044 3600 1165 3656 maceria
1179 3600 1279 3656 locello
1294 3601 1431 3670 plumbeo

281 3679 478 3751 consignatum
490 3679 653 3738 inueniunt:
673 3692 701 3738 et
715 3682 792 3739 iussu
807 3684 935 3754 angelico
942 3682 960 3753 ⁸,
973 3685 1009 3739 ad
1026 3684 1119 3760 locum
1133 3685 1273 3755 quendam
1291 3683 1339 3755 qui
1357 3684 1433 3741 inter

235 3783 269 3834 40
282 3765 452 3820 Cherewelle
473 3775 501 3822 et
521 3763 728 3822 Brandemere⁸
747 3767 882 3824 bitumine
900 3767 1097 3838 circumdatur,
1115 3768 1162 3823 ubi
1178 3767 1231 3822 sibi
1250 3767 1373 3824 inuicem
1389 3769 1431 3824 hii

280 3850 338 3904 duo
357 3847 433 3904 fluuii
449 3849 628 3918 miscentur‘,
648 3849 839 3921 sepeliendum
857 3851 992 3907 deterunt.
1030 3851 1094 3907 Hee
1113 3849 1240 3923 predicte
1256 3852 1348 3922 puelle
1365 3869 1431 3908 curn

282 3933 320 3988 ad
341 3933 433 3987 locum
455 3931 577 3988 martiris
601 3931 694 4004 primo
717 3945 912 4005 peruenerant,
932 3933 1000 4006 quid
1023 3933 1129 3990 ibidem
1152 3935 1260 4005 singule
1280 3947 1432 4006 quererent

282 4015 458 4085 ignorabant,
470 4025 498 4071 et
514 4033 570 4087 que
586 4033 673 4072 causa
688 4033 737 4073 eas
751 4017 816 4073 illuc
832 4018 986 4073 adduxerat
1003 4017 1124 4074 inuicem
1143 4018 1330 4090 requirebant.
1365 4020 1430 4076 Vna

282 4098 367 4168 igitur
383 4109 443 4155 erat
458 4115 513 4154 uox
527 4100 661 4168 omnium,
674 4109 702 4156 et
718 4117 774 4156 vua
792 4099 910 4157 intentio
926 4097 1131 4172 singularum⁸t
1149 4103 1187 4158 ad
1204 4102 1259 4159 hoc
1275 4101 1382 4159 scilieet
1399 4119 1430 4159 se

315 4219 324 4249 ¹
342 4221 372 4270 L.
380 4221 458 4272 adds:
475 4223 507 4272 ed
517 4223 853 4277 tumulumeritbemundi
865 4227 929 4291 regis
939 4233 965 4276 et
976 4225 1092 4277 martiris.
1157 4223 1170 4258 ¹
1185 4225 1302 4276 Ladds:
1319 4227 1429 4292 sequmti

282 4292 357 4336 nocte
367 4287 404 4336 eis
413 4287 489 4338 lacto.
563 4288 789 4342 ’aLBmdemere
855 4291 1000 4342 ‘Laddss
1016 4291 1429 4359 quilocuraBennehmlpertria

282 4349 331 4399 lere
342 4349 455 4400 miliaria
462 4352 548 4404 distet.
647 4354 730 4405 ⁵hiS.
742 4355 902 4420 singulorum.
