3036 4878
111 231 338 297 lisinam]
369 216 444 309 Do
466 214 526 303 b.
547 217 763 334 &monuo
787 234 880 321 tous
904 226 943 306 ct
966 227 1155 322 morture.
1193 230 1265 314 663

111 415 193 470 istud
206 417 353 486 magnifice
365 417 627 491 com[m]endat[ur]
642 437 691 490 per
703 431 821 492 quatuor
834 423 965 490 custodes
982 423 1212 493 compeditorum,
1225 422 1268 476 vi·

111 499 218 554 dentes
236 517 300 554 eum
319 503 440 558 solutum
460 503 598 572 recedere,
617 521 670 559 nec
689 521 753 558 eum
772 503 908 575 impedire
928 523 979 560 nec
999 506 1105 577 aliquid
1126 506 1150 560 ei
1173 505 1268 561 dicere

112 591 277 651 potuerunt.

119 707 231 834 FUit
256 721 348 765 autem
374 711 449 779 apud
472 711 680 782 Swynesheued
706 713 820 783 quidam
845 730 930 783 preco
952 713 1068 769 Roberti
1094 714 1130 769 de
1152 715 1268 782 Gresley

215 794 398 864 compedibus
419 804 448 849 et
472 796 562 850 anulis
586 797 624 852 ab
649 796 710 866 ipso
731 796 880 851 crudeliter
900 807 1016 864 artatus,
1038 814 1090 852 nec
1111 815 1193 868 prece
1214 813 1295 862 nec5

113 875 213 944 precio
225 876 300 946 apud
314 894 379 931 eum
392 879 514 948 aliquam
527 879 634 934 inuenit
650 879 781 949 graciam.
819 879 946 935 Cucurrit
964 897 1031 949 ergo
1046 881 1101 934 fide
1118 891 1147 936 et
1162 879 1266 949 gemitu

112 958 155 1012 ad
173 960 279 1013 sontem
298 961 489 1017 misericordie
508 963 622 1017 ihesum
638 963 790 1030 Christum,
805 962 917 1032 gloriosi
937 963 1059 1017 martiris
1076 963 1219 1017 Edmundi
1239 973 1267 1017 et

112 1043 201 1097 beate
219 1042 334 1112 virginis
351 1045 523 1100 Etheldrede
542 1045 670 1100 flebiliter
687 1045 839 1115 implorans
856 1045 997 1100 auxilium.
1035 1048 1119 1101 Sexta
1136 1063 1202 1100 vero
1221 1047 1267 1101 die

111 1127 246 1195 apparuit
265 1127 291 1180 ei
310 1139 425 1183 sanctus
445 1129 613 1184 Edmundus
632 1128 659 1182 iu
678 1129 793 1196 visione,
806 1129 919 1184 dicens:
939 1129 1044 1198 ‘Surge
1062 1139 1090 1183 et
1108 1128 1180 1183 vade
1199 1129 1266 1183 hinc

112 1208 266 1264 velociter!
303 1211 355 1265 Cui
376 1212 538 1281 respondit:
566 1211 713 1278 ‘Domine,
732 1229 789 1266 non
809 1229 931 1282 possum,
950 1212 1016 1283 quia
1037 1211 1219 1281 compedibus
1237 1223 1266 1267 et
1284 1232 1312 1267 ro

112 1293 208 1346 anulis
236 1293 403 1348 constrictus
431 1296 510 1349 sum!
559 1296 597 1349 At
629 1295 688 1350 ille:
720 1296 828 1348 ‘Immo
853 1305 949 1366 potes;
981 1312 1064 1364 surge
1091 1304 1119 1349 et
1150 1294 1265 1349 recede!

113 1374 263 1444 Euigilans
286 1394 361 1446 ergo,
387 1379 537 1447 compedes
562 1388 590 1433 et
614 1379 713 1432 anulos
735 1378 856 1433 lacilime
880 1377 958 1449 quasi
982 1378 1105 1434 festucas
1129 1377 1265 1445 dissoluit,

113 1468 144 1512 et
157 1457 195 1513 ad
207 1460 320 1514 beatum
334 1461 516 1516 Edmundum
527 1461 636 1531 gracias
649 1479 737 1532 agens
749 1461 900 1516 festinauit.

190 1588 295 1644 Uidam
317 1600 408 1646 rector
429 1591 571 1646 institutus
589 1601 650 1646 erat
675 1589 704 1646 in
726 1590 845 1645 ecclesia
870 1591 960 1646 sancti
980 1591 1124 1646 Edmundi
1145 1590 1266 1645 ciuitatis

224 1671 378 1740 Londonie,
391 1674 429 1729 ad
441 1674 622 1728 collacionem
639 1673 740 1744 prioris
753 1683 849 1728 sancte
862 1673 1007 1727 Trinitatis
1021 1672 1168 1728 Londonie
1180 1673 1266 1743 perti·
1282 1687 1310 1738 15

113 1765 208 1810 nente.
249 1755 393 1811 Modicum
406 1767 469 1827 post
488 1756 692 1812 institucionem
709 1773 788 1811 suam
805 1756 925 1826 accessit
940 1757 965 1810 ei
980 1758 1109 1810 voluntas
1126 1772 1210 1824 agere
1226 1755 1264 1808 ad

112 1838 170 1892 hoc
188 1847 218 1893 ut
237 1855 300 1894 cum
318 1840 440 1910 quodam
459 1840 563 1895 vicario
581 1849 723 1911 perpetuo,
739 1850 817 1894 extra
835 1839 977 1894 ciuitatem
997 1839 1170 1905 beneficiato,
1184 1838 1264 1908 quasi

113 1921 289 1977 excambium
305 1922 410 1978 iaceret
428 1923 565 1978 beneficii.
602 1924 646 1977 Ex
664 1924 718 1978 hoc
737 1921 881 1993 proposito
899 1919 964 1993 quil
983 1921 1124 1991 cogitabat
1143 1921 1182 1976 ibi
1201 1937 1264 1976 esse

112 2003 244 2070 vicarius,
252 2005 337 2060 voluit
350 2015 379 2059 ut
393 2006 496 2075 sagitta
508 2008 629 2077 quedam
639 2023 693 2076 que
706 2005 762 2060 iam
772 2015 833 2059 erat
844 2004 873 2058 in
886 2004 1005 2059 ecclesia
1015 2005 1105 2058 sancti
1120 2003 1263 2058 Edmundi

113 2087 163 2142 ubi
176 2087 269 2143 adhoc
282 2099 373 2144 rector
383 2101 452 2158 erat,
464 2087 685 2159 transler[r]etur
701 2089 740 2144 ad
758 2090 850 2144 locum
863 2088 970 2158 prefate
983 2087 1105 2152 uicarie;
1128 2097 1155 2142 et
1168 2087 1196 2141 in
1209 2087 1263 2140 hoc
1281 2103 1311 2136 :o

115 2182 294 2226 consenserat
308 2173 427 2227 vicarius
444 2174 490 2228 ille
506 2173 554 2244 qui
572 2173 753 2242 exspectabat
769 2171 957 2226 mutacionem
974 2171 1179 2238 beneficiorum,
1193 2169 1263 2224 sicut

115 2263 142 2306 et
161 2253 221 2324 ipse
237 2264 328 2309 rector
344 2257 461 2311 ecclesie
478 2255 566 2312 sancti
581 2255 733 2310 Edmundi.
771 2255 838 2310 Erat
854 2264 947 2309 autem
960 2253 1063 2322 sagitta
1076 2254 1122 2308 illa
1137 2252 1265 2323 preciosa

114 2337 142 2390 in
160 2336 292 2407 opinione
309 2339 434 2407 rectoris,
448 2357 498 2409 pro
514 2357 549 2394 eo
565 2338 642 2409 quod
658 2338 785 2392 audierat
803 2337 878 2408 quod
896 2353 996 2407 corpus
1013 2336 1103 2391 sancti
1120 2336 1264 2390 Edmundi

115 2419 284 2490 intempore
300 2421 416 2476 martirii
433 2421 474 2477 sui
493 2423 528 2476 de
545 2439 578 2476 ea
594 2421 666 2476 inter
682 2420 752 2475 alias
768 2421 858 2475 iuerat
876 2421 1047 2489 sagittatum.
1083 2421 1204 2474 Ventum
1222 2428 1265 2474 est

116 2502 198 2571 igitur
214 2503 251 2557 ad
268 2505 321 2558 hoc
337 2515 367 2558 ut
384 2505 538 2559 secundum
555 2503 774 2574 disposicionem
791 2503 906 2559 rectoris
924 2503 1029 2573 sagitta
1046 2503 1218 2573 acciperetur
1236 2512 1264 2557 et
1281 2517 1309 2566 25

115 2602 165 2654 per
177 2601 244 2640 suos
255 2587 292 2640 ad
307 2587 398 2641 locum
410 2586 513 2642 vicarie
526 2604 576 2658 per
588 2603 689 2656 aquam
707 2587 743 2641 de
757 2585 960 2656 Billingsgate²
972 2585 1000 2640 in
1014 2587 1159 2641 Londonia
1174 2586 1264 2640 deier-

115 2679 198 2723 retur.
237 2670 346 2724 latrant
364 2671 498 2724 batellum
516 2686 572 2740 quo
585 2667 716 2725 vlterius³
730 2669 767 2723 ad
785 2671 876 2724 locum
894 2669 996 2724 vicarie
1014 2669 1188 2738 processuri:
1210 2679 1265 2724 stat

116 2752 233 2806 batellus
250 2752 279 2806 in
292 2770 374 2824 aqua,
387 2755 462 2808 nullo
474 2753 568 2820 modo,
581 2755 657 2807 nulla
673 2763 733 2806 arte
746 2751 859 2807 vlterius
872 2751 992 2807 ductilis.
1030 2751 1115 2820 Quod
1127 2751 1264 2819 videntes,

117 2835 293 2905 suspicantur
302 2836 379 2906 quod
388 2836 492 2905 sagitta
504 2837 540 2890 sit
553 2837 581 2889 in
592 2853 686 2903 causa,
694 2835 739 2889 vel
751 2834 849 2905 pocius
862 2834 977 2889 rectoris
990 2834 1112 2888 intencio
1123 2834 1264 2889 alienandi

49 2911 52 2916 ’
117 2935 178 2972 eam
191 2919 227 2972 ab
240 2919 359 2973 ecclesia
372 2919 461 2974 sancti
470 2919 622 2987 Edmundi,
632 2918 710 2973 cuius
724 2934 834 2972 sacrum
847 2927 906 2971 erat
918 2917 1088 2983 memoriane,
1098 2927 1126 2972 et
1140 2916 1262 2986 speciale
1279 2935 1310 2983 50

116 3001 169 3055 loci
183 3000 280 3056 iocale.
318 3001 423 3057 Dicunt
437 3001 551 3073 quidam
570 3019 683 3057 eorum:
703 3001 750 3057 ‘Si
763 3001 816 3056 hec
829 3000 865 3055 sit
878 3016 972 3067 causa,
982 2999 1038 3054 cito
1052 2999 1263 3069 perpendemus.

117 3085 204 3138 Exeat
216 3086 253 3139 de
265 3084 368 3139 batello
380 3085 427 3156 qui
440 3085 572 3160 sagittam
585 3095 678 3155 portat
689 3103 697 3152 3
716 3084 739 3139 si
752 3084 870 3138 absente
883 3083 987 3152 sagitta
999 3083 1118 3136 batellus
1132 3083 1265 3137 reddatur

117 3165 236 3234 ductilis,
255 3177 362 3222 certum
386 3167 470 3222 nobis
494 3185 557 3223 esse
576 3179 667 3238 potest
689 3169 763 3238 quod
786 3165 965 3221 immobilitas
986 3165 1081 3220 batelli
1104 3167 1141 3219 ad
1163 3165 1264 3234 sagitte

118 3265 229 3304 causam
250 3250 388 3321 pertinet!
425 3251 472 3306 Fit
494 3251 569 3322 quod
587 3251 751 3320 condicitur,
769 3249 824 3306 exit
843 3259 958 3320 portans
977 3247 1110 3318 sagittam
1127 3258 1156 3303 et
1179 3249 1263 3303 ceteri

118 3343 279 3387 remanent:
299 3334 409 3388 ductilis
427 3333 554 3388 redditur
571 3335 690 3389 batellus
708 3334 745 3388 ad
761 3349 966 3404 quamcumque
985 3343 1094 3403 partem
1107 3334 1202 3387 volunt
1217 3332 1263 3402 qui
1279 3349 1308 3398 35

120 3415 192 3470 inea
205 3426 406 3471 remanserunt.
442 3417 592 3486 Excogitat
609 3429 700 3472 rector
712 3418 786 3488 quod
802 3417 905 3486 sagitta
922 3417 970 3471 illa
987 3433 1038 3486 per
1050 3426 1152 3470 terram
1169 3423 1264 3485 posset

117 3498 214 3552 deieni
233 3499 271 3553 ad
288 3500 381 3554 locum
396 3499 516 3554 vicarie:
538 3501 654 3556 veniens
673 3499 757 3570 igitur
776 3515 860 3570 super
877 3510 992 3569 pontem
1011 3499 1057 3569 qui
1076 3517 1138 3554 eam
1158 3497 1263 3564 detulit,

117 3581 190 3636 nullo
208 3581 353 3637 visibiliter
374 3581 427 3637 sibi
447 3583 599 3639 obsistente
620 3584 730 3638 obicem
752 3582 920 3638 inuisibilem
939 3598 1022 3651 super
1040 3582 1131 3651 ipsum
1150 3592 1265 3651 pontem

118 3663 230 3732 inuenit,
243 3666 319 3735 quod
331 3666 406 3720 nullo
419 3677 503 3736 pacto
515 3666 603 3737 potuit
616 3667 730 3722 vlterius
741 3683 838 3721 versus
852 3667 944 3720 locum
957 3675 1091 3720 statutum
1104 3665 1263 3732 procedere.

119 3747 231 3816 Cogitur
249 3747 335 3817 igitur
352 3748 419 3803 velit
438 3749 507 3804 nolit
528 3749 617 3804 redire
638 3761 666 3804 et
688 3747 818 3818 sagittam
840 3747 877 3802 ad
899 3749 990 3801 locum
1010 3763 1091 3800 suum
1113 3754 1262 3815 reportare
1279 3765 1310 3812 ⁴0

120 3831 179 3885 Hec
197 3847 302 3899 magna
319 3841 346 3886 et
363 3831 501 3886 mirabilia
514 3832 644 3901 dignatus
661 3843 703 3887 est
719 3831 747 3886 in
763 3829 858 3902 paruis
873 3830 963 3883 facere
980 3827 1116 3881 maximus
1134 3827 1162 3880 in
1175 3828 1263 3882 sancti

119 3912 258 3968 Edmundi
282 3913 416 3980 fauorem,
437 3923 467 3969 vt
492 3915 621 3971 ostendat
643 3914 732 3986 qualis
756 3912 851 3983 gracie
876 3911 911 3966 sit
935 3909 1011 3980 apud
1034 3925 1098 3964 eum
1119 3909 1209 3964 eciam
1234 3909 1263 3963 in

119 4011 234 4064 magnis.

148 4141 155 4172 ¹
172 4141 227 4194 MS.
240 4157 298 4208 quo.
441 4143 452 4174 ¹
469 4143 523 4195 MS.
536 4145 688 4211 Billingaste.
833 4143 842 4174 ³
860 4141 914 4193 MS.
926 4157 975 4206 qua
986 4140 1095 4200 ulterius,
1106 4140 1230 4206 repeated.
