3012 4898
298 304 373 400 ma
396 305 653 409 leutranno
679 303 836 398 suoru
860 305 1049 409 turnicii.
1182 332 1254 403 293

94 505 237 572 [assu
250 509 332 560 auu:

403 589 424 624 r.
444 575 485 625 De
502 574 680 626 Puaoaroruo
697 591 790 626 saacrr
808 575 930 626 Pararcrr
937 575 953 625 ¹.

163 663 216 712 Una
232 673 318 714 autem
334 665 425 715 beatus
440 665 565 716 Patricius
582 683 630 730 per
645 667 797 716 Hiberniam
813 667 960 730 predicaret
976 673 1003 716 et
1019 666 1128 716 iunctum
1144 666 1179 716 ibi
1196 681 1254 730 per·

26 803 32 810 ,
195 743 322 792 modicum
338 743 440 806 iaceret,
453 752 602 808 terroreque
617 746 777 796 infernalium
794 753 981 795 tormentorum
999 753 1026 795 et
1042 761 1131 794 amore
1148 745 1253 808 gaudio-

45 883 50 889 ·
96 835 157 868 rum
170 821 282 882 paradisi
293 837 339 871 eos
350 823 383 871 ad
395 823 472 871 fidem
483 833 637 873 conuertere
648 825 740 876 uellet:
758 825 887 884 dicebant,
896 825 930 873 ad
942 825 1072 874 Christum
1083 839 1113 874 se
1122 840 1253 887 nunquam

31 890 44 954 ’,
95 913 285 958 conuersuros,
302 915 351 949 nec
366 915 414 963 pro
432 902 561 950 miraculis
575 903 607 952 ab
622 919 654 951 eo
671 902 750 964 iactis,
764 903 814 951 nisi
832 910 961 952 tormenta
977 902 1101 950 malorum
1118 911 1145 952 et
1161 903 1253 965 gaudia

16 977 37 991 ”
94 977 227 1026 bonorum
238 979 331 1027 intueri
347 987 462 1040 possent,
474 981 595 1042 quatinus
612 981 689 1029 rebus
706 981 770 1030 uisis
787 982 915 1030 cerciores
927 980 1020 1029 fierent
1031 995 1106 1042 quana
1119 983 1253 1043 promissis
1266 989 1281 1038 5

94 1063 126 1104 et
145 1056 293 1117 predicaris.
335 1057 448 1121 Rogauit
465 1073 529 1120 ergo
548 1067 653 1108 sanctus
676 1058 803 1108 Patricius
822 1059 953 1108 dominum
975 1064 1004 1106 ut
1023 1058 1127 1120 aliquod
1150 1061 1251 1120 signum

94 1135 253 1183 ostenderet
280 1149 328 1197 per
350 1137 419 1197 quod
444 1135 486 1184 uel
513 1137 595 1186 territi
623 1137 778 1200 peniterent.
820 1135 892 1186 Tunc
920 1137 1040 1185 dominus
1067 1136 1201 1186 uisibiliter
1227 1138 1252 1187 ei

15 1242 38 1261 ,f
93 1220 347 1274 apparens.textum
365 1215 559 1276 euangeliorum
577 1221 604 1264 et
620 1215 737 1264 baculum
754 1231 832 1264 unum
850 1215 922 1264 dedit
938 1215 970 1264 ei.
1005 1214 1056 1276 Qui
1071 1215 1142 1263 iussu
1155 1215 1252 1264 domini

93 1291 125 1339 in
144 1291 255 1352 quodam
271 1291 330 1341 loco
346 1293 469 1341 circulum
485 1308 605 1354 magnum
622 1309 679 1342 curn
696 1294 788 1343 baculu
804 1294 969 1356 designauit:
986 1301 1013 1343 et
1028 1301 1096 1342 terra
1110 1294 1193 1343 cirea*
1203 1295 1251 1343 cir-

14 1403 26 1416 -.
93 1369 186 1418 culum
202 1385 232 1418 se
242 1371 351 1432 aperuit,
367 1377 394 1419 et
405 1377 498 1432 puteus
510 1386 618 1433 magnus
630 1379 657 1420 et
667 1372 809 1434 profundus
821 1371 916 1420 ibidem
935 1372 1062 1434 apparuit.
1098 1372 1251 1422 Reuelatum
1267 1389 1297 1426 ιο

14 1433 30 1518 J·
93 1455 141 1496 est
152 1455 238 1496 autem
249 1449 273 1497 ei
284 1463 300 1497 a
312 1450 416 1498 domino
428 1450 496 1511 quod
508 1449 541 1497 ibi
558 1451 660 1512 quidam
672 1451 813 1513 purgatorii
825 1449 897 1499 locus
908 1457 994 1508 esset;
1011 1451 1037 1498 in
1053 1466 1129 1512 quem
1146 1451 1251 1513 quicun-

93 1541 151 1588 que
162 1526 322 1576 descendere
333 1527 420 1588 uellet,
433 1527 484 1576 alia
500 1527 548 1576 sibi
561 1529 707 1590 penitencia
725 1543 777 1576 non
796 1533 906 1577 restaret
919 1542 968 1576 nec
983 1527 1060 1576 alium
1075 1544 1124 1591 pro
1138 1531 1252 1591 peccetis

13 1667 31 1678 ..
93 1605 275 1667 purgatorium
289 1607 403 1655 sentiret.
441 1605 515 1654 llulti
531 1613 617 1655 autern
633 1607 845 1668 ingrediebantur
862 1605 906 1668 qui
924 1621 977 1654 non
996 1606 1206 1668 reuertebantur3
1225 1616 1251 1657 et

92 1682 143 1744 qui
153 1683 292 1744 redierunt,
300 1699 347 1732 eos
354 1700 370 1733 a
379 1699 454 1734 mane
463 1699 544 1746 usque
553 1684 579 1732 in
586 1700 700 1747 sequens
707 1701 783 1734 mane
793 1684 887 1734 ibidem
895 1699 993 1733 moram
1002 1684 1087 1734 iacere
1094 1692 1227 1747 oporteret
1231 1685 1248 1737 ⁸.

17 1755 21 1762 ’
93 1747 225 1822 Contigit
235 1761 305 1810 enim
316 1769 433 1824 tempore
448 1763 518 1825 regis
532 1763 628 1825 Anglie
645 1763 778 1826 Stephani,
791 1763 859 1812 circa
869 1777 965 1811 annum
981 1763 1077 1811 domini
1088 1763 1250 1813 millesimum
1266 1783 1295 1832 ¹5

13 1843 23 1880 Γ
91 1840 267 1888 centesimum
287 1841 485 1902 sexageimum,
503 1841 608 1890 militem
632 1843 761 1903 quendam
780 1841 903 1890 Owinum
926 1841 1030 1889 nomine
1049 1841 1082 1890 ad
1101 1843 1250 1904 episcopum

92 1917 166 1966 illius
186 1917 236 1966 loci
253 1917 425 1967 consessionis
443 1918 530 1980 gracia
548 1919 645 1967 uenire.
680 1919 763 1980 Quem
784 1933 906 1982 cumpro
926 1919 1038 1981 peccatis
1058 1919 1204 1981 increparet
1224 1926 1251 1970 et

12 2023 23 2051 v,
91 1996 168 2044 illum
186 1996 263 2044 deum
279 1997 394 2058 grauiter
410 1996 550 2046 offendisse
567 1997 673 2060 diceret,
687 1997 739 2048 ait:
758 1997 852 2058 ‘Dum,
864 2004 892 2046 ut
907 1997 1009 2057 asseris,
1026 1996 1149 2046 factorem
1166 2013 1250 2046 meum

12 2111 22 2139 3
93 2075 122 2122 in
144 2081 245 2122 tantum
261 2074 368 2123 babmm
385 2074 520 2134 offensum,
541 2073 714 2136 penitenciam
734 2076 851 2124 omnibns
871 2075 1026 2137 penitenciis
1044 2075 1188 2136 grauiorem
1211 2089 1251 2125 as·

12 2209 13 2214 ¹
91 2167 213 2202 sumam:
231 2153 404 2215 purgatorium
413 2153 495 2202 sancti
504 2152 607 2202 Patricii
615 2153 711 2203 intrare
722 2155 790 2218 uolo,
800 2161 828 2202 ut
839 2153 1015 2202 remissionem
1023 2168 1123 2202 merear
1133 2153 1250 2216 accipere
1265 2173 1296 2209 πο

91 2231 278 2294 peccatorum)
313 2231 459 2294 Episcopus
469 2237 554 2280 autem
566 2231 616 2280 boc
627 2232 756 2292 dissuasit,
769 2233 859 2282 dicens
870 2232 939 2294 quod
950 2231 1022 2280 multi
1034 2232 1061 2280 in
1073 2247 1106 2280 eo
1117 2233 1251 2294 perierunt

11 2313 13 2318 ’
91 2309 140 2370 qui
154 2308 218 2358 illud
229 2311 404 2371 purgatorium
416 2311 583 2358 intrauerunt.
620 2309 653 2358 Et
669 2325 727 2358 cunr
739 2310 827 2359 militis
842 2311 954 2358 animum
972 2309 1076 2358 llectere
1087 2324 1140 2357 non
1151 2318 1250 2372 posset,

11 2399 17 2459 ᾗ
91 2401 146 2451 per
157 2387 240 2449 ipsum
258 2387 363 2437 mittem
374 2387 509 2450 epistolant
521 2388 652 2436 mandauit
667 2387 777 2437 ecclesie
789 2387 856 2436 illius
874 2387 951 2450 priori
963 2388 1082 2450 quatinus
1099 2403 1162 2450 erga
1179 2387 1249 2436 illum

10 2463 12 2494 3
93 2471 189 2526 ageret
213 2466 280 2514 sicut
301 2481 363 2527 erga
385 2467 515 2514 hominem
537 2465 581 2528 qui
604 2466 780 2529 purgatorium
802 2466 909 2514 intraret
931 2464 972 2528 agi
994 2465 1134 2517 debuisset.
1176 2465 1250 2514 Prior

95 2545 177 2602 enim,
188 2559 337 2607 proponens
348 2545 372 2593 ei
386 2544 495 2594 aliorum
507 2545 534 2594 in
549 2561 581 2594 eo
597 2545 774 2607 perdicionem
792 2552 819 2595 et
836 2545 986 2607 periculum,
997 2544 1079 2593 uoluit
1090 2561 1105 2594 a
1116 2545 1249 2608 proposito
1264 2560 1293 2610 ²⁵

10 2647 12 2666 1
95 2623 186 2671 militis
200 2623 314 2671 animum
331 2623 450 2672 flectere:
466 2630 516 2684 set,
533 2625 593 2686 quia
609 2639 643 2672 ex
658 2624 737 2672 corde
750 2623 859 2686 penituit
875 2637 905 2672 se
920 2623 996 2672 deurn
1013 2621 1162 2682 offendisse,
1181 2623 1249 2672 ilecti

95 2717 111 2750 a
123 2702 259 2762 proposito
272 2700 342 2749 nulla
351 2702 530 2750 admonicione
540 2702 632 2765 potuit.
667 2700 742 2750 Prior
758 2701 836 2763 igitur
853 2715 912 2750 eum
929 2701 956 2749 in
970 2701 1104 2750 ecclesiam
1116 2701 1205 2759 duxit;
1221 2702 1248 2750 in

10 2807 12 2814 ι
94 2795 147 2841 qua
158 2779 304 2840 quindecim
315 2780 455 2828 secundum
467 2795 564 2828 morena
576 2780 667 2829 diebus
679 2779 840 2829 oracionibus
852 2779 959 2830 uacauit.
996 2778 1249 2841 Sicqueairatribns

10 2921 11 2924 Ἴ
95 2857 301 2916 etclerouicino,
309 2858 342 2906 ad
351 2859 400 2906 hoc
409 2865 559 2922 conuocato,
568 2859 730 2922 missamque
739 2857 1248 2920 celebratur3adquammilescommuni·

94 2943 177 2998 catus,
186 2936 219 2985 ad
227 2935 298 2984 iosse
307 2935 436 2985 introitum
446 2951 511 2998 aqua
519 2937 654 2985 benedicta
662 2951 782 2998 aspersus
789 2951 845 2986 curn
855 2937 1024 2998 processione
1030 2943 1057 2984 et
1065 2934 1162 2984 letania
1168 2936 1248 2985 dedu·
1261 2951 1294 3000 30

94 3015 171 3064 citur.
206 3013 282 3063 Prior
291 3019 377 3064 autern
388 3021 479 3076 aperto
491 3015 576 3064 hostio
591 3016 629 3064 sic
641 3030 726 3064 coram
741 3015 860 3064 omnibus
872 3015 955 3064 eidem
967 3013 1039 3062 militi
1051 3012 1134 3062 dixit:
1152 3013 1247 3074 Ἥρω,

94 3093 183 3152 irater,
197 3093 238 3142 bic
253 3099 294 3142 est
311 3093 381 3141 locus
397 3092 441 3142 ille
454 3108 530 3155 quem
541 3093 614 3155 cupis
629 3093 750 3150 introire:
767 3094 789 3142 si
806 3093 901 3141 nostris
917 3093 1063 3155 adquiescis
1079 3091 1203 3153 consiliis,
1214 3092 1247 3141 ab

94 3173 147 3221 hoc
160 3171 292 3234 proposito
304 3171 409 3220 omnino
425 3171 564 3220 reuerteris
581 3179 608 3221 et
625 3171 702 3220 uitam
717 3178 785 3220 tuam
802 3172 829 3219 in
843 3173 892 3220 hoc
910 3170 1000 3220 seculo
1013 3170 1065 3220 alio
1080 3171 1158 3220 modo
1169 3171 1247 3219 corri-

94 3265 161 3313 gere
171 3258 199 3298 et
209 3249 347 3298 emendare
358 3250 467 3299 curabis.
502 3250 554 3299 Hic
566 3250 636 3299 enim
652 3249 724 3298 multi
736 3250 891 3299 introierunt
906 3249 950 3312 qui
965 3265 1094 3312 nunquam
1105 3249 1247 3310 redierunt,

93 3328 158 3390 quia
169 3342 216 3390 per
225 3328 286 3376 fidei
297 3328 496 3378 inconstantiam
509 3335 536 3376 et
547 3334 734 3377 tormentorum
750 3327 953 3377 intolleranciam
965 3335 992 3376 et
1004 3343 1113 3391 corpore
1124 3335 1151 3376 et
1162 3327 1246 3376 anima
1260 3341 1291 3392 35

93 3407 203 3456 omnino
220 3407 360 3469 perierunt.
394 3406 494 3467 Quodsi
511 3407 607 3455 intrare
624 3406 745 3467 uolueris,
764 3421 825 3456 ecce
842 3407 868 3454 in
886 3406 991 3455 nomine
1008 3407 1107 3456 domini
1122 3405 1245 3466 intrabis:

92 3493 120 3535 et
140 3499 188 3547 per
202 3485 389 3534 concauitatem
408 3491 476 3533 terre
495 3485 592 3533 tamdiu
611 3484 759 3548 ambulabis,
778 3486 862 3533 donec
880 3485 906 3532 in
924 3499 1042 3546 campum
1057 3499 1135 3533 unum
1152 3480 1245 3543 exibis,

91 3567 120 3615 in
133 3579 186 3625 quo
196 3563 315 3612 inuenies
332 3563 413 3612 aulam
428 3579 504 3612 unarn
521 3563 731 3613 artificiosissime
748 3563 901 3612 fabricatam.
935 3563 1019 3624 Quam
1031 3579 1087 3612 cum
1101 3563 1244 3625 intraueris,

91 3659 128 3692 ex
146 3650 220 3704 parte
238 3641 280 3690 dei
297 3642 383 3690 statim
401 3641 511 3690 nuncios
528 3641 634 3690 habebis
651 3641 694 3703 qui
709 3641 754 3690 tibi
771 3642 833 3703 quid
850 3640 929 3690 facies
946 3643 989 3703 pie
1006 3641 1159 3701 indicabunt,
1177 3649 1203 3691 et
1220 3649 1245 3690 te

91 3722 179 3772 solum
197 3720 383 3782 relinquentes,
395 3720 428 3769 de
441 3721 500 3769 aula
515 3720 629 3770 exibunt.
664 3719 707 3769 Sic
725 3721 794 3769 enirn
809 3719 932 3782 scripturn
948 3721 1058 3770 babetur
1073 3721 1192 3769 euenisse
1207 3719 1245 3769 eis
1258 3734 1291 3782 4ο

91 3801 139 3863 qui
160 3799 312 3847 introierunt
331 3805 391 3846 ante
409 3796 454 3848 te.'
487 3796 532 3846 Vir
546 3805 631 3846 antem
649 3797 748 3846 uirilem
764 3813 858 3859 gerens
874 3798 900 3846 in
917 3805 1023 3859 pectore
1039 3798 1159 3858 animum,
1176 3798 1245 3859 quod

91 3879 176 3928 eciam
189 3877 253 3925 alios
264 3876 430 3925 absorbuerat
442 3890 495 3924 non
507 3875 625 3924 formidat
637 3875 788 3937 periculum.
820 3875 866 3924 Vis
877 3875 947 3924 enim
964 3875 1061 3924 doloris
1073 3890 1120 3937 pro
1132 3875 1245 3936 peccatis

91 3956 254 4017 contempnit
266 3955 386 4003 uniuersa
397 3969 448 4016 que
462 3953 486 4002 ei
502 3953 588 4003 uerbis
603 3954 654 4001 ullo
667 3954 744 4002 modo
761 3953 862 4003 ostendi
877 3960 1003 4016 possunt;
1021 3953 1095 4014 culpe
1107 3968 1157 4015 que
1168 3952 1201 4001 ab
1212 3967 1245 4001 eo

90 4035 246 4086 sentiuntur
261 4033 422 4094 intrinsecus,
436 4039 564 4081 tormenta
580 4033 695 4081 exterius
712 4033 798 4081 audita
815 4039 1007 4094 contempnunt.
1044 4031 1118 4080 Prius
1135 4045 1244 4093 namque

89 4128 122 4162 se
131 4111 247 4161 omnium
256 4111 370 4160 oracioni
378 4111 569 4171 commendans,
578 4112 686 4160 dextera
696 4110 796 4160 eleuata
805 4110 883 4159 ironti
894 4124 940 4159 sne
951 4111 1052 4172 signum
1061 4115 1150 4158 sancte
1161 4108 1245 4159 crucis
1256 4125 1289 4176 45

125 4247 133 4278 ¹
151 4247 214 4298 abr.
226 4248 292 4297 irum
302 4247 432 4298 Henricus
440 4250 473 4297 de
486 4247 597 4297 Salteria
609 4248 724 4309 (Saltrey
733 4247 759 4296 in
772 4246 1037 4309 Huntingdomhirel,
1048 4247 1081 4295 de
1092 4245 1244 4308 Purgatorio

90 4317 118 4366 S.
139 4313 178 4374 P.,
196 4315 237 4364 ed.
257 4313 431 4376 llessingham
450 4313 534 4363 l'loril
553 4328 578 4375 p.
595 4328 636 4378 91,
654 4314 754 4375 Colgan
772 4313 807 4363 ll.
825 4328 874 4374 ²74
892 4313 943 4376 (ior
955 4313 1033 4364 MSS.
1049 4327 1094 4363 see
1113 4311 1205 4374 Hardy
1223 4312 1244 4363 l.

91 4398 123 4445 72
135 4379 187 4446 ff.);
205 4379 318 4441 besides,
331 4379 456 4443 Legenda
465 4394 520 4430 aur.
533 4379 581 4428 has
592 4381 658 4428 been
670 4380 742 4429 used.
803 4377 813 4406 ¹
830 4377 858 4428 T.
872 4379 940 4428 circa
951 4379 1026 4431 circa.
1087 4375 1152 4430 'Ci
1168 4378 1196 4430 1.
1207 4376 1241 4430 Α.
