3028 4894
259 281 334 376 456
573 275 704 365 mma
730 270 920 375 [tumida
943 269 1095 374 fluuii&

259 489 320 537 tam
334 477 413 537 letus
429 485 459 536 et
475 475 569 551 gratie
582 475 692 550 plenus
706 474 852 550 appamit,
865 483 897 532 vt
909 491 979 532 eum
991 472 1103 546 aliquid
1115 471 1293 546 angelicum
1306 471 1411 530 babere

259 567 326 640 ipsa
343 565 420 624 visio
438 564 591 622 indicaret
674 551 767 622 Mors
784 563 915 632 tandem,
933 560 1043 618 sarnuni
1061 561 1215 634 pontilicis
1237 560 1368 634 Eugenii
1385 571 1412 617 et

257 653 475 726 archiepiscopi
489 651 614 710 Hemici
626 651 657 708 in
669 669 730 708 vno
746 652 914 724 eodemque
927 649 975 706 die
987 649 1079 706 vitam
1090 649 1242 706 violenter
1258 649 1411 722 abntpit¹:

258 758 316 814 que
337 739 443 814 spiritu
466 749 571 796 sancto
596 738 749 796 reuelante
774 739 861 795 beato
880 737 1033 794 Willelmo
1057 736 1189 794 reuelata
1214 745 1302 793 sunt.
1340 737 1412 794 Cum

229 835 358 890 tanum
378 827 437 886 illis
456 827 563 885 diebus
584 827 714 900 quedam
736 825 863 883 calcaria
882 825 1027 882 mirabilis
1045 825 1199 897 sculpture
1218 824 1413 881 wintoniensi

258 915 401 989 episcopo
414 931 432 972 a
443 913 653 972 transmarinis
671 913 808 987 partibus
826 912 953 970 luissent
970 911 1156 978 transmissa,
1169 929 1207 968 ea
1219 911 1310 969 vultu
1332 911 1413 968 hilari

258 1003 322 1059 viro
343 1003 392 1060 dei
411 1002 525 1071 obtulit,
543 1001 653 1074 quibus
675 1000 829 1074 inspectis,
848 1017 904 1074 per
921 1000 1057 1056 ordinem
1079 999 1107 1056 ei
1128 1001 1270 1072 aperuit'
1287 1002 1415 1074 qualiter

257 1089 382 1162 predicti
402 1099 506 1164 patres
524 1105 584 1146 vno
599 1089 767 1162 eodemque
786 1089 834 1146 die
852 1087 882 1144 in
898 1087 1027 1144 diuersis
1042 1096 1190 1144 terrarum
1209 1086 1288 1144 locis
1307 1088 1342 1144 in
1360 1088 1415 1144 iata

258 1179 475 1246 decesserunt3
500 1175 645 1234 adiiciens
663 1177 744 1250 quod
765 1176 925 1233 cardinalis
943 1175 994 1232 ille
1011 1175 1062 1247 qui
1084 1174 1242 1232 electionis
1264 1191 1325 1232 sue
1348 1193 1415 1248 pre·

214 1277 245 1316 ¹0
258 1265 364 1338 cipuus
395 1263 539 1322 defensor
562 1263 711 1332 extiterat,
737 1263 872 1320 lelicibus
903 1262 1044 1336 auspiciis
1073 1263 1219 1333 eleustus,
1245 1263 1414 1336 apostolice

257 1352 409 1426 dignitatis
434 1351 553 1410 culmen
578 1351 720 1409 ascendit
765 1349 954 1408 Venerabilis
981 1350 1080 1423 itaque
1107 1366 1247 1406 summus
1274 1351 1414 1423 pontifex

257 1441 390 1498 veritatis
409 1449 533 1510 amator,
551 1438 744 1496 eboracensis
765 1439 893 1496 ecclesie
911 1437 1063 1495 canonicis
1079 1438 1200 1494 besum
1219 1436 1413 1494 Willelmum

258 1529 366 1585 iterum
391 1527 580 1601 eligentibus,
605 1527 783 1584 electionem
806 1525 1012 1595 confirmauit;
1037 1533 1067 1581 et
1094 1524 1145 1597 [ei]
1170 1526 1412 1582 consecrationis

257 1632 367 1672 munus
377 1615 531 1688 impendit.
561 1613 695 1671 Rediens
703 1613 905 1686 igiturvirdei
914 1630 983 1670 cum
993 1629 1048 1687 per
1057 1621 1179 1686 pontem
1186 1612 1273 1669 vrbis
1285 1613 1412 1670 Eboraci
1495 1631 1496 1644 ¹

214 1713 243 1766 ¹5
257 1703 415 1760 transitum
427 1702 547 1770 faceret,
560 1701 663 1776 populi
676 1703 831 1774 sequentis
844 1699 1067 1774 ponderositate
1083 1709 1171 1772 rupto
1183 1709 1288 1772 ponte,
1301 1717 1412 1774 magna

256 1790 354 1862 plebis
367 1807 438 1864 para
455 1789 486 1846 in
503 1805 580 1863 aque
596 1789 780 1863 profundum
793 1787 916 1846 cecidit:
936 1789 990 1844 sed
1009 1805 1027 1844 a
1045 1797 1149 1844 sancto
1167 1787 1316 1861 episeopo
1334 1789 1412 1845 iacto
1497 1859 1498 1866 ἶ

257 1879 353 1936 crucis
366 1877 461 1950 signo,
474 1887 504 1936 et
516 1876 650 1934 oratione
663 1875 737 1944 filas,
750 1877 788 1934 ab
800 1876 882 1933 omni
900 1875 1032 1948 periculo
1049 1875 1207 1932 incolumis
1219 1885 1249 1932 et
1267 1876 1358 1934 illesa
1373 1878 1410 1933 ad
1498 1923 1499 1926 η

257 1975 369 2023 terram
383 1963 485 2022 euasit
525 1963 645 2038 Elapsis
658 1972 727 2037 post
737 1964 792 2022 hec
805 1964 915 2037 aliquot
927 1963 1023 2034 annis,
1032 1963 1140 2037 plenus
1153 1963 1240 2020 bonis
1252 1965 1410 2038 operibus,

257 2051 439 2122 elemosinis,
451 2051 578 2121 ieiuniis,
590 2051 709 2124 vigiliis,
724 2061 755 2108 et
773 2051 855 2108 omni
873 2051 1028 2108 sanctitate
1046 2053 1103 2108 deo
1119 2051 1253 2124 placens,
1271 2070 1292 2110 a
1308 2053 1411 2110 seculo

213 2141 294 2198 acad
309 2141 400 2198 deum
415 2138 563 2214 migrauit,
576 2149 663 2197 sexto
679 2139 747 2196 idus
764 2139 846 2196 iunii.
883 2137 956 2196 Post
971 2138 1086 2196 obitum
1101 2155 1175 2196 vero
1190 2139 1257 2196 eius
1275 2142 1410 2213 puellam

256 2229 406 2300 quandam
432 2245 450 2286 a
472 2227 626 2286 natiuitate
648 2245 750 2285 cecam
770 2226 955 2292 illuminauit,
975 2235 1144 2284 contractos
1166 2235 1230 2284 tres
1251 2229 1411 2302 gressibus
1501 2207 1502 2242 ³

257 2315 393 2386 restituit,
406 2317 499 2374 surdo
512 2315 645 2372 auditum
655 2315 783 2388 prebuit,
796 2313 974 2388 ydropicum
988 2315 1113 2384 sanauit,
1125 2315 1324 2387 paraliticum,
1338 2317 1410 2388 (et)⁸
1502 2316 1503 2324 ’

257 2403 411 2476 leprosum
430 2412 530 2476 optate
549 2403 637 2460 saluti
656 2402 795 2472 reddidit,
814 2411 966 2459 mortuum
985 2401 1191 2471 resuscitauit3
1210 2412 1242 2460 et
1260 2421 1360 2478 vsque
1378 2407 1409 2462 in

256 2491 436 2548 hodiernum
452 2491 533 2548 diem
552 2490 582 2548 in
598 2490 663 2548 loco
677 2489 872 2563 requietionis
889 2489 955 2548 eius
970 2489 1163 2563 omnipotens
1179 2491 1324 2549 dominus
1339 2509 1411 2565 pre-

212 2595 242 2646 ¹5
257 2578 341 2636 cibus
354 2577 420 2636 eius
432 2587 462 2636 et
475 2577 590 2636 meritis
604 2577 746 2635 miracula
758 2577 896 2636 ostendit.
961 2565 1058 2636 Anno
1070 2585 1171 2634 autem
1184 2579 1301 2636 domini
1314 2581 1410 2638 mille·

256 2666 334 2722 simo
357 2665 565 2723 ducentesimo
589 2665 793 2739 octuagesimo
816 2665 904 2722 tertio
927 2665 1070 2722 translata
1098 2673 1169 2722 sunt
1195 2683 1266 2724 cum
1297 2685 1410 2742 magno

256 2753 371 2812 honore
382 2769 452 2811 ossa
465 2753 530 2812 eiua
542 2761 573 2812 et
585 2753 616 2810 in
629 2753 741 2812 scrinio
753 2753 891 2827 precioso
903 2753 1053 2810 collocata.

724 2947 750 3010 ii
769 2943 934 3006 Noorath&

290 3057 433 3129 Clericus
449 3069 571 3143 quidam
588 3067 709 3128 nomine
724 3069 875 3128 lohannes
890 3069 997 3126 tacitus
1016 3087 1119 3128 secum
1138 3070 1317 3144 proposuit⁸
1330 3072 1409 3130 ordi-

255 3173 326 3215 nem
341 3157 574 3228 cisterciensem,
587 3175 656 3215 cum
673 3157 705 3214 in
721 3174 776 3214 sua
793 3157 913 3215 nouella
929 3157 1112 3231 plantatione
1128 3157 1261 3230 floreret,
1275 3159 1408 3228 intrem

210 3254 243 3304 30
255 3246 310 3302 sed
324 3252 437 3302 mutato
449 3245 613 3320 proposito,
625 3246 657 3302 in
674 3245 986 3320 recompensationem
1002 3245 1049 3304 sui
1068 3245 1215 3320 propositi
1231 3249 1408 3322 peregrina·

255 3332 367 3390 tionem
380 3333 476 3390 sancti
491 3332 589 3392 iacobi
603 3334 784 3407 aggreditur.
821 3333 965 3406 Cumque,
978 3350 1145 3407 regressus,
1158 3333 1188 3390 in
1201 3335 1342 3392 cubiculo
1353 3352 1409 3392 suo

254 3419 432 3493 quiesceret,
445 3437 516 3478 mox
534 3420 617 3478 affuit
635 3421 666 3478 in
685 3420 752 3478 visu
767 3421 874 3479 ihesus
887 3420 1024 3478 Christus
1040 3438 1109 3478 cum
1126 3421 1243 3478 duobus
1262 3425 1409 3496 apostolis

255 3507 345 3565 Petro
357 3517 388 3565 et
402 3508 517 3580 Iacobo,
529 3526 657 3582 quorum
672 3508 780 3567 Petrus
792 3509 901 3566 librum
915 3525 1005 3566 manu
1017 3509 1147 3576 tenebat,
1159 3526 1252 3582 quem
1265 3511 1409 3568 dominus

255 3595 367 3670 aperiri
387 3597 531 3670 precepit.
570 3595 642 3654 Erat
666 3605 766 3655 autem
788 3595 918 3670 scriptus
940 3596 1038 3654 aureis
1057 3596 1172 3667 litteris,
1191 3597 1318 3654 uomina
1339 3617 1409 3672 pre·

210 3701 241 3754 35
255 3683 470 3741 destinatorum
484 3683 650 3742 continens.
689 3684 794 3742 iussus
806 3701 879 3758 ergo
892 3684 1044 3758 apostolus
1059 3683 1138 3758 cepit
1154 3683 1276 3756 legere:
1295 3695 1408 3744 etcum

255 3771 296 3828 ibi
308 3770 423 3844 legeret
435 3788 545 3828 nomen
556 3770 698 3830 iohannis
711 3771 800 3841 illius,
809 3772 917 3842 ‘Tolle,
928 3772 968 3829 ait
980 3771 1129 3841 dominus,
1137 3772 1224 3843 tolle3
1244 3774 1314 3830 dele
1326 3792 1408 3843 eum,

255 3859 341 3930 dele;
360 3857 430 3932 quia
442 3875 544 3916 meum
557 3877 592 3918 se
607 3860 739 3917 futurum
752 3860 933 3934 promiserat
944 3869 975 3916 et
988 3859 1091 3918 resiliit
1108 3859 1310 3933 apmntisso’
1347 3864 1408 3920 Ac·

255 3948 368 4004 cedens
386 3955 487 4004 autem
504 3946 611 4004 beatus
625 3947 751 4005 Iacobus
769 3956 799 4006 et
817 3948 981 4006 obsecrans
999 3947 1136 4006 dicebat:
1155 3947 1304 4007 ‘Domine
1321 3951 1407 4020 deus,

255 4051 342 4091 meus
354 4043 405 4091 est
414 4035 610 4108 peregrinus;
632 4053 671 4093 ne
680 4035 791 4106 deleas,
800 4036 935 4104 obsecro,
945 4052 1056 4092 nomen
1065 4035 1149 4092 eius.¹
1181 4035 1237 4092 Cui
1246 4037 1405 4096 dominus:

208 4139 242 4188 4ο
255 4121 363 4194 ‘Tuus,
376 4120 479 4194 inquit,
493 4122 672 4196 peregrinus
684 4131 730 4181 est
740 4122 760 4195 ⁸,
773 4125 828 4182 sed
841 4123 916 4182 ciuis
929 4141 998 4182 esse
1010 4124 1163 4181 debuerat.
1188 4123 1298 4181 Nonne
1311 4125 1406 4182 maius

287 4283 342 4335 ιΕ.
355 4287 464 4349 obrupit
583 4285 777 4352 'Rappantit
897 4289 976 4338 ⁸0m.
987 4289 1014 4338 in
1026 4289 1055 4338 T.
1174 4287 1328 4340 ‘tumne
1341 4289 1403 4341 Beli

255 4349 351 4401 XXVI.
363 4367 404 4410 42.
502 4351 512 4382 ⁸
529 4352 559 4403 li.
571 4355 714 4417 proposuit
811 4352 821 4383 ⁸
836 4354 893 4406 VB.
906 4354 990 4420 bleus,
1001 4355 1090 4418 inquit,
1104 4369 1157 4404 non
1168 4356 1334 4418 pereminus.
