3046 4902
115 224 177 277 us.
191 223 266 276 sn.
276 224 347 292 ato-1
378 207 454 302 Dr
473 197 534 296 b.
552 207 768 294 eumenus
789 221 884 310 tent
904 213 944 294 st
964 213 1153 312 mattrtt.
1195 216 1270 304 639

205 411 354 482 Incipiunt
364 411 505 467 miracula
515 413 623 484 sm'pta
633 411 669 466 ab
683 411 795 467 Osberto
801 413 901 483 priore
919 409 1187 467 Westmonastmt·².

230 525 280 578 DE
298 536 433 589 QUADAM
452 537 573 581 PUELLA
591 537 634 580 Da
653 526 760 580 Cultu
778 536 962 581 CONTRACTA
981 536 1021 580 ET
1039 537 1169 580 SANATA.

186 637 311 708 Empore
329 637 402 710 regis
422 637 539 694 Henrici
561 637 643 709 primi
665 637 787 709 quedam
805 639 899 708 puella
918 637 954 692 de
976 638 1067 706 Clara,
1088 638 1216 694 manibus
1237 655 1272 694 ac

221 721 341 792 pedibus
365 721 546 793 cruribusque
570 731 722 787 contracta,
746 721 885 790 integrum
914 721 956 776 sui
987 721 1112 791 corporis
1140 721 1272 777 amiserat

120 803 251 872 officium,
268 821 320 860 nec
338 805 454 876 aliquod
471 805 580 876 vspiam
597 804 759 875 preualebat
778 802 898 874 reperire
915 803 1077 858 remedium.
1113 805 1159 859 Ab
1174 804 1271 860 amicis

122 887 208 958 igitur
221 887 279 943 suis
296 889 332 943 ad
350 888 495 944 basilicam
512 887 601 943 sancti
620 887 763 942 Edmundi
780 887 882 953 delata,
894 887 931 942 ab
943 887 1019 942 omni
1032 885 1193 942 infirmitate
1206 905 1271 942 con·

122 971 268 1026 ualesoens
287 970 400 1026 sanitati
419 971 580 1038 restituitur,
599 971 727 1042 regisque
745 969 858 1040 gloriosi
879 970 948 1025 fulta
966 969 1127 1041 patrociniis
1144 988 1163 1024 a
1180 971 1299 1034 cuntiss

122 1054 248 1110 molestie
260 1055 410 1126 corporalis
428 1055 581 1110 obstaculis
598 1065 728 1125 reparata
744 1054 833 1109 salute
849 1053 988 1108 liberatur.
1027 1055 1091 1108 Hoc
1108 1052 1271 1108 miraculum

122 1137 214 1194 retulit
235 1139 316 1192 nobis
337 1139 491 1193 monachus
513 1136 659 1208 religiosus
677 1137 791 1192 nomine
815 1137 952 1192 Radulius
970 1135 1018 1207 qui
1039 1136 1158 1207 propriis
1183 1135 1270 1191 oculis

122 1223 177 1277 hoc
189 1221 258 1276 vidit
271 1221 339 1288 lieri,
351 1220 454 1293 quique
466 1221 561 1277 multis
573 1221 655 1278 annis
668 1231 762 1276 custos
775 1220 802 1274 in
818 1218 937 1276 ecclesia
954 1221 1073 1275 deuotus
1090 1221 1128 1276 ad
1144 1236 1270 1275 mauseo-

123 1307 181 1359 lum
194 1304 268 1375 regis
284 1304 373 1360 extitit
386 1316 414 1361 et
426 1304 514 1360 multa
531 1305 587 1360 alia
602 1306 706 1360 athlete
722 1303 840 1375 precelsi
856 1303 996 1373 magnalia
1014 1305 1051 1359 ab
1067 1321 1101 1358 eo
1120 1312 1271 1374 conspecta

123 1389 259 1444 veraciter
275 1388 421 1444 enarrauit.
459 1389 570 1444 Eodem
582 1389 681 1443 ordine
692 1387 775 1442 nobis
793 1387 850 1443 lere
867 1386 961 1442 retulit
977 1399 1140 1442 renouatam
1153 1388 1271 1442 salutem
1286 1397 1317 1436 ιο

124 1471 236 1527 alterius
260 1473 350 1542 puelle
374 1488 459 1542 quam
483 1471 520 1526 de
549 1473 708 1542 Spaldyoge
737 1480 866 1541 parentes
892 1471 1064 1525 adduxerant
1090 1471 1128 1526 ad
1157 1471 1271 1526 beatum

123 1556 282 1611 martirem:
302 1554 484 1626 eandemque,
497 1571 584 1625 quam
595 1557 633 1611 ab
645 1555 741 1623 altera,
755 1555 792 1609 ab
805 1554 860 1608 ista
872 1553 988 1609 exclusit
1001 1553 1198 1610 infirmitatem.
1223 1553 1271 1610 Sic

124 1649 255 1710 operatur
278 1639 396 1693 dilectus
419 1648 515 1693 noster
537 1650 566 1694 et
589 1639 719 1709 princeps
744 1647 857 1692 sanctus
882 1636 1059 1704 Edmundus,
1083 1638 1220 1693 candidus
1243 1647 1272 1692 et

123 1721 301 1788 mbicundus,
322 1737 405 1794 quem
424 1730 453 1776 et
473 1721 556 1776 niuea
576 1721 721 1791 integritas
742 1719 833 1776 induit
850 1718 967 1790 virginei
988 1720 1122 1790 corporis,
1141 1730 1169 1775 et
1189 1737 1271 1776 rosea

124 1805 276 1862 circumdat
289 1805 384 1860 laurea
396 1804 522 1876 preciose
534 1804 681 1876 passionis.
1284 1815 1315 1866 15

379 1979 429 2033 DE
447 1989 633 2033 Paanttrtco
653 1988 796 2032 sortitam
816 1973 1016 2031 Restituto&

162 2130 339 2187 oomni.
353 2129 435 2186 a...
444 2132 531 2201 ..a
547 2129 797 2186 memma.
840 2087 1270 2229 Illltt‘ttllttlllll

124 2255 207 2324 mine,
219 2255 291 2311 ruris
303 2257 392 2311 cultor
403 2256 517 2326 quidam
530 2255 618 2312 extitit
632 2255 675 2312 cui
689 2255 817 2312 molestia
831 2257 957 2329 paralisis
967 2255 978 2288 ⁸
990 2256 1135 2314 dimidiam
1147 2255 1271 2327 corporis

124 2340 167 2396 sui
185 2351 293 2409 partem
311 2340 424 2395 ademit.
461 2341 552 2409 Quem
572 2340 642 2395 asini
661 2339 703 2395 sui
717 2339 846 2395 vehiculo
866 2341 1031 2412 inponentes
1050 2339 1140 2395 coloni
1160 2357 1272 2412 posses·

124 2422 211 2479 sionis
228 2421 301 2478 illius
316 2431 344 2478 et
359 2421 458 2478 affines
474 2423 513 2478 ad
525 2423 618 2478 villam
636 2433 664 2478 et
680 2423 828 2479 ecclesiam
844 2424 879 2480 de
898 2425 1167 2480 Beodricesuuorthe
1184 2423 1271 2479 dedu·
1285 2447 1317 2483 ιο

124 2516 197 2562 cunt
223 2505 278 2561 Vbi
292 2523 355 2561 cum
365 2505 493 2572 venisset,
505 2506 544 2560 ad
555 2505 629 2560 beati
642 2505 785 2560 Edmundi
799 2508 976 2578 sepulchrum
985 2508 1146 2578 prouolutus
1158 2508 1271 2578 exponit

124 2591 150 2646 ei
173 2589 334 2661 suppliciter
354 2589 541 2644 membrorum
562 2605 675 2644 suorum
696 2607 868 2660 erumpnam,
888 2608 990 2660 rogans
1012 2601 1042 2646 ut
1061 2609 1123 2646 sese
1141 2592 1202 2647 oleo
1222 2609 1271 2646 sue

124 2672 316 2730 miseracionis
333 2671 485 2727 delibutum
499 2673 653 2743 preueniat‚
672 2681 701 2727 et
715 2690 806 2728 rorem
825 2675 996 2730 salutiferum
1012 2674 1147 2729 membris
1161 2675 1271 2745 penitus

124 2757 268 2812 dissolutis
292 2754 428 2810 infundat.
465 2755 598 2825 Respexit
622 2755 705 2826 igitur
729 2772 793 2811 eum
814 2756 883 2812 deus
905 2767 934 2812 et
958 2757 1125 2812 Edmundus
1150 2755 1270 2811 christus

123 2841 192 2906 eius,
203 2850 230 2894 et
242 2840 317 2894 iuxta
330 2837 414 2893 fidem
426 2837 486 2894 eius
497 2848 526 2894 et
539 2839 646 2893 illorum
658 2839 705 2909 qui
718 2857 782 2894 eum
794 2840 966 2895 adduxerant
979 2839 1107 2910 sospitati
1119 2839 1272 2894 restituitur
1285 2852 1315 2903 ²5

123 2935 152 2981 et
178 2921 359 2978 incolumitati
379 2921 533 2992 graciosius
552 2932 728 2978 restauratur.
767 2923 877 2978 Laudat
899 2924 992 2993 itaque
1012 2923 1055 2977 uir
1074 2922 1119 2977 ille
1140 2921 1224 2977 deum
1242 2931 1270 2977 et

123 3007 261 3078 insignem
285 3005 402 3061 militem
423 3021 503 3059 suum
527 3006 718 3075 Edmundum,
740 3005 787 3077 qui
810 3005 862 3060 sibi
883 3006 1038 3061 remedium
1062 3007 1099 3061 de
1120 3005 1270 3061 celestibus

123 3089 250 3160 contulit,
263 3089 338 3161 quod
352 3087 409 3143 lieri
422 3105 472 3159 per
483 3088 627 3143 hominem
639 3089 748 3159 phisica
761 3087 917 3158 denegauit.

139 3261 228 3322 llDtt
246 3271 391 3317 MULIERE
409 3272 470 3315 PER
488 3271 642 3315 TRIGINTA
660 3273 701 3315 ET
720 3272 802 3317 DUOS
821 3272 926 3317 artttos
944 3273 1031 3331 CECA,
1050 3273 1256 3318 ILLUMINATA.

171 3415 302 3473 Osbmus
352 3375 414 3503 IN
428 3387 535 3448 quanta
552 3376 640 3447 gloria
655 3377 768 3448 spiritus
786 3379 874 3434 saneti
893 3379 1015 3435 martiris
1031 3379 1175 3435 Edmundi
1194 3377 1270 3435 uiuat

302 3453 310 3470 '
420 3460 466 3515 vbi
480 3477 544 3516 cum
557 3460 669 3517 Christo
682 3461 769 3516 victor
780 3461 891 3530 exultat,
902 3463 939 3517 ad
948 3472 1088 3517 mortuum
1100 3479 1200 3533 corpus
1212 3462 1271 3518 eius
1284 3477 1317 3529 30

122 3543 319 3598 miraculorum
337 3551 456 3600 testatur
472 3543 640 3614 frequencia,
656 3560 711 3615 quo
729 3544 851 3600 martiris
870 3545 1028 3601 interuentu
1046 3558 1161 3616 stupens
1176 3546 1212 3600 de
1228 3545 1269 3600 sui

120 3625 322 3682 resonnacione
340 3625 456 3682 miratur
473 3636 582 3681 natura.
620 3628 686 3682 Hoc
703 3627 852 3683 affirmauit
871 3629 992 3699 quedam
1010 3629 1116 3684 femina
1127 3627 1269 3684 Wintonie

120 3718 198 3775 nata,
211 3724 262 3778 per
277 3708 349 3778 καὶ]
368 3725 458 3764 annos
471 3726 546 3774 ceca,
566 3709 611 3764 cui
624 3719 703 3764 tanto
716 3719 839 3779 tempore
856 3711 895 3765 nil
908 3711 1043 3766 successit
1056 3710 1130 3765 vnde
1148 3713 1267 3766 salutem

120 3790 290 3861 adquireret,
304 3791 348 3845 vel
359 3790 501 3862 recipere*
514 3792 571 3847 iam
587 3793 661 3848 vnde
678 3803 812 3864 speraret.
848 3795 1020 3866 Frequenter
1031 3793 1165 3848 miracula
1179 3794 1269 3850 sancti

156 3943 165 3974 ¹
182 3943 221 3995 Cf.
236 3944 289 3996 MS.
302 3945 354 3996 Tit.
367 3945 383 3995 s.
397 3945 517 4012 126-145,
530 3947 611 3996 where
623 3946 691 3997 these
703 3947 762 3998 er.
775 3947 888 3997 continue
899 3945 941 3998 the
955 3945 1002 3996 and
1013 3946 1082 3997 book
1094 3947 1123 3997 oi
1136 3947 1269 4012 Sampson.

121 4009 189 4060 'lbet
201 4009 290 4060 Osbert
302 4027 459 4062 commences
468 4013 535 4073 here,
545 4013 645 4062 follows
656 4013 719 4062 t'rom
731 4013 773 4062 the
785 4013 835 4062 first
843 4013 938 4063 words:
956 4011 985 4061 ln
998 4012 1126 4078 prouincia
1138 4029 1187 4078 que
1198 4028 1270 4063 rene·

120 4075 200 4128 rabile
218 4077 393 4127 monasterium
408 4077 434 4126 b.
447 4078 521 4128 Edm.
532 4093 632 4127 suornm
646 4079 751 4128 illustrat
767 4077 884 4143 splendor
899 4086 923 4129 et
938 4077 1020 4143 glorie
1034 4079 1186 4141 meritorum,
1198 4077 1269 4144 oppi-

119 4141 327 4256 dnrpoppqddam
344 4143 421 4194 Clara
437 4143 535 4202 dicitnr,
555 4145 620 4194 vnde
636 4143 767 4194 relationis
783 4158 833 4193 mee
848 4145 923 4194 sm'es
938 4144 985 4194 sub
1002 4144 1144 4194 testimonio
1160 4144 1271 4195 veritatis

121 4222 164 4300 ’Ἴ
181 4271 237 4322 us
255 4241 388 4324 isuaia.
525 4273 535 4306 ¹
552 4273 607 4324 us.
619 4271 744 4341 prateae
883 4273 964 4326 *us
975 4275 1101 4341 respue
