3028 4894
276 316 351 390 450
592 290 722 378 anua
748 285 938 392 [matta
963 286 1113 391 uncta.

277 493 377 568 gentia
395 501 595 567 preparatum.
668 479 800 550 Cuidam
813 490 953 563 religioso
967 490 1113 564 discipulo
1130 490 1227 548 sancti
1239 490 1434 566 virilongius
1510 461 1511 480 ,

277 582 374 654 posito
387 581 485 638 obitus
497 581 576 637 illius
588 579 731 637 diuinitus
748 579 898 636 reuelatus
914 587 969 636 est.
1005 578 1085 636 Vidit
1102 578 1183 636 enim
1196 579 1332 636 animam
1346 598 1434 636 sanc-

277 669 384 726 tissimi
405 671 498 742 patris
519 685 587 726 cum
609 685 719 741 magna
739 667 861 724 luminis
882 667 1014 723 claritate
1033 677 1063 723 et
1084 667 1173 724 laude
1194 669 1233 724 ab
1251 668 1435 740 angelorum

277 757 409 814 exercitu
437 756 622 814 subleuatam
647 772 740 829 regna
763 755 940 829 penetrare¹
964 753 1092 811 celestia
1169 742 1232 812 Per
1256 755 1436 812 unctionem
1510 791 1511 838 ι

249 862 396 918 squoque
415 844 471 901 olei
490 845 569 917 quod
589 860 681 916 supra
702 859 812 916 corpus
834 842 928 900 sancti
950 842 1050 900 lucere
1072 843 1194 906 solebat,
1209 843 1296 899 multi
1318 842 1436 898 infirmi
1510 839 1511 852 ³

277 932 370 989 curati
394 941 482 1000 sunt;
513 931 641 988 vinculis
664 930 769 987 ferreis
792 930 904 988 astricti
933 931 1047 987 meritis
1071 933 1136 987 eius
1160 931 1258 1000 soluti,
1284 931 1437 1003 paralitici
1510 948 1511 1006 ι

278 1020 369 1076 curati
380 1039 387 1090 ;
407 1018 496 1077 etalii
509 1019 658 1076 innumeri
677 1019 742 1075 eius
761 1027 919 1092 poscentes
934 1017 1074 1091 suffragia
1091 1017 1242 1092 petitionis
1254 1035 1311 1074 sue
1324 1037 1437 1075 conse-
1510 1007 1511 1066 ἶ

277 1117 408 1180 quuntur
437 1105 882 1178 effectum.-[lncidencia².]
943 1094 1059 1164 Narrat
1085 1107 1166 1162 enim
1193 1105 1380 1162 Vincentius
1404 1107 1436 1162 in

278 1195 410 1269 Speculo
424 1194 575 1252 Historiali
594 1195 633 1251 de
651 1195 786 1268 predicto
805 1212 877 1267 rege
899 1195 1056 1252 Frisonum
1077 1193 1245 1262 Rathbodo,
1258 1197 1343 1266 quod
1364 1212 1436 1252 cum

234 1299 264 1336 ιο
279 1282 479 1356 predicatione
491 1281 643 1339 wlfranni
656 1281 789 1355 episcopi
802 1284 841 1339 ad
854 1283 910 1339 hoc
923 1284 1062 1339 inductus
1078 1291 1159 1340 esset
1172 1291 1204 1338 vt
1216 1281 1437 1354 baptizaretur,

278 1389 346 1428 cum
358 1387 450 1428 vnum
468 1371 578 1443 pedem
596 1369 627 1426 in
644 1369 784 1427 lauachro
800 1370 979 1440 intinxisset,
992 1370 1119 1427 alterum
1139 1371 1248 1443 pedem
1269 1372 1436 1427 retrahens

278 1457 472 1531 interrogauit
479 1457 601 1514 vbinam
615 1457 717 1530 plures
731 1475 855 1514 suorum
868 1459 1015 1515 maiorum
1025 1457 1155 1524 ³essent‚
1168 1459 1199 1513 in
1213 1456 1334 1514 inferno
1347 1476 1389 1514 an
1403 1461 1434 1514 in

278 1546 433 1620 paradiso,
458 1554 488 1602 et
506 1544 632 1602 audiens
651 1545 754 1618 plures
773 1563 842 1602 esse
861 1545 890 1602 in
910 1546 1035 1616 inferno,
1054 1547 1110 1603 ait:
1138 1545 1316 1602 ‘Sanctius‘
1333 1555 1386 1603 est
1403 1555 1434 1604 vt

279 1633 381 1706 plures
393 1650 483 1706 quam
497 1633 654 1707 pauciores
670 1636 798 1706 sequar!
836 1633 874 1690 Et
890 1651 959 1692 cum
976 1645 1058 1692 esset
1077 1634 1107 1691 in
1125 1633 1217 1690 multa
1233 1633 1433 1704 dubitatione,

235 1736 262 1786 ιε
278 1721 357 1779 misit
376 1722 414 1779 ad
432 1721 553 1778 beatum
565 1719 802 1791 Willibrordum,
817 1722 978 1779 consulens
996 1722 1023 1780 si
1041 1723 1165 1779 deberet
1181 1722 1336 1793 baptizari
1377 1723 1433 1780 Cui

278 1810 327 1867 ille
351 1809 527 1883 respondit:
558 1809 733 1878 ‘Quomodo
764 1809 836 1865 mihi
867 1810 968 1867 credet
998 1811 1049 1883 qui
1080 1819 1183 1866 sancto
1208 1809 1293 1864 fratri
1326 1820 1433 1866 nostro

277 1897 437 1954 Wlsranno
450 1913 509 1952 ιιοιι
524 1895 637 1953 credit?
673 1896 747 1969 Ego,
761 1897 864 1970 inquit,
876 1898 931 1955 hae
944 1909 1032 1955 nocte
1043 1897 1103 1953 vidi
1115 1913 1185 1952 eum
1199 1895 1330 1952 cathena
1342 1897 1432 1970 ignea

278 1985 408 2058 ligatum,
430 1986 510 2041 vnde
531 1992 647 2040 constat
666 2001 737 2040 eum
757 1983 839 2057 [iam]
861 1995 997 2042 eternam
1022 1985 1265 2058 dampnationem
1292 1985 1432 2042 subisse!

278 2061 444 2148 Quomodo
460 2079 559 2128 autem
580 2070 758 2129 Rathbodus
774 2072 825 2129 ille
843 2074 988 2145 deceptus
1001 2072 1095 2129 iuerat
1107 2090 1125 2128 a
1136 2071 1256 2128 diabolo
1273 2071 1305 2128 in
1319 2073 1430 2130 eodem

234 2181 264 2216 ιο
278 2161 407 2233 Speculo
416 2159 515 2232 liquet.
535 2157 682 2232 Apparuit
689 2158 846 2231 [enim]⁵ei
854 2160 990 2217 diabolus
999 2161 1028 2217 in
1037 2159 1177 2233 angelum
1187 2159 1430 2232 transfiguratus,

278 2256 365 2322 caput
378 2257 516 2321 opertum
529 2247 695 2304 diademate
709 2265 881 2304 aureorum
894 2248 1030 2321 gemmis,
1044 2257 1074 2304 et
1085 2256 1168 2304 veste
1182 2265 1256 2304 auro
1268 2257 1363 2304 texta.
1396 2248 1430 2304 ln

277 2355 367 2410 quem
381 2353 448 2394 cum
463 2334 640 2392 Rathbodus
653 2335 829 2405 intenderet,
842 2336 933 2405 dixit:
954 2335 1110 2392 ‘Virorum
1127 2335 1301 2402 fortissime,
1314 2335 1385 2408 quis
1401 2345 1430 2392 te

277 2425 317 2480 ita
330 2425 450 2481 seduxit
463 2433 494 2479 vt
506 2441 524 2480 a
536 2423 651 2480 cultura
663 2422 790 2480 deorum
801 2423 878 2480 velis
896 2425 1057 2480 recederet
1095 2421 1161 2479 Noli
1177 2422 1234 2478 hoc
1252 2420 1362 2488 facere,
1375 2424 1428 2478 sed

277 2529 365 2568 mane
385 2511 416 2568 in
439 2511 498 2568 hiis
519 2528 579 2583 que
601 2509 735 2580 didicisti,
758 2520 788 2567 et
809 2512 913 2568 venies
934 2511 992 2567 ad·
1013 2511 1118 2566 domos
1142 2527 1251 2566 aureas
1275 2527 1353 2582 quas
1376 2510 1428 2566 tibi
1510 2559 1511 2564 ,

233 2619 262 2666 ²5
277 2599 450 2657 eternaliter
468 2599 498 2655 in
517 2599 655 2671 proximo
672 2615 739 2655 sum
756 2599 887 2655 daturus
924 2599 999 2656 Cras
1018 2615 1090 2670 ergo
1108 2597 1220 2654 accersi
1230 2595 1427 2654 Wlsrannum

278 2690 431 2744 doctorem
456 2685 694 2756 christianorum,
714 2696 745 2742 et
769 2687 807 2742 ab
831 2704 876 2754 eo,
896 2702 1027 2759 quenam
1051 2685 1089 2742 sit
1113 2685 1164 2742 illa
1185 2684 1303 2741 mansio
1324 2695 1428 2742 eterne

277 2775 417 2832 claritatis
429 2791 520 2847 quam
532 2774 696 2846 pollicetur,
709 2776 869 2847 interroga.
905 2774 1004 2843 Quam
1017 2791 1085 2830 cum
1099 2775 1309 2829 demonstrare
1323 2775 1427 2846 nequi-

278 2863 362 2932 uerit,
381 2864 536 2934 utriusque
557 2861 651 2935 partis
672 2863 826 2918 mittantur
848 2861 947 2934 legati,
969 2871 998 2918 et
1023 2879 1079 2934 ego
1100 2878 1152 2917 ero
1174 2861 1236 2916 dux
1261 2860 1378 2917 itineris
1399 2871 1427 2917 et

276 2951 489 3008 demonstrabo
502 2949 561 3006 illis
573 2951 696 3006 domum
709 2966 830 3005 auream
844 2959 873 3006 et
886 2951 1073 3006 mansionem
1088 2946 1322 3021 pulcherrimam
1336 2966 1425 3021 quam

231 3061 263 3110 ³0
277 3039 330 3095 tibi
342 3037 498 3112 promitto.¹
526 3036 679 3111 Euigilans
690 3036 866 3094 Rathbodus
880 3036 1011 3094 narrauit
1024 3046 1129 3094 cuncta
1143 3035 1426 3093 sanct0Wlf1anno.
1510 3071 1511 3082 ι

278 3127 336 3196 Qui
355 3127 458 3183 dicens
467 3124 487 3195 ⁷,
500 3125 609 3182 etiam⁸
622 3125 776 3182 illusorem
793 3125 943 3182 diabolum
959 3125 1015 3181 sibi
1033 3124 1111 3182 velle
1123 3124 1257 3194 illudere,
1271 3125 1426 3197 respondit
1510 3203 1511 3208 ἵ

277 3217 338 3271 dux
364 3232 397 3271 se
422 3212 553 3270 futurum
579 3213 783 3283 christianum,
809 3213 834 3268 si
857 3213 906 3269 illa
927 3213 1051 3285 pulchra
1075 3211 1192 3268 mansio
1214 3228 1284 3268 non·
1301 3213 1425 3270 demon-

277 3312 422 3359 straretur
452 3301 507 3358 sibi
539 3321 557 3358 a
587 3302 644 3358 deo
672 3319 735 3358 suo.
783 3300 909 3357 Mittitur
936 3319 1008 3372 ergo
1034 3301 1133 3356 statim
1160 3299 1184 3355 F
1186 3301 1247 3356 riso
1276 3318 1316 3356 ex
1342 3311 1426 3373 parte

277 3391 370 3460 ducis,
395 3399 426 3446 et
450 3389 571 3462 quidam
596 3390 739 3446 dlaconus
764 3407 803 3445 ex
827 3399 912 3461 parte
943 3388 1037 3445 saneti
1062 3387 1221 3444 Wlfranni.
1272 3387 1332 3456 Qui
1358 3407 1425 3446 cum

230 3498 261 3546 ,35
278 3477 449 3550 paululum'
473 3479 510 3533 ab
535 3478 646 3550 oppido
656 3476 678 3510 ¹³
707 3477 937 3550 processissent,
961 3477 1084 3532 obuium
1112 3476 1281 3532 habuerunt
1312 3475 1426 3534 itineris

278 3565 425 3634 comitem,
451 3565 501 3639 qui
532 3565 608 3621 dixit
635 3565 696 3622 eis:
725 3565 908 3636 ‘Properate
939 3564 1006 3632 cito,
1033 3581 1103 3620 nam
1135 3565 1310 3620 monstrabo
1342 3566 1427 3622 vobis

278 3653 510 3726 pulcherrimam
532 3653 720 3710 mansionem
739 3651 899 3709 Rathbodo
923 3653 987 3725 regi
1012 3653 1218 3725 preparatam!
1258 3649 1303 3706 Illi
1325 3661 1425 3710 autem
1510 3679 1511 3704 ι

278 3750 439 3816 pergentes
447 3759 503 3813 per
515 3739 594 3797 viam
606 3741 782 3797 latissimam
794 3749 825 3797 et
839 3740 902 3796 loca
915 3741 1023 3812 ignota,
1031 3738 1170 3796 viderunt
1183 3739 1336 3810 quandam
1349 3741 1425 3796 viam

277 3833 406 3888 diuersis
424 3829 585 3902 generibus
599 3845 780 3885 marmorum
795 3827 886 3901 polito
896 3827 915 3860 ¹¹
928 3845 1020 3900 opere
1034 3828 1215 3895 decoratam,
1228 3825 1425 3901 videruntque

229 3939 294 3987 qoa
314 3920 401 3992 longe
420 3919 542 3974 domum
561 3916 646 3989 quasi
665 3933 795 3985 auream,
808 3925 837 3973 et
850 3925 1054 3988 peruenerunt
1073 3915 1110 3972 ad
1130 3913 1261 3986 plateam
1281 3931 1340 3986 que
1360 3926 1425 3974 ante

278 4011 401 4065 domum
419 4014 483 4063 erat
500 4006 584 4078 quasi
597 4021 670 4062 auro
687 4013 716 4062 et
729 4004 857 4078 gemmis
872 4013 965 4060 strata
974 4001 1012 4060 ¹¹:
1032 4003 1238 4074 intrantesque
1253 4001 1286 4058 in
1303 4005 1423 4062 domum
1510 4069 1511 4072 Ἴ

310 4172 365 4220 1Ε.
377 4172 515 4233 penitrare.
613 4169 669 4219 'so
680 4169 709 4220 T.
743 4169 781 4220 Οἱ
796 4168 868 4219 Vino.
882 4169 946 4218 Bell.
961 4167 1061 4218 XXIII.
1077 4181 1130 4230 145.
1233 4166 1424 4218 ’Emaiorum
1510 4215 1511 4234 ,

275 4253 389 4287 suorum.
484 4235 673 4287 *vasatos
769 4235 827 4285 ⁵13.
839 4243 932 4284 autem.
1025 4233 1115 4284 ⁴T.a.
1209 4232 1424 4292 'T.E.diceus;

277 4303 431 4416 Ιιιῖῐέιὲιιιῐιιιὶδι
433 4381 466 4418 m.
490 4302 566 4352 ⁸0m.
580 4305 606 4352 in
618 4303 674 4352 VB.
751 4300 806 4352 tt.
820 4301 931 4365 paulum.
1009 4299 1028 4330 ¹⁰
1046 4299 1074 4350 E.
1086 4300 1174 4362 opido.
1253 4299 1272 4330 ¹¹
1289 4301 1320 4351 T.
1331 4303 1422 4366 pollito.
