3036 4878
272 264 344 354 652
702 254 904 358 annotinis·
931 258 982 334 ΙΙ.

524 465 576 518 Da
595 475 715 520 suanm
734 473 858 518 amausi
878 473 966 517 nura
984 473 1024 516 nr
1041 473 1171 516 sanare

334 572 418 626 Uelia
430 570 550 642 quedam
567 571 679 627 eliensis
697 571 791 641 lingue
806 587 856 626 sue
874 571 1070 626 modulacione
1089 572 1221 640 priuatur‚
1240 571 1337 640 lingue
1350 570 1431 641 regi-

367 653 442 708 mine
460 653 605 720 alienatur,
618 655 663 708 vix
675 654 754 710 uocis
772 654 991 709 obmutescentis
1009 653 1134 709 exalacio
1152 653 1306 721 retinetur;
1327 655 1431 725 sicque

269 747 346 792 muta
359 753 471 808 pmrsus
483 737 557 792 lacta
569 737 678 794 diucius
696 737 778 792 siluit.
816 735 946 791 Tandem
965 745 1055 792 nrater
1073 737 1133 792 eius
1151 737 1298 792 admonita
1318 737 1429 806 glorio-

269 819 381 876 sissimo
396 820 454 890 regi
466 831 495 875 et
507 819 612 876 martiri
628 820 783 876 Edmundo
799 835 863 875 eam
880 819 1004 874 adducit.
1042 821 1080 874 Et
1092 819 1158 890 quia
1170 818 1315 888 genitricis
1328 819 1430 888 genita

240 904 361 963 dminus
379 903 536 974 supplicare
555 903 652 974 potuit,
671 921 720 974 pro
741 903 835 972 genita
855 903 974 972 genitrix
992 903 1127 958 deuocius
1145 901 1284 971 supplicat
1303 911 1333 955 et
1353 913 1429 969 orat,

268 987 487 1058 assistentesque
496 997 624 1057 precatur
636 986 768 1058 quatinus
777 1003 827 1057 pro
836 997 903 1040 nata
912 995 989 1040 muta
1001 983 1123 1056 presenti
1133 985 1171 1038 ad
1182 984 1268 1038 deum
1280 983 1312 1038 in
1321 995 1429 1040 sancto

269 1087 328 1136 suo,
341 1079 369 1125 et
382 1071 420 1126 ad
433 1081 561 1126 sanctum
574 1069 603 1124 in
615 1071 670 1125 deo
683 1086 742 1136 suo,
756 1068 916 1139 suppliciter
926 1068 1107 1123 intercedant
1130 1066 1239 1136 Quibus
1251 1067 1405 1121 orantibus
1419 1086 1427 1120 :

267 1154 371 1209 clamat
385 1163 412 1208 et
425 1154 562 1208 exclamat
576 1151 668 1207 subito
681 1161 766 1219 muta,
780 1168 836 1206 non
849 1151 945 1222 utique
958 1161 1036 1205 muta
1053 1160 1097 1205 set
1109 1148 1216 1204 meritis
1229 1149 1320 1204 sancti
1334 1151 1428 1204 collo·

268 1251 356 1306 quens
380 1235 488 1304 puella;
514 1235 586 1290 inter
609 1245 716 1290 ceteros
736 1250 847 1305 quoque
867 1251 918 1303 pro
941 1233 1043 1288 eadam
1068 1243 1180 1286 orantes
1201 1243 1271 1297 orat,
1295 1242 1325 1286 et
1348 1233 1428 1287 inter

224 1335 255 1370 ιο
267 1327 414 1386 precantes
432 1327 569 1386 precatur.
608 1319 673 1372 Hoc
685 1316 768 1386 igitur
780 1315 947 1372 miraculum
964 1325 1095 1386 operatus
1107 1325 1150 1369 est
1162 1312 1232 1368 deus
1245 1313 1275 1368 in
1289 1315 1427 1384 sollemp-

266 1399 355 1454 nitate
382 1399 552 1454 sanctissimi
571 1399 736 1454 consessoris
761 1399 804 1454 sui
826 1398 952 1466 lurmini,
971 1415 1022 1468 per
1039 1396 1140 1452 merita
1162 1395 1277 1466 gloriosi
1296 1397 1374 1467 regis
1393 1409 1426 1452 et

266 1480 386 1536 martiris
398 1480 439 1536 sui
453 1481 606 1536 Edmundi.

314 1629 364 1682 DE
383 1639 466 1684 UOTO
486 1641 605 1684 MILITIS
624 1641 864 1685 Llucotrllsusls
883 1641 923 1683 ET
940 1625 1073 1684 vxottts¹
1094 1638 1166 1683 EIUS
1185 1638 1247 1682 PRO
1266 1638 1374 1682 PROLE

761 1725 920 1768 muttum.

336 1819 442 1876 ldimus
464 1821 551 1876 oculis
572 1829 600 1876 et
624 1819 738 1875 aun'bus
763 1819 866 1874 nostris
888 1817 1048 1874 audiuimus
1068 1818 1215 1874 ecclesiam
1240 1815 1333 1871 sancti
1359 1817 1422 1871 Ed-

369 1903 466 1958 mundi
479 1904 621 1975 quondam
640 1901 757 1957 militem
772 1903 854 1957 valde
872 1903 1005 1956 deuotum
1024 1901 1136 1970 intrare,
1153 1911 1181 1955 et
1201 1915 1337 1970 sponsam
1357 1901 1420 1954 eius

224 2001 233 2036 r
238 2003 252 2050 5
265 1985 417 2041 formosam
430 2003 494 2040 cum
507 1986 563 2041 lilio
582 2003 633 2041 suo
644 1995 672 2041 et
685 1984 766 2040 unico
785 1985 887 2040 cliente
904 1985 1092 2040 subsecutam.
1129 1983 1184 2054 Qui
1196 1983 1273 2037 sacta
1285 1982 1422 2036 oracione

266 2069 397 2123 custodes
420 2068 513 2124 feretri
538 2079 566 2123 et
588 2068 658 2122 alios
679 2070 834 2123 monachos
855 2066 1017 2123 assistentes
1041 2067 1095 2121 sibi
1119 2067 1239 2121 affatur:
1259 2066 1306 2119 ‘0
1330 2065 1421 2120 dilec-

265 2150 364 2206 tissimi
384 2160 412 2206 et
432 2162 529 2207 sancte
547 2150 688 2221 religionis
707 2150 767 2218 viri,
788 2149 1016 2205 lincolniensibus
1034 2165 1142 2220 egoque
1161 2146 1249 2202 vxor¹
1261 2163 1328 2202 mea
1350 2164 1421 2202 con·

265 2232 367 2288 finibus
385 2233 443 2288 nati
462 2243 489 2288 et
508 2233 627 2300 educati,
640 2234 700 2302 lege
715 2232 853 2301 coniugali
871 2244 977 2303 septem
993 2247 1130 2286 annorum
1145 2229 1317 2301 repeticione
1329 2231 1421 2285 vitam

264 2314 424 2371 adinuicem
437 2316 625 2386 produximus,
639 2325 680 2370 set
693 2314 760 2384 quia
777 2316 883 2385 prolem
902 2331 959 2368 non
978 2314 1133 2383 genuimus,
1146 2323 1242 2368 votum
1263 2313 1319 2368 deo
1337 2315 1420 2368 uoui-

221 2417 252 2452 ro
265 2413 328 2452 mus
341 2407 400 2454 tota
416 2398 509 2453 cordis
522 2399 678 2453 intencione
691 2408 720 2451 vt
733 2397 756 2452 si
774 2397 843 2452 deus
860 2397 942 2453 nobis
961 2395 1126 2452 concederet
1144 2397 1251 2467 prolem
1270 2413 1418 2465 generare,

265 2490 375 2534 nosmet
389 2479 464 2549 ipsos
477 2481 592 2534 omnino
604 2497 719 2551 corpore
731 2490 759 2535 et
776 2480 871 2535 anima
884 2489 912 2534 et
924 2480 1032 2550 prolem
1046 2479 1150 2550 pariter
1161 2476 1309 2534 seruituti⁸
1322 2479 1370 2533 dei
1390 2488 1419 2534 et

264 2561 432 2616 sanctissimi
451 2563 571 2617 martiris
590 2562 734 2617 Edmundi
748 2561 824 2617 omni
838 2573 964 2632 tempore
977 2563 1032 2617 vite
1045 2573 1140 2616 nostre
1158 2561 1251 2628 subdi,
1265 2561 1419 2628 humiliari,

263 2659 416 2714 eorumque
436 2645 579 2700 voluntate
598 2645 678 2700 liniri.
715 2645 769 2700 Dei
789 2645 885 2716 gracia
902 2643 1032 2700 exaudita
1052 2654 1095 2700 est
1114 2643 1207 2699 oracio
1224 2655 1339 2701 nostra:
1370 2646 1418 2700 dci

263 2726 359 2794 gracia
377 2727 577 2797 nosmetipsos
594 2739 623 2782 et
643 2729 730 2782 filium
747 2738 873 2783 nostrum
891 2726 1056 2782 miraculose
1069 2726 1152 2782 nobis
1167 2728 1303 2782 donatum
1316 2728 1373 2782 deo
1390 2739 1419 2783 et

220 2831 249 2882 ²5
264 2809 441 2864 sanctissimo
454 2810 605 2864 Edmundo
617 2811 767 2880 offerimus,
781 2820 913 2880 rogantes
926 2809 1057 2882 quatinus
1071 2810 1156 2864 deum
1168 2819 1196 2864 et
1207 2819 1339 2865 sanctum
1353 2811 1418 2867 eius

265 2892 449 2948 Edmundum
462 2909 512 2962 pro
524 2901 604 2949 tanto
616 2893 751 2948 miraculo
763 2894 922 2949 collaudare
935 2893 1026 2949 velitis
1039 2903 1067 2949 et
1079 2892 1251 2962 glorificare'

321 3039 371 3093 DE
390 3051 550 3094 CANONICO
570 3052 609 3094 ET
627 3051 698 3094 EIUS
718 3050 914 3095 PARENTIBUS
932 3051 972 3093 ΑΒ
991 3049 1201 3094 lNFlellTATE
1218 3049 1361 3094 sanaris.

269 3147 439 3272 Iohannes
452 3148 566 3216 quidam
585 3147 737 3203 canonicus
756 3147 846 3202 sancti
861 3147 985 3202 Oswaldi
997 3149 1035 3202 de
1048 3147 1200 3203 Leicestria
1212 3165 1278 3202 cum
1291 3159 1372 3218 patre
1388 3160 1417 3205 et

338 3241 435 3298 matre,
447 3241 488 3286 set
500 3230 587 3286 etalii
600 3231 636 3286 de
648 3231 734 3301 stirpe
747 3247 807 3298 sua,
821 3231 925 3300 pariter
933 3240 1131 3300 egrotauerunt
1140 3247 1228 3302 vsque
1236 3231 1275 3285 ad
1284 3243 1417 3288 mortem.

263 3312 402 3379 Quocirca
414 3314 584 3368 medicorum
597 3331 664 3368 cura
676 3314 705 3367 in
718 3324 854 3384 quantum
873 3313 962 3385 potuit
980 3313 1128 3382 laborauit,
1140 3313 1270 3383 victaque
1286 3315 1417 3384 tandem,

217 3421 249 3469 30
262 3393 408 3448 nobiscum
418 3395 449 3462 (l)
463 3395 554 3450 eciam
567 3396 656 3463 victis,
665 3395 811 3452 succubuit
823 3405 852 3450 et
865 3396 973 3465 puduit.
1005 3397 1030 3450 O
1043 3397 1142 3466 pudor,
1154 3413 1172 3450 o
1184 3396 1325 3466 gemitus!
1345 3399 1416 3469 quid

262 3476 336 3530 ualet
361 3476 407 3530 hic
432 3477 576 3532 medicus?
622 3480 709 3533 Nulla
733 3478 816 3548 igitur
840 3479 887 3534 via
911 3479 1008 3534 salutis
1033 3479 1126 3534 auxilii
1148 3478 1264 3534 humani
1289 3491 1416 3550 patente,

262 3557 377 3629 uitaque
392 3559 438 3613 vix
456 3570 628 3630 remanente,
648 3571 714 3616 uota
736 3571 872 3617 uouerunt
892 3562 946 3616 deo
965 3571 994 3615 et
1014 3571 1113 3616 sancto
1134 3579 1186 3616 suo
1208 3562 1416 3631 gloriosissimo

261 3641 415 3697 Edmundo
433 3659 484 3712 pro
503 3644 592 3698 salute
610 3643 779 3714 optinenda:
802 3661 887 3715 quam
909 3644 1044 3698 maturius
1063 3656 1092 3701 et
1112 3645 1229 3700 celerius
1251 3656 1318 3700 uoto
1338 3647 1416 3703 lacto

261 3724 307 3780 dei
325 3725 419 3794 gracia
437 3725 624 3781 obtinuerunt.
660 3726 719 3794 ¹Qui
739 3737 837 3796 postea
855 3743 919 3780 curn
937 3727 1013 3781 omni
1026 3726 1181 3782 deuocione
1198 3736 1226 3781 et
1239 3729 1334 3782 cordis
1347 3747 1415 3785 oon·

216 3831 247 3882 35
261 3807 377 3864 tricione
400 3817 459 3862 tum
477 3809 606 3878 precibus
628 3818 687 3862 tum
710 3808 804 3879 precio
826 3819 893 3864 uota
915 3810 1108 3880 persoluentes
1134 3809 1172 3864 ad
1196 3821 1328 3865 sanctum
1353 3813 1415 3868 Ed-

261 3891 397 3947 mundum
418 3901 604 3960 accesserunt,
622 3901 735 3946 orantes
755 3902 784 3946 vt
804 3892 896 3948 delet
916 3893 1005 3947 sancti
1028 3893 1172 3947 Edmundi
1193 3893 1363 3950 miraculum
1384 3897 1414 3952 in

260 3989 357 4028 eorum
377 3984 516 4028 maturata
535 3985 564 4028 et
586 3975 691 4045 patenti
713 3975 834 4030 sanitate
858 3975 1051 4031 manifestetur
1071 3985 1100 4031 et
1123 3977 1331 4047 multiplicetur.
1369 3980 1414 4034 Si·

261 4056 373 4126 quidem
390 4066 465 4111 totus
481 4069 634 4112 conuentus
651 4057 746 4113 audito
763 4059 897 4115 miraculo
917 4059 1001 4114 deum
1021 4059 1050 4113 in
1069 4070 1166 4114 sancto
1184 4077 1235 4115 suo
1255 4061 1412 4116 Edmundo

261 4139 414 4192 laudabant
425 4147 453 4193 et
465 4139 667 4208 glorificabant,
679 4157 732 4196 nec
744 4141 893 4196 cessabant
899 4141 946 4196 die
957 4159 992 4196 ac
1004 4153 1087 4198 nocte
1100 4141 1129 4197 in
1144 4152 1242 4198 sancto
1255 4143 1411 4199 Edmundo

215 4244 248 4290 40
259 4227 288 4272 et
300 4219 430 4274 omnibus
442 4221 572 4288 operibus
585 4223 643 4277 suis
655 4240 720 4278 eum
733 4224 856 4292 laudare,
870 4224 898 4279 in
911 4223 1006 4280 secula
1018 4226 1183 4282 seculorum.

325 4323 334 4352 ¹
351 4323 405 4373 MS.
417 4332 442 4374 et
454 4326 485 4375 de
495 4343 577 4377 uxore.
728 4330 738 4360 ¹
759 4353 781 4372 =
798 4345 847 4396 ego
858 4347 976 4397 uxorque.
1126 4333 1137 4364 ⁸
1153 4333 1208 4386 MS.
1218 4335 1341 4389 seruituti.
