3054 4904
425 266 689 364 pesato
713 269 853 369 huam.
1181 291 1227 364 95

81 469 177 543 capite
194 480 364 528 truncatum
383 469 460 527 illico
479 488 616 543 surgens,
638 479 669 527 et
688 480 777 543 caput
796 471 876 527 inter
894 469 1014 527 brachia
1036 486 1169 537 sumens,
1191 471 1229 526 ad

82 558 163 614 littus
176 559 269 615 maris
281 559 444 628 descendit,
462 567 492 615 et
508 576 600 631 supra
614 575 696 614 mare
714 559 871 615 ambulans
889 560 926 614 ad
945 566 1064 630 portum
1079 557 1230 614 anomine

81 663 135 701 suo
154 656 292 702 vocatum
317 645 521 716 transmeant,
542 655 572 703 et
596 646 626 702 in
652 646 717 702 loco
738 664 797 719 quo
818 663 897 702 nunc
917 644 1044 702 ecclesia
1065 645 1095 700 in
1116 646 1230 700 honore

81 735 177 804 ipsius
195 733 330 789 dedicata
349 733 483 790 consistit
492 733 511 802 ¹,
528 734 640 790 cadens
657 733 687 789 in
702 742 812 790 terram
828 732 922 801 iacuit,
935 741 965 789 et
977 732 1088 789 ibidem
1108 732 1231 806 sepeliri

81 819 199 876 meruit.
232 820 266 876 ln
280 821 387 876 eadem
399 828 499 876 autem
513 820 639 877 ecclesia
651 839 710 893 qua
723 837 833 894 corpus
846 819 975 876 martiris
988 819 1082 876 sancti
1095 819 1230 893 quiescit,
1245 836 1259 888 5

82 909 213 964 saluatur
225 916 328 964 noster
341 907 482 964 miracula
495 908 587 964 multa
599 909 758 964 ostendere
771 907 910 981 dignatus
923 916 977 963 est.
1016 907 1131 962 Infirmi
1148 907 1230 964 enim

81 996 150 1051 illuc
169 995 356 1064 accedentes,
371 1013 390 1052 a
408 1013 585 1068 quacunque
603 995 716 1052 detenti
735 995 915 1063 infirmitate,
927 995 1092 1051 incolumes
1109 1003 1139 1050 et
1155 994 1231 1065 sani,

81 1081 191 1154 gratias
216 1083 273 1138 deo
297 1082 472 1152 reserentes,
497 1084 535 1139 ad
561 1100 615 1139 sua
640 1083 775 1139 redeunt.
822 1083 950 1139 Sanctus
974 1100 1047 1140 vero
1071 1083 1231 1155 episcopus

84 1169 180 1226 Dauid
202 1169 375 1243 passionem
395 1169 494 1226 dilecti
514 1173 560 1226 sui
581 1178 611 1226 et
631 1187 752 1227 omnem
773 1169 817 1226 rei
836 1178 978 1226 euentum
999 1163 1059 1225 non
1079 1169 1232 1242 ignorans,

83 1257 184 1313 diuina
209 1257 390 1313 reuelatione
415 1258 593 1325 admonitus,
614 1274 683 1314 curn
708 1257 847 1314 fratribus
872 1256 935 1314 suis
960 1274 1070 1330 corpus
1095 1266 1231 1313 sanctum
1249 1275 1279 1312 ro

83 1345 118 1399 ad
143 1343 303 1401 ecclesiam
327 1361 544 1401 menenensem
569 1361 638 1400 cum
664 1345 785 1417 hymnis
807 1354 836 1402 et
860 1343 982 1401 conficis
1003 1342 1115 1412 detulit,
1141 1353 1172 1401 et
1199 1344 1230 1400 in

83 1431 270 1504 sarcophago
284 1449 361 1487 nouo
373 1431 538 1488 honorifice
551 1432 703 1489 collocauit
713 1431 731 1488 ².

206 1636 231 1696 Ti
252 1623 306 1692 DE
325 1652 440 1692 SANCTO
461 1624 556 1692 IUSTO
573 1651 816 1693 ARCHIEPISCOPO
833 1652 871 1693 ET
889 1634 1109 1693 CONFESSORE³.

86 1774 306 1906 ORdinatus
330 1776 377 1832 vir
400 1774 513 1831 domini
537 1774 744 1848 Augustinus*
768 1775 799 1831 in
827 1775 1025 1848 apostolatum
1055 1773 1174 1845 Anglie,
1203 1783 1233 1830 et

191 1862 367 1919 Ethelberto
386 1880 457 1936 rege
476 1881 631 1932 conuerso,
652 1862 733 1919 misit
752 1863 880 1919 Romam
902 1861 1094 1919 Laurentium
1117 1862 1232 1934 presbi-

84 1957 183 2006 terum
206 1958 236 2006 et
258 1949 381 2006 Petrum
402 1951 591 2020 monachum,
614 1950 665 2023 qui
686 1951 774 2007 beato
796 1949 929 2023 pontifici
954 1948 1107 2022 Gregorio,
1128 1965 1232 2020 regem
1250 1971 1279 2022 15

84 2047 113 2092 et
132 2045 256 2110 gentem
268 2035 437 2110 Anglorum
456 2039 548 2094 fidem
568 2038 678 2094 Christi
700 2037 871 2109 suscepisse
890 2036 1044 2106 referrent,
1062 2045 1092 2093 ct
1110 2037 1234 2092 multam

84 2124 208 2196 quidem
221 2141 290 2181 esse
303 2141 445 2192 messem,
459 2127 512 2183 sed
526 2126 680 2197 operarios
696 2143 816 2199 paucos.
855 2124 1053 2182 Destinantur
1063 2124 1153 2197 igitur
1166 2141 1233 2180 cum

84 2211 192 2284 legatis
214 2211 317 2284 [ἱΙΙίε]ὗ
338 2212 442 2268 eximii
466 2212 611 2270 virtutum
635 2212 691 2270 viri
716 2212 856 2280 Mellitus,
879 2213 989 2283 lustus,
1011 2211 1163 2278 Paulinus
1186 2211 1234 2267 et⁶

87 2297 278 2356 Rufinianus.
316 2298 428 2356 Beatus
446 2317 519 2356 vero
537 2299 727 2372 Augustinus
745 2300 892 2356 ordinauit
910 2299 1069 2372 episcopos
1089 2298 1233 2356 Mellitum

86 2385 253 2455 Londonie,
268 2386 383 2444 lustum
397 2387 518 2444 roffensi
532 2387 666 2447 ecclesie.
705 2387 781 2443 Nam
796 2386 950 2444 Londonie
964 2403 1023 2444 rex
1033 2387 1234 2455 Ethelbertus,
1250 2413 1281 2448 20

85 2473 134 2528 vbi
158 2473 304 2530 Sabertus
328 2492 424 2548 nepos
449 2492 522 2530 suus
546 2476 659 2532 subeo
679 2476 831 2547 regnabat,
854 2474 1010 2530 ecclesiam
1032 2474 1110 2531 beati
1131 2473 1234 2543 Pauli3

87 2560 189 2634 Rophi
208 2579 280 2618 vero
302 2561 460 2619 ecclesiam
479 2563 558 2618 beati
570 2561 693 2618 Andree
715 2561 843 2634 apostoli
865 2563 1014 2632 condidit;
1034 2570 1063 2618 et
1084 2560 1235 2635 episcopis

86 2650 166 2705 dona
190 2649 283 2706 multa
307 2650 419 2718 obtulit,
441 2659 471 2705 et
495 2651 644 2706 territoria
668 2667 701 2706 ac
726 2649 938 2722 possessiones
962 2648 1076 2705 adiecit.
1121 2648 1235 2705 Verum

86 2744 205 2792 mortuo
226 2736 400 2793 Ethelberto
420 2745 450 2792 et
472 2736 608 2806 Saberto,
629 2736 803 2794 Edbaldus⁷
827 2736 992 2794 Ethelberti
1014 2736 1102 2803 filius,
1123 2745 1153 2792 et
1173 2745 1236 2794 tres

87 2824 207 2879 Saberti
238 2824 299 2892 lilii,
330 2841 347 2880 a
377 2832 502 2897 patema
526 2825 636 2896 pietate
660 2833 865 2897 apostatantes
895 2824 1042 2897 ydolatrie
1072 2841 1141 2880 curn
1173 2825 1236 2880 suis
1252 2850 1282 2901 ²5

86 2911 207 2984 populis
230 2912 341 2968 dedere
361 2929 476 2968 manus.
514 2911 666 2984 Expulsus
685 2928 702 2967 a
722 2911 878 2968 Londonia
898 2911 1037 2978 Mellitus,
1056 2913 1139 2967 venit
1157 2911 1236 2967 Can·

86 2999 163 3054 ciam
188 3000 227 3055 ad
253 2999 372 3055 beatum
400 2999 594 3055 Laurentium
618 3008 648 3055 et
671 2999 795 3056 lustum.
833 2999 947 3057 Placuit
970 3001 1001 3055 in
1026 3015 1184 3055 commune
1205 3009 1236 3056 vt

86 3087 186 3158 potius
211 3087 368 3142 ardentem
389 3087 552 3143 Sodomam
571 3086 717 3159 sugerent,
736 3104 826 3160 quarn
845 3104 900 3144 nec
922 3087 977 3143 sibi
999 3104 1055 3143 nec
1075 3085 1236 3142 rebellibus

87 3175 271 3244 proficerent
290 3174 443 3231 salutem⁸.
496 3176 519 3235 tl
541 3162 659 3233 Christi
676 3175 775 3247 itaque
793 3175 898 3230 exules
916 3174 1063 3230 Mellitum
1076 3184 1107 3230 et
1120 3172 1236 3230 lustum

87 3278 140 3332 pro
165 3261 284 3316 iusticia
305 3263 545 3334 persecutionem
566 3280 674 3335 passos
700 3263 804 3318 beatus
831 3260 1010 3318 Laurentius
1034 3262 1237 3334 sequuturos⁹
1251 3290 1284 3341 30

88 3349 117 3404 in
129 3349 261 3406 ecclesia
277 3348 423 3422 principis
441 3350 645 3421 apostolorum
661 3350 735 3406 cede
743 3349 764 3382 ¹⁰
777 3349 854 3406 beati
867 3349 949 3406 Petri
968 3350 1093 3422 apostoli
1113 3351 1237 3406 edoctus

88 3454 160 3493 oues
194 3437 372 3493 commissas
397 3455 457 3492 non
482 3438 662 3510 relinquere,
687 3438 750 3509 reg'
776 3436 920 3507 Edbaldo,
946 3447 978 3492 vt
1002 3439 1034 3492 in
1059 3438 1124 3493 eius
1149 3437 1237 3493 vita¹¹

88 3523 276 3597 exprimitur,
297 3523 403 3597 plagas
429 3541 500 3580 suas
527 3533 664 3581 ostentat.
701 3523 837 3581 Territus
863 3524 952 3597 igitur
979 3542 1033 3582 rex
1057 3524 1147 3597 ydola
1171 3541 1237 3596 pro-

89 3612 209 3682 phanat,
233 3611 353 3668 Christo
384 3629 418 3668 se
449 3613 608 3684 mancipat,
637 3620 668 3667 et
700 3610 847 3668 Mellitum
878 3621 908 3668 et
934 3611 1050 3669 Iustum
1080 3613 1118 3668 ad
1148 3613 1237 3668 sedes

88 3717 156 3756 suas
173 3707 315 3758 'reuocat
353 3699 472 3756 Mortuo
502 3709 601 3756 autem
631 3698 802 3771 Laurentio,
829 3699 962 3758 Mellitus
987 3699 1149 3771 successit3
1181 3702 1237 3770 cui,
1252 3718 1284 3770 35

118 3831 127 3860 ¹
144 3831 174 3881 F.
187 3831 321 3880 consistet.
374 3887 378 3894 ¹

119 3895 129 3926 ²
146 3897 251 3947 Collect
261 3897 289 3946 in
300 3897 330 3946 T.
342 3915 348 3948 t

121 3960 203 4022 Deus
216 3972 259 4033 qui
275 3972 378 4020 beatum
395 3971 555 4022 lustinanurn
571 3972 699 4022 martirem
715 3979 786 4022 tuum
802 3973 892 4024 celesti
906 3972 1027 4022 alimonia
1039 3988 1086 4036 per
1097 3969 1240 4022 columbam

88 4036 172 4086 delata
190 4036 293 4100 pauisti,
312 4037 352 4093 da,
368 4051 515 4100 quesumus,
531 4045 559 4086 ut
576 4040 655 4102 (eius)
673 4039 900 4089 intercessionibus
917 4041 950 4089 ad
967 4048 1058 4089 eterne
1075 4037 1241 4090 beatitudinis

88 4104 181 4164 gaudia
192 4103 285 4150 uenire
296 4117 447 4162 mereamur,
460 4119 513 4165 per.

118 4167 128 4195 ³
144 4171 211 4218 Abr.
224 4168 290 4216 lrom
304 4169 349 4216 the
359 4167 420 4217 Vita
436 4169 471 4232 by
487 4168 608 4218 Goscelin
623 4169 650 4218 in
667 4169 1150 4238 tos,v0sp.13.xx(1rar1.1osand
1167 4167 1240 4216 Harl.

87 4235 155 4294 osai.
193 4233 232 4284 Cf.
248 4235 320 4282 Beda
333 4233 431 4296 Laqff.
524 4235 744 4297 ⁴E.Agustinus.
819 4238 876 4288 ⁸so
887 4237 931 4296 T.;
948 4253 998 4287 om.
1011 4237 1037 4286 in
1050 4237 1079 4287 E.
1162 4235 1238 4284 ‘orn

87 4301 111 4347 in
125 4301 154 4349 T.
235 4297 292 4348 ¹13.
305 4298 435 4350 edbalbus.
511 4299 813 4366 ⁸G.reb.salutisprol.
885 4303 1093 4354 'Tse'cuturus
1172 4297 1192 4330 ¹⁰
1210 4299 1240 4350 E·

87 4368 166 4428 sede;
185 4365 249 4415 Bed.
261 4365 377 4428 flagellis.
442 4363 462 4394 ¹²
478 4364 507 4416 T.
519 4367 584 4416 adds
595 4368 720 4429 superius.
