3028 4894
321 336 402 430 Di.
420 333 584 424 &unctu
610 333 777 432 (illumi
801 333 1005 433 monachu.
1160 361 1234 434 403

221 536 264 600 ¹tl
279 523 334 596 Dr
351 537 488 596 snucr0'
505 525 630 596 Tuoun
648 555 796 596 uouncuo
814 556 835 596 a
855 525 977 599 Gnms
995 555 1109 597 occiso.

84 649 207 782 CUm
225 650 307 710 enim
326 649 479 710 Gallorum
497 651 604 710 classis
622 650 721 710 valida
739 661 922 710 armatorum
941 669 1032 709 manu
1051 651 1174 726 repleta,
1196 653 1235 710 ad

180 737 384 798 infestandum
396 739 536 814 Angliam
550 741 614 798 siue
626 740 726 814 potius
738 739 967 814 subiugandum,
976 740 1059 797 iussu
1073 739 1235 798 Ludouici⁸

81 824 166 899 regis
188 826 372 885 Francorum
390 826 589 902 primogeniti,
608 829 659 902 qui
677 828 821 902 Angliam
840 845 895 886 suo
913 827 1053 899 dominio,
1073 828 1234 886 multorum

80 922 166 971 terre
178 915 321 972 nobilium
333 915 483 989 promisso
495 915 606 973 auxilio
618 925 648 972 et
668 915 769 973 fauore
782 915 928 974 allectus*
945 925 1010 973 erat
1018 914 1038 985 ⁵,
1052 914 1235 973 Douoriam'

81 1001 296 1074 applicuisset;
313 1003 416 1060 villam
429 1012 459 1060 et
472 1005 687 1060 monachorum
706 1004 865 1061 cenobium
877 1004 909 1061 in
923 1021 959 1061 ea
971 1013 1183 1074 constructum,
1196 1005 1235 1061 de
1248 1022 1262 1074 5

82 1089 213 1146 nauibus
224 1089 348 1164 egressi,
362 1090 448 1148 bonis
461 1090 600 1148 omnibus
613 1090 744 1164 spoliare
757 1100 909 1165 ceperunt.
947 1091 1081 1164 Cumque
1096 1090 1234 1148 monachi

80 1175 135 1249 qui
153 1175 256 1250 fugere
274 1187 412 1252 poterant
430 1178 495 1234 loca
513 1195 620 1236 secura
638 1177 707 1253 suge
725 1178 857 1254 presidio
875 1177 1032 1252 petissent,
1044 1195 1121 1251 gens
1139 1179 1234 1253 prede

80 1263 172 1320 auida
189 1264 347 1322 cenobium
365 1265 489 1332 intrans,
502 1265 683 1323 monachum
702 1267 853 1340 quendam
871 1265 1052 1324 venerabilis
1071 1265 1234 1324 senectutis

79 1350 191 1422 virum,
203 1351 326 1409 nomine
344 1351 501 1423 Thomam,
520 1353 611 1426 pium,
630 1355 810 1423 modestum,
825 1353 912 1411 bonis
931 1355 1072 1422 moribus
1085 1353 1116 1409 in
1131 1362 1234 1410 sancta

80 1439 314 1497 conuersatione
326 1439 491 1498 monastica
503 1459 520 1498 a
533 1441 660 1513 pueritia
672 1441 825 1512 nutritum,
837 1442 870 1498 in
884 1441 1059 1498 dormitorio
1074 1442 1231 1498 sedentem
1249 1460 1279 1498 ιο

80 1525 274 1597 inuenerunt,
286 1527 338 1601 qui
350 1528 431 1585 nullo
444 1528 593 1586 sociorum
606 1545 697 1586 suasu
709 1529 808 1586 induci
826 1537 943 1603 poterat
954 1538 986 1586 vt
999 1528 1101 1586 relicto
1114 1545 1233 1586 monas-

79 1615 159 1670 terio
178 1613 319 1688 fugiendo
330 1616 422 1674 vitam
440 1616 578 1674 saluaret.
611 1616 730 1674 Etcum
743 1616 842 1688 minis,
855 1617 1028 1688 terroribus,
1041 1624 1071 1674 et
1083 1615 1233 1673 blanditiis

80 1701 121 1757 ad
145 1703 335 1774 prodendum
356 1711 386 1761 et
410 1704 630 1778 propalandum
648 1704 823 1761 thezaurum
842 1704 979 1774 ecclesie,
1000 1720 1073 1762 vasa
1091 1712 1123 1760 et
1142 1703 1233 1760 vesti-

80 1797 186 1846 menta
204 1798 235 1846 et
254 1808 314 1864 que
332 1791 469 1864 preciosa
489 1799 583 1862 erant,
605 1807 675 1848 eum
693 1791 818 1850 incitare
836 1794 1011 1863 niterentur,
1034 1799 1064 1848 et
1081 1791 1132 1848 ille
1150 1791 1233 1848 nullo

79 1877 177 1941 modo¹
197 1877 409 1950 acquiesceret,
426 1895 532 1936 verum
551 1880 590 1936 de
611 1879 768 1952 sacrilegio
792 1897 905 1950 eorum,
924 1887 954 1936 et
976 1879 1083 1936 ceteris
1112 1878 1233 1952 flagitiis
1248 1896 1278 1950 ¹⁵

80 1964 225 2023 audacter
245 1975 275 2023 et
295 1965 443 2040 intrepide
462 1984 515 2024 eos
535 1961 742 2040 redarguendo
761 1965 948 2040 corriperem
972 1967 1170 2024 vehementer
1187 1966 1233 2024 ira

79 2052 231 2123 succensi,
249 2052 280 2110 in
298 2053 444 2112 christum
462 2053 593 2112 domini⁷
608 2072 729 2111 manum
749 2053 923 2126 iniicientes,
941 2054 1040 2128 gladio
1057 2055 1148 2111 vitam
1167 2055 1233 2112 eius

79 2149 286 2213 amputarunt,
295 2140 391 2199 Nonis
401 2141 526 2215 augusti,
534 2159 614 2198 anno
627 2141 740 2199 domini
748 2141 908 2199 millesimo
921 2141 1127 2200 ducentesimo
1139 2159 1233 2200 nona-

78 2227 198 2302 gesimo
216 2227 328 2302 quinto.
404 2216 481 2287 Post
498 2231 563 2286 eius
582 2229 739 2286 transitum
753 2231 812 2286 duo
825 2228 933 2287 iratres
945 2227 1090 2302 germani,
1104 2245 1232 2302 quorum

78 2316 160 2373 alter
182 2315 413 2388 precordialium
444 2315 635 2391 passionibus
665 2316 754 2374 nimis
778 2316 910 2391 grauiter
933 2317 1134 2390 torquebatur,
1159 2316 1279 2376 alterae

78 2419 207 2460 manum
226 2402 354 2462 habebat
373 2405 414 2461 ita
433 2413 614 2463 contractam
632 2413 664 2462 vt
682 2403 802 2462 cuilibet
820 2403 905 2478 operi
925 2403 1027 2478 inepta
1047 2405 1232 2475 redderetur,

79 2490 236 2548 'tumbam
256 2491 313 2548 viri
343 2490 393 2549 dei
416 2491 571 2550 visitantes
593 2492 719 2548 salutem
748 2501 946 2566 reportarunt.
1037 2479 1232 2550 Freneticum

80 2578 235 2652 quendam
248 2578 384 2650 sanauit;
402 2597 490 2638 cecos
503 2589 630 2654 quatuor
641 2578 837 2652 illuminauit3
856 2581 948 2638 surdo
961 2578 1094 2637 auditum
1111 2578 1233 2649 tribuit,

78 2666 165 2724 viros
174 2667 251 2723 duos'
257 2667 369 2740 pedum
377 2683 411 2724 ac
421 2684 564 2724 manuum
572 2666 860 2740 beneficiopriuatos
868 2665 1021 2725 valitudini
1029 2665 1126 2737 dedit3
1139 2684 1233 2724 naues

78 2753 244 2811 nonnullas
262 2753 355 2812 maris
373 2762 553 2828 tempestate
573 2753 784 2828 periclitantes,
805 2754 918 2812 sedatis
934 2753 1033 2812 ventis
1051 2762 1082 2811 et
1100 2772 1231 2811 commo·
1248 2773 1278 2824 ²⁵

77 2841 165 2900 tione
184 2841 276 2899 maris
291 2843 328 2900 ad
348 2852 468 2916 portum
485 2841 605 2900 reduxit
617 2851 770 2916 optatum3
799 2850 933 2899 mortuos
952 2839 1083 2915 quinque
1103 2841 1232 2898 resusci-

78 2927 174 3000 tauit;
194 2936 225 2986 et
234 2927 310 2986 alios
322 2930 483 2987 nonnullos
495 2929 587 2986 variis
600 2929 714 2988 morbis
727 2946 893 3004 oppressos
905 2929 1000 2986 salute
1012 2929 1144 3003 gaudere
1156 2928 1232 2986 iecit.

118 3045 276 3120 [usus.
289 3045 382 3104 adds:
572 3064 738 3123 ΝΜ..

118 3148 267 3218 Matrona
284 3160 414 3234 quedam
429 3160 518 3218 beato
537 3159 681 3234 Gregorio
700 3161 827 3235 singulis
844 3161 951 3218 diebus
966 3176 1062 3234 panes
1079 3157 1231 3215 offerebat.

79 3249 230 3320 Quicum
249 3257 318 3322 post
337 3247 499 3306 missarum
522 3248 691 3322 solempnia
715 3265 824 3322 corpus
848 3247 962 3305 domini
984 3248 1040 3304 sibi
1060 3245 1181 3303 offerret
1201 3254 1233 3302 et

79 3338 214 3394 diceret:
234 3335 371 3410 ‘Corpus
390 3335 505 3394 domini
523 3337 619 3393 nostri
639 3335 730 3395 lhesu
750 3336 860 3395 Christi
878 3333 1024 3392 custodiat
1042 3342 1072 3391 te
1090 3336 1121 3390 in
1139 3334 1232 3390 uitam
1246 3358 1279 3409 30

78 3426 237 3494 eternam'
249 3424 299 3482 illa
316 3423 448 3482 subrisit.
490 3423 653 3498 Gregorius
665 3433 765 3483 autem
778 3424 918 3482 continuo
936 3424 1093 3480 dexteram
1111 3423 1148 3479 ab
1167 3423 1233 3480 eius

78 3529 134 3572 ore
147 3520 337 3583 conuertens,
349 3521 467 3586 partem
479 3511 561 3569 illam
574 3512 715 3570 dominici
728 3513 862 3585 corporis
874 3527 967 3584 super
978 3511 1071 3568 altare
1083 3510 1232 3583 deposuit,

78 3609 112 3660 et
123 3607 293 3658 matronam
305 3617 407 3658 coram
419 3600 531 3675 populo
543 3599 738 3674 interrogauit
749 3616 840 3674 quam
856 3599 895 3656 ob
910 3615 1031 3656 causam
1050 3598 1149 3655 ridere
1163 3615 1233 3672 pre·

79 3688 220 3762 sumpsit.
265 3687 303 3745 Et
326 3688 397 3745 illa:
423 3687 518 3758 ‘Quia
547 3705 667 3762 panem,
687 3687 791 3761 inquit,
813 3703 903 3760 quem
932 3686 1071 3742 manibus
1101 3685 1232 3759 propriis

77 3777 222 3848 feceram,
242 3783 274 3834 tu
300 3793 410 3851 corpus
436 3776 621 3834 dominicum
645 3777 836 3851 appellabas:
880 3775 965 3832 Tunc
987 3772 1151 3847 Gregorius
1175 3790 1232 3846 pro
1245 3773 1277 3845 ‘35

78 3863 290 3923 incredulitate
301 3864 435 3922 mulieris
448 3883 482 3922 se
495 3863 526 3922 in
538 3866 677 3922 oracione
686 3863 861 3938 prostrauit:
879 3872 909 3920 et
918 3879 1048 3936 surgens
1057 3861 1231 3935 particulam

78 3954 163 4011 illam
175 3953 272 4009 instar
283 3952 366 4026 digiti
379 3969 501 4011 carnem
517 3951 624 4010 iactam
642 3954 783 4026 repperit,
796 3960 827 4009 et
841 3949 884 4009 sic
901 3959 1067 4008 matronam
1085 3949 1122 4006 ad
1139 3949 1232 4006 fidem

114 4083 165 4134 Ἀ
175 4083 269 4145 longer
281 4082 326 4133 lile
337 4083 367 4134 ol
380 4083 432 4134 dtis
442 4082 557 4133 Thomas
571 4084 605 4133 de
617 4083 643 4133 le
655 4083 723 4133 Hale
733 4083 757 4133 is
768 4090 859 4133 exunt
870 4083 897 4132 in
910 4080 1231 4143 Ms.130dt240,p.79u

79 4150 120 4202 Cl.
134 4149 227 4200 tinctu.
238 4147 356 4213 Wertm,
372 4149 517 4212 Knygbton
535 4149 561 4198 in
580 4149 643 4200 Dec.
658 4149 750 4212 Script.
764 4163 837 4211 ⁹503·
929 4147 1005 4197 ’om
1017 4145 1084 4195 inT.
1182 4148 1191 4174 ¹
1207 4145 1233 4194 A

79 4215 206 4274 mistam:
220 4213 294 4276 John
312 4215 343 4265 oi
357 4215 450 4278 Tynm.
469 4215 615 4264 conlounds
634 4214 680 4264 the
698 4215 850 4278 expedition
869 4211 898 4264 ol
915 4226 986 4276 1⁹9⁵·
1005 4213 1032 4261 in
1051 4212 1096 4262 dte
1114 4211 1187 4274 reign
1205 4199 1236 4260 oi

80 4281 185 4344 Philipp
197 4279 315 4342 Pulcher,
327 4281 394 4332 with
405 4281 461 4332 that
471 4281 502 4330 ol
511 4281 576 4330 1216
588 4279 630 4358 (cs.
645 4280 741 4332 chron.
754 4280 865 4338 Tborn).
937 4278 947 4307 ⁴
965 4277 994 4328 E.
1006 4276 1112 4355 alectus.
1191 4277 1200 4306 ⁵
1211 4291 1231 4324 r.

77 4347 230 4398 subditurus
241 4349 315 4398 erati
439 4345 450 4376 ⁸
466 4345 495 4397 F.
509 4347 652 4396 dononam.
744 4343 754 4374 '
772 4346 802 4396 E.
815 4347 899 4395 deum.
990 4343 1000 4374 ⁸
1015 4343 1045 4394 T.
1056 4358 1100 4407 qur
1112 4342 1232 4393 tumbam,

78 4415 89 4446 ⁸
107 4413 149 4464 Ex
161 4412 225 4476 Leg.
236 4411 334 4473 Aurea,
346 4427 371 4475 p.
385 4427 439 4476 197·

618 4491 705 4554 bda
