3012 4898
254 289 324 382 378
563 287 694 374 naua
718 282 910 388 [mallia
933 283 1086 388 flssfflil.

251 487 328 546 duos
345 485 397 560 qui
415 503 493 561 pape
511 485 691 554 assidebant,
704 485 881 560 priusquam
899 485 1049 545 ciuitatem
1068 485 1291 561 ingredereris,
1303 503 1405 544 occan-

252 584 366 634 rerunt.
401 577 430 632 A
444 592 523 649 papa
534 575 664 648 benigne
677 585 845 648 susceptus,
858 575 1008 633 renouatis
1020 576 1147 632 ecclesie
1160 593 1216 634 sue
1229 577 1407 650 priuilegiis,

252 661 398 736 finitoque
415 663 545 730 concilio,
564 680 633 720 cum
652 663 859 720 benedictione
877 681 957 736 pape
975 665 1013 720 ad
1026 665 1170 736 Angliam
1190 681 1344 738 prospere
1363 681 1407 720 re·

253 749 386 808 uertitur.
459 739 637 810 Conuocato
655 761 756 808 autem
774 750 938 808 Londoniis
956 751 1164 823 parliamento,
1182 769 1239 808 rex
1260 754 1408 809 inscamer

225 855 241 908 3
254 839 345 912 exigit
355 839 363 871 ¹
373 848 404 897 vt
414 839 596 912 deprehensi
602 839 651 896 vel
663 838 791 896 conuicti
803 839 834 895 in
842 837 1016 897 enormibus
1029 839 1150 911 flagitiis
1159 839 1273 907 clerici,
1282 841 1411 896 ecclesie

254 927 386 1000 presidio
398 927 540 994 destituti,
552 927 616 984 suis
633 927 785 984 lictoribus
800 936 1005 1000 exponantur;
1024 928 1063 984 ad
1077 929 1249 984 nocendum
1263 929 1411 1001 prompti-

253 1031 324 1072 ores
338 1033 392 1072 eos
406 1033 475 1074 esse
493 1015 647 1084 adiiciens,
660 1015 717 1072 nisi
735 1025 804 1088 post
819 1033 929 1088 penam
948 1014 1132 1088 spirimalem
1149 1015 1241 1072 etiam
1260 1015 1410 1088 corporali

254 1119 333 1176 pene
352 1104 526 1171 subdantur,
543 1113 574 1160 et
591 1119 699 1176 parum
715 1119 821 1160 curare
837 1104 876 1160 de
892 1103 1005 1159 ordinis
1021 1101 1184 1159 amissione
1200 1104 1254 1176 qui
1276 1113 1412 1159 contem-

255 1189 386 1263 platione
397 1191 510 1248 ordinis
527 1200 621 1246 atam
637 1191 812 1248 enormibus
829 1207 936 1248 manus
953 1190 1106 1248 continere
1120 1209 1181 1246 non
1194 1201 1346 1247 verentur
1358 1212 1365 1258 ;
1383 1202 1411 1246 et

211 1297 242 1336 ro
254 1287 338 1335 tanto
350 1279 516 1336 deteriores
527 1296 597 1336 esse
609 1277 639 1336 in
653 1279 767 1336 scelere
780 1288 891 1352 quanto
908 1287 979 1336 sunt
995 1279 1104 1335 ceteris
1120 1278 1236 1334 ordinis
1251 1279 1413 1352 priuilegio

255 1365 424 1439 digniores:
444 1368 524 1424 vnde
542 1376 573 1426 et
585 1367 814 1439 seu[er]ioribus
827 1366 1005 1423 cohercendi
1023 1365 1172 1436 vindictis,
1184 1367 1313 1438 quando
1326 1385 1413 1440 repe-

255 1455 373 1512 riuntur
390 1455 420 1510 in
440 1455 564 1524 scelere,
578 1463 608 1512 et
626 1455 733 1512 semoti
753 1471 771 1510 a
789 1455 871 1511 clero
888 1456 970 1511 curie
988 1454 1171 1510 tradenturt
1209 1453 1292 1510 Cum
1311 1465 1412 1510 autem

254 1541 500 1616 archiepiscopus
512 1559 581 1599 cum
595 1545 658 1599 suis
671 1541 868 1616 suffraganeis
881 1541 1046 1599 luculenter
1058 1543 1094 1598 ad
1115 1543 1171 1596 ista
1188 1545 1413 1614 respondisset,

255 1639 423 1687 commotus
453 1647 508 1687 rex
536 1629 741 1688 sciscitabatur
765 1647 804 1686 an
828 1629 1061 1686 consuetudines
1088 1645 1159 1686 suas
1184 1631 1289 1702 regias
1316 1631 1413 1686 forent

213 1741 242 1793 ¹⁵
256 1717 471 1788 conserunturi,
494 1735 570 1791 quas
594 1726 731 1791 tempore
753 1717 802 1774 aui
828 1719 874 1774 sui
899 1716 1115 1790 archiepiscopi
1139 1724 1169 1772 et
1194 1717 1339 1790 episcopi
1364 1721 1414 1774 ob

255 1805 425 1862 seruabant.
462 1805 521 1876 Qui
546 1807 775 1878 responderunt,
793 1823 827 1862 se
847 1805 913 1862 illas
935 1806 1155 1872 obsematuroS,
1175 1804 1280 1860 ‘saluo
1304 1807 1412 1862 ordine

256 1897 329 1950 suo?
368 1893 437 1950 Rex
448 1911 520 1951 vero
533 1893 659 1962 dicebat,
671 1893 766 1950 aciem
780 1901 883 1950 contra
896 1909 930 1948 se
943 1893 1099 1960 firmatam,
1109 1901 1140 1947 et
1149 1909 1311 1948 venenum
1322 1896 1414 1950 verbo

255 1980 297 2037 illi
321 1982 431 2050 inesse,
452 1990 482 2038 et
506 1979 698 2054 capciosum⁸
719 1997 797 2051 esse,
822 1980 933 2037 scilicet
956 1981 1057 2036 ‘saluo
1077 1978 1182 2036 ordine
1207 1981 1282 2036 suo.¹
1327 1980 1415 2038 Vnde

255 2069 376 2142 petebat
394 2077 426 2126 vt
450 2069 586 2126 absolute
609 2077 640 2125 et
664 2069 777 2141 absque
801 2067 966 2124 adiectione
990 2067 1090 2140 regias
1113 2067 1360 2125 consuetudines
1384 2087 1415 2125 se
1502 2075 1503 2088 ¹

212 2183 243 2220 ao
256 2157 468 2214 obseruaturos
478 2155 762 2230 compromitterent.
791 2155 961 2228 Respondit
969 2154 1213 2227 archiepiscopus
1221 2157 1307 2228 quod
1317 2156 1415 2213 tideli-

255 2251 348 2301 tatem
367 2243 546 2312 iurauerant,
568 2243 659 2302 vitam
678 2243 798 2314 scilicet,
819 2243 1008 2300 membrum⁴
1029 2251 1059 2300 et
1078 2243 1222 2298 honorem
1242 2249 1414 2308 terrenum,

256 2333 356 2390 ‘saluo
368 2333 474 2389 ordine
487 2335 560 2402 suo,’
573 2341 603 2388 et
616 2332 697 2404 quod
709 2330 739 2388 in
753 2331 883 2388 ‘honore
895 2333 1032 2387 terreno’
1045 2329 1126 2404 regie
1138 2329 1268 2386 luissent
1280 2349 1414 2389 consue·

256 2421 377 2477 tudines
395 2420 625 2493 comprehense,
644 2428 674 2476 et
693 2437 726 2476 se
751 2419 782 2476 in
807 2419 865 2476 alia
885 2417 981 2475 forma
999 2418 1122 2475 minime
1140 2417 1340 2491 obligaturos
1380 2420 1415 2476 ln

257 2509 386 2566 crastino
407 2525 461 2566 rex
482 2507 666 2565 munitiones
685 2517 716 2564 et
737 2508 945 2580 honoresque
966 2505 1209 2579 archiepiscopus
1229 2523 1249 2562 a
1269 2516 1414 2580 tempore
1502 2535 1503 2558 1

212 2623 243 2674 ²5
258 2596 434 2654 cancellarie
453 2596 483 2652 in
501 2597 635 2653 custodia
652 2595 797 2652 habuerat
814 2613 833 2650 a
850 2611 930 2669 rege,
947 2595 1071 2668 repetita
1088 2594 1209 2668 recepit,
1222 2605 1253 2651 et
1271 2597 1414 2654 nescien-

257 2685 337 2742 tibus
352 2683 504 2758 episcopis
519 2702 537 2740 a
551 2683 718 2740 Londoniis
735 2683 867 2740 recessit.
951 2671 1026 2740 Post
1043 2682 1098 2740 hec
1110 2700 1182 2739 vero
1199 2683 1287 2739 multi
1303 2685 1360 2757 qui
1378 2686 1414 2741 ad

258 2771 362 2830 horam
376 2789 444 2830 cum
459 2771 685 2844 archiepiscopo
702 2779 854 2840 steterant,
867 2770 947 2844 regis
959 2769 1102 2827 voluntati
1119 2787 1153 2827 se
1170 2769 1324 2842 parituros
1343 2791 1415 2846 pro·

259 2860 423 2930 mittebant,
446 2860 549 2933 paucis
573 2877 641 2916 cum
666 2858 892 2932 archiepiscopo
910 2858 1101 2932 pontificibus
1122 2860 1367 2931 remanentibus,
1386 2873 1415 2918 et
1502 2877 1503 2942 ἐ

258 2948 299 3006 hii
318 2957 418 3004 tamen
437 2947 551 3018 occulti,
571 2955 695 3021 propter
715 2956 837 3004 metunt.
882 2946 952 3004 Rex
972 2947 1053 3004 enim
1075 2947 1239 3002 conabatur
1257 2947 1413 3021 archiepi-

212 3061 245 3110 ³0
259 3052 383 3109 scopum
396 3035 555 3108 promissis
569 3045 598 3092 et
611 3035 765 3092 blanditiis
777 3037 815 3092 ad
828 3053 916 3093 suum
929 3033 1073 3091 inclinare
1082 3050 1275 3090 consensum.
1302 3034 1370 3092 Sed
1384 3037 1413 3092 in

259 3133 344 3198 petra
363 3124 515 3192 solidatus,
529 3141 585 3180 nec
605 3123 754 3180 blanditiis
771 3122 897 3181 emolliri
916 3122 1010 3195 potuit
1029 3140 1084 3179 nec
1102 3121 1209 3179 terreri
1228 3121 1331 3191 minis,
1345 3135 1414 3181 vta

258 3212 377 3270 tramite
390 3211 505 3269 iusticie
518 3211 661 3269 declaret.
682 3210 827 3284 Multique
837 3212 875 3268 ad
888 3211 970 3283 regis
983 3211 1109 3283 gratiani
1121 3226 1190 3266 eum
1203 3209 1414 3276 hortabantur,

260 3317 340 3358 nunc
358 3298 585 3356 familiaritatem
604 3299 772 3372 pristinam,
790 3315 870 3356 nunc
891 3298 1045 3371 impensos
1067 3299 1206 3367 honores,
1225 3297 1297 3354 hinc
1316 3316 1414 3371 quan-

259 3396 322 3444 tum
339 3387 422 3460 pacis
436 3387 581 3460 [bonum],
595 3386 665 3444 inde
677 3396 821 3460 quantum
840 3385 1032 3443 dissentionis
1048 3385 1169 3452 malum,
1186 3395 1412 3458 proponentes:
1502 3411 1503 3414 ¹

215 3499 245 3551 35
260 3476 433 3534 adiicientes
453 3475 543 3532 etiam
561 3485 674 3549 quanta
698 3475 774 3531 soret
798 3473 978 3547 insipientia,
996 3473 1085 3530 vnius
1103 3473 1187 3530 verbi
1206 3472 1414 3530 contenciosi⁸
1502 3489 1503 3510 ³

259 3564 415 3622 occasione
440 3571 554 3621 tantam
579 3564 708 3637 perdere
727 3563 862 3636 gratiam,
882 3571 912 3618 et
932 3571 1080 3618 tantorum
1101 3561 1248 3617 malorum
1271 3559 1413 3618 soluere⁸

261 3652 401 3710 radicem.
439 3651 675 3724 Abbasquoque
688 3652 725 3707 de
741 3649 914 3718 Elimosina,
932 3667 949 3706 a
968 3664 1093 3706 romano
1112 3647 1254 3720 pontifice
1271 3647 1412 3714 auectus,
1502 3691 1503 3696 η

261 3739 341 3813 regis
372 3739 516 3795 voluntati
553 3756 623 3795 eum
653 3739 863 3811 obtemperare
895 3737 1103 3809 persuadebat,
1132 3751 1277 3792 asserens
1307 3753 1411 3808 regem

261 3827 391 3886 dominis
407 3826 609 3884 cardinalibus
627 3825 820 3883 iureiurando
837 3825 954 3882 cauisse
973 3825 1052 3898 quod
1071 3823 1145 3880 nihil
1163 3823 1195 3878 in
1213 3823 1411 3896 preiudicium

215 3941 249 3992 40
261 3917 387 3974 ecclesie
397 3913 596 3988 postularet⁷3
616 3923 646 3971 et
658 3914 684 3970 si
696 3913 768 3987 quid
778 3923 1005 3987 presumeretur
1017 3931 1035 3968 a
1044 3929 1125 3984 rege,
1135 3911 1292 3967 dominum
1303 3927 1410 3985 papam

262 4005 319 4062 sibi
332 4003 420 4061 malle
433 4001 683 4076 imputari,quam
697 4018 802 4075 pacem
815 4019 876 4058 non
886 3999 1051 4059 reformari.
1087 3999 1175 4056 Vnde
1184 4007 1216 4054 et
1224 4000 1263 4054 ab
1272 4001 1410 4056 omnibus

263 4108 434 4168 persuasus,
442 4089 493 4148 vix
503 4092 624 4148 tandem
633 4092 671 4146 ad
681 4106 784 4164 regern
794 4087 921 4147 accessit
932 4098 961 4146 et
969 4087 1095 4144 verbum
1103 4087 1183 4159 quod
1194 4087 1258 4158 regi
1271 4086 1409 4142 scandalo

264 4190 374 4238 cratae
387 4187 567 4236 mutaturum
577 4177 721 4252 promisit
752 4176 822 4234 Rex
834 4175 923 4251 igitur
932 4175 1147 4249 aliquantisper
1158 4174 1291 4242 sedatus,
1301 4174 1408 4248 obliga·

297 4301 353 4352 ¹E.
365 4302 459 4362 exegit.
538 4301 595 4352 'R
609 4301 779 4351 truderentur.
861 4298 1083 4360 'Reapsiosum
1162 4293 1221 4347 ⁴13.
1233 4297 1407 4346 membranam·

264 4363 320 4416 ¹E.
333 4367 499 4417 contensiosi.
564 4366 847 4428 ‘andecanem
859 4365 1056 4418 dissensionem.
1121 4359 1363 4426 'apostatarunt
