3036 4878
273 294 344 368 7²4
693 272 896 375 Quantis
924 275 999 350 Ill.

269 479 419 534 occasione
436 487 603 546 contractus,
616 488 677 534 erat
689 479 783 534 adhuc
795 487 922 548 tempore
934 477 1046 533 abbatis
1060 477 1172 548 lngulfi,
1185 477 1232 548 qui
1248 475 1437 534 Hulllretello

269 561 413 629 successit,
425 561 539 634 quidam
552 563 669 618 ecclesie
680 563 783 619 fundus
796 563 824 617 in
837 579 924 617 manu
937 561 1060 630 Assordi,
1073 561 1121 634 qui
1134 563 1211 634 quod
1222 561 1435 633 emphiteotioe

269 663 318 702 seu
331 645 453 700 firmaria
465 646 526 716 lege
539 645 575 701 ad
585 657 697 717 tempus
706 656 862 717 acceperat,
873 664 904 701 se
912 657 1057 718 tamquam
1066 645 1266 702 hereditarium
1276 647 1436 717 possidere

268 729 390 784 dicebat.
438 730 533 785 Causa
556 729 641 800 igitur
666 730 738 786 inter
760 731 894 787 abbatem
918 730 1046 800 predium
1071 731 1189 786 ecclesie
1214 747 1263 786 sue
1287 745 1434 785 reuocare
1513 777 1514 784 ,

238 813 410 882 sniteutem,
432 823 460 868 et
484 814 645 880 Aslordum,
670 831 765 869 coram
791 813 973 884 Magnetibus
992 813 1069 884 regni
1093 813 1251 869 diutissime
1275 814 1433 880 mutilata,
1513 853 1514 858 κ

265 896 381 952 tandem
393 897 514 968 prelixus
531 907 576 953 est
594 899 704 969 utrique
723 897 795 968 parti
812 897 873 954 dies
892 897 1103 969 peremptorius,
1117 898 1147 953 in
1165 915 1221 969 quo
1239 897 1261 952 si
1280 897 1432 953 essentia
1513 895 1514 906 ³

266 981 346 1036 terris
359 980 466 1036 iudices
478 981 524 1054 qui
537 983 621 1038 deum
640 982 778 1048 timerent,
791 983 995 1037 monachorum
1011 981 1123 1037 iusticia
1138 981 1166 1036 in
1179 981 1314 1037 iudicium
1327 992 1430 1037 uerte·

265 1075 347 1119 retur.
390 1065 477 1120 Porro
495 1065 633 1121 Aslordus
650 1065 690 1120 ita
710 1065 833 1120 iudicum
853 1075 961 1120 mentes
980 1065 1054 1136 turpi
1075 1065 1229 1121 uenalitate
1248 1076 1430 1136 corruperat,

265 1157 294 1202 ut
316 1148 445 1219 quamuis
467 1149 503 1204 de
522 1149 581 1205 iure
602 1166 655 1204 suo
676 1149 758 1220 plene
783 1148 929 1209 diffideret.
949 1149 985 1203 de
1006 1149 1161 1218 optinendo
1184 1160 1278 1204 tanim
1302 1149 1429 1204 meliore

222 1243 253 1282 ro
266 1232 372 1288 calculo
391 1233 534 1289 sentencie
554 1233 668 1304 plenam
690 1233 718 1288 in
740 1233 798 1288 suis
819 1231 982 1288 muneribus
1003 1233 1134 1288 fiduciam
1153 1241 1316 1304 reportaret.
1361 1235 1428 1288 Ve-

264 1327 442 1386 rumptamen
455 1317 527 1372 ‘non
540 1327 583 1372 est
596 1317 752 1385 consilium,
762 1333 819 1372 non
828 1327 872 1372 est
884 1315 1029 1386 sapiencia
1038 1326 1136 1372 contra
1145 1317 1306 1372 dominum’
1339 1317 1424 1371 Dum
1513 1369 1514 1376 ,

263 1400 339 1454 enim
358 1401 494 1456 Asfordus
512 1419 545 1456 ex
563 1417 645 1456 cursu
662 1399 808 1471 multiplici
827 1417 877 1456 sue
894 1399 1002 1455 fraudis
1021 1400 1247 1456 machinamenta
1266 1411 1422 1470 procurat:
1513 1389 1514 1444 ἶ

263 1482 435 1554 simplicitati
460 1492 488 1539 et
512 1482 676 1540 innocencie
704 1485 908 1539 monachorum
939 1483 1026 1539 uirtus
1050 1483 1147 1539 diuina
1171 1483 1354 1554 prospiciens,
1380 1486 1422 1540 de

262 1582 336 1636 equo
361 1577 566 1636 persecutorem
590 1567 747 1639 precipitat.
796 1568 847 1622 llle
872 1576 966 1622 autern
991 1566 1094 1622 collisis
1119 1567 1253 1622 membris
1274 1567 1420 1637 spiritum,

220 1667 248 1718 15
264 1649 417 1721 cupiditate
429 1658 457 1705 et
472 1650 594 1707 auaricia
611 1661 779 1718 estuantem,
793 1650 942 1706 intestatus
959 1651 1060 1706 exalat.
1098 1650 1194 1706 ‘Delus
1209 1650 1314 1704 domini
1334 1667 1420 1706 exer-
1513 1727 1514 1732 ἵ

262 1733 367 1789 rituum
388 1735 453 1790 lecit
474 1735 546 1790 hoc'
593 1736 626 1790 ln
650 1734 705 1791 hiis
726 1744 821 1789 autem
842 1749 899 1788 non
922 1743 965 1789 est
987 1749 1102 1789 auersus
1125 1735 1202 1790 furor
1224 1732 1342 1800 domini,
1363 1735 1420 1790 scd

262 1816 354 1873 adhuc
382 1835 482 1873 manus
506 1819 566 1874 eius
589 1827 718 1874 extenta:
755 1835 822 1872 nam
846 1817 914 1872 dum
938 1817 1039 1872 mortui
1064 1816 1187 1872 cadauer
1209 1818 1247 1872 ad
1272 1819 1418 1886 burgense

261 1903 461 1957 monasterium
480 1903 640 1970 deferretur,
652 1901 766 1972 contigit
784 1911 814 1956 ut
832 1901 936 1956 iunctis
954 1901 1104 1970 portitores
1123 1901 1270 1956 transitum
1288 1902 1418 1958 facerent
1513 1903 1514 1918 *

261 1982 338 2039 iuxta
349 1995 460 2056 pratum
475 1987 549 2057 quod
564 1985 593 2042 in
611 1983 800 2044 controuersia
817 1985 926 2040 iuerat:
947 1994 975 2040 et
992 1983 1097 2039 ibidem
1114 1996 1239 2040 mortuus
1252 1985 1287 2040 de
1306 1985 1415 2040 feretro
1513 2005 1514 2048 ῑ

216 2089 247 2129 20
261 2069 371 2134 cecidit,
383 2079 528 2140 totumque
544 2070 666 2126 cadauer
681 2067 710 2123 in
726 2069 815 2124 frusta
830 2067 933 2123 diuisit.
971 2068 1054 2136 Quod
1074 2067 1314 2123 circumstantium
1327 2069 1414 2124 turba

260 2163 406 2221 parentum
418 2163 445 2210 et
458 2153 611 2209 amicorum
627 2151 813 2224 conspiciens,
825 2150 1007 2208 festinancius
1023 2167 1137 2207 currens
1149 2153 1187 2207 ad
1198 2151 1284 2223 pedes
1297 2153 1414 2208 abbatis

260 2236 390 2304 procidit,
401 2247 430 2292 et
443 2237 559 2292 consilio
573 2247 657 2308 atque
673 2253 790 2292 assensu
807 2245 972 2306 magnatum
987 2235 1105 2290 fundum
1121 2253 1206 2306 super
1221 2252 1277 2305 quo
1288 2235 1412 2306 litigium

259 2321 431 2388 uersabatur,
444 2321 615 2378 monasterio
628 2318 716 2376 sancti
729 2319 860 2377 Guthlaci
873 2319 932 2376 iure
944 2327 1077 2392 perpetuo
1090 2319 1250 2390 resignauit.

346 2477 482 2533 Onachus
505 2477 620 2549 quidam
646 2475 860 2548 Spaldingensis
884 2473 1043 2532 monasterii
1065 2486 1235 2547 procurator,
1259 2476 1412 2532 occasione

208 2567 243 2617 ‘²5
381 2559 527 2615 cuiusdam
551 2561 629 2615 fundi
654 2563 807 2616 monachos
835 2559 924 2615 sancti
949 2559 1081 2615 Guthlaci
1105 2559 1142 2615 de
1169 2559 1332 2615 Croilandie
1358 2561 1409 2615 diu

257 2653 387 2713 proterue
410 2641 620 2713 inquietauerat,
643 2653 672 2699 et
691 2643 794 2700 iniuste
817 2643 961 2699 afflixerat.
1013 2644 1140 2714 Cumque
1160 2643 1197 2698 ad
1221 2643 1299 2714 pacis
1323 2644 1407 2699 refor-

257 2727 410 2783 mationem
433 2725 512 2781 multi
536 2727 631 2798 magni
656 2736 684 2782 et
709 2726 860 2797 prudentes
885 2727 937 2781 uiri
962 2726 997 2782 de
1022 2726 1091 2782 locis
1115 2726 1309 2783 adiacentibus
1337 2745 1406 2783 con·

257 2811 409 2879 uenissent,
422 2821 584 2881 procurator
595 2812 687 2882 potius
707 2812 742 2866 de
761 2828 811 2866 sua
829 2809 931 2866 mentis
950 2810 1059 2866 astucia
1075 2820 1103 2865 et
1119 2811 1213 2880 lingue
1226 2811 1406 2879 procacitate,

257 2913 341 2967 quam
364 2896 399 2950 de
421 2911 472 2949 sua
490 2893 612 2965 equitate
632 2895 786 2963 confidens,
808 2893 1011 2949 contumaciter
1028 2893 1125 2949 omnia
1146 2893 1294 2949 concordie
1318 2897 1406 2952 uerba

211 2999 243 3050 30
256 2979 370 3050 respuit,
389 2977 552 3050 cunctisque
570 2978 730 3046 rogantibus
749 2995 802 3048 que
820 2977 858 3033 ad
877 2994 976 3047 pacem
994 2987 1082 3046 erant,
1100 2977 1161 3047 ipse
1179 2975 1208 3032 in
1226 2978 1357 3047 superbia
1374 2992 1404 3036 et

255 3064 390 3119 abusione
409 3063 533 3117 recessit.
576 3063 651 3117 Sane
672 3062 739 3116 dum
758 3061 829 3116 furia
849 3059 984 3128 inuectus,
1007 3071 1067 3115 toto
1086 3070 1200 3131 pectore
1221 3061 1332 3118 malicie
1353 3081 1401 3119 sue

255 3147 330 3203 uirus
354 3145 469 3212 efflaret,
490 3162 507 3199 a
527 3144 642 3200 domino
665 3161 814 3215 percussus
836 3154 897 3200 est:
929 3155 958 3200 et
979 3154 1111 3214 ceperunt
1134 3143 1207 3199 oculi
1232 3144 1292 3199 eius
1311 3145 1402 3202 subito

255 3230 383 3298 cecutire,
396 3241 480 3300 atque
498 3228 604 3284 maiore
622 3228 709 3283 oculis
727 3227 787 3283 eius
806 3227 926 3298 caligine
944 3227 1075 3296 irmente,
1094 3238 1244 3299 antequam
1263 3228 1301 3283 ad
1321 3247 1401 3286 suum

253 3314 410 3384 perueniret
429 3311 638 3380 monasterium,
654 3311 750 3367 oculos
772 3311 832 3366 eius
850 3311 941 3380 caligo
960 3311 1081 3380 densior,
1097 3321 1126 3366 et
1144 3311 1258 3365 omnino
1275 3328 1401 3384 peremp-

208 3421 239 3471 35
253 3397 325 3452 toria
337 3397 422 3463 uisus,
435 3395 609 3451 tenebrosior
616 3411 671 3449 nox
683 3393 807 3450 obduxit.
832 3394 902 3449 Visu
913 3394 997 3464 igitur
1006 3395 1150 3450 oculorum
1164 3411 1275 3466 prorsus
1288 3396 1399 3467 amisso,

252 3480 330 3535 dedit
352 3479 377 3535 ei
396 3480 511 3534 tandem
530 3479 641 3534 ueratio
659 3479 838 3547 intellectum,
860 3487 888 3532 et
911 3476 1058 3548 disciplina
1075 3477 1246 3533 scienciam:
1264 3489 1293 3534 et
1313 3481 1349 3535 ad
1369 3499 1399 3537 se

251 3581 388 3632 reuersus,
401 3561 544 3633 comperit,
557 3562 634 3633 quod
647 3562 719 3616 ‘non
732 3573 792 3616 erat
805 3571 912 3617 rectum
925 3579 989 3616 curn
1001 3561 1056 3616 deo
1070 3578 1117 3616 cor
1129 3561 1206 3628 eiuS,³
1218 3561 1269 3617 sed
1281 3566 1288 3592 ⁴
1298 3565 1326 3617 in
1338 3564 1398 3620 felle

252 3646 445 3703 amaritudinis
455 3655 483 3701 et
493 3645 662 3714 obligatione
672 3644 843 3716 iniquitatis,’
853 3661 967 3699 suorum
976 3643 1196 3715 persequebatur
1204 3644 1397 3703 innocenciam

252 3731 449 3802 proximorum.
487 3729 645 3784 Penitencie
662 3745 729 3799 ergo
743 3737 771 3784 et
789 3727 963 3783 contritionis
980 3728 1111 3784 affectum
1124 3727 1211 3782 multa
1223 3729 1395 3786 lacrimarum

160 3861 163 3868 ,
206 3834 239 3889 40
252 3816 378 3871 ubertate
396 3814 547 3885 professus,
560 3813 588 3868 in
607 3811 727 3868 insulam
748 3811 907 3868 Croilandie
925 3812 990 3868 lecit
1009 3829 1040 3867 se
1058 3811 1172 3882 nauigio
1190 3813 1351 3884 transuehi;
1370 3824 1396 3869 et

251 3899 346 3954 uotiua
370 3897 442 3954 cerei
466 3897 608 3952 oblatione
630 3897 777 3968 premissa,
802 3907 868 3952 ante
892 3894 967 3951 beati
998 3895 1130 3952 Guthlaci
1162 3897 1339 3966 sepulchrum
1368 3897 1394 3952 in

250 3982 405 4038 orationem
424 3997 454 4037 se
473 3980 628 4036 diutissime
644 3980 770 4051 proiecit.
808 3982 931 4049 surgens
946 3989 1040 4034 autem
1058 3981 1095 4034 ab
1113 3979 1239 4034 oratione
1257 3989 1285 4034 et
1304 3997 1392 4035 coram

248 4066 379 4121 fratribus
391 4063 445 4119 loci
458 4065 568 4135 publice
581 4081 611 4119 se
623 4079 769 4128 accusans,
780 4063 953 4133 singulorum
961 4063 1046 4118 etiam
1059 4063 1179 4133 pedibus
1191 4080 1222 4118 se
1235 4063 1392 4132 aduoluens,

249 4165 359 4202 summa
371 4147 444 4217 cepit
458 4147 614 4202 humilitate
627 4157 788 4202 sanctorum
803 4145 934 4216 suffragia
950 4147 1111 4218 implorare,
1121 4145 1222 4201 obnixe
1234 4147 1391 4216 promittens

203 4247 235 4296 45
248 4229 323 4298 quod
346 4230 461 4284 beatum
486 4230 656 4286 Guthlacum
678 4231 714 4285 de
739 4241 832 4286 cetero
856 4247 1001 4302 nunquam
1025 4229 1185 4294 offenderet,
1208 4245 1261 4284 nec
1287 4230 1314 4284 in
1338 4229 1390 4284 eius

247 4311 431 4377 preiudiciurn
453 4323 503 4369 aut
525 4330 646 4380 suorum,
667 4313 818 4387 quicquam
843 4313 879 4372 de
904 4325 996 4372 cetero
1020 4323 1207 4385 attemptaret.
1253 4313 1389 4370 Fratribus
