3054 4904
394 324 468 419 Dr
492 320 655 411 sonno
681 321 937 409 tentante
1168 347 1238 418 1³9

537 561 562 620 il
580 559 630 617 Ex
639 561 785 618 cronicis¹.

119 651 218 723 Circa
239 681 354 721 annum
375 663 488 721 domini
509 664 702 722 millesimum
727 663 925 722 centesimum
949 663 1238 739 quintumdecimum

74 753 271 809 Thurstinus
292 751 535 825 archiepiscopus
556 753 748 810 eboracensis
767 769 836 808 cum
856 752 1056 809 obedientiam
1077 752 1238 825 Radulpho

75 840 290 897 cantuariensi
308 839 533 913 archiepiscopo
549 839 648 896 lacere
666 850 817 910 renueret,
835 847 968 897 statuunt
988 839 1095 896 Remis
1113 841 1151 896 ad
1170 857 1238 896 con·

75 927 209 983 cilium¹
221 945 399 984 concurrere
412 944 467 1001 pro
480 928 690 983 terminatione
702 943 809 983 cause:
829 926 879 983 vbi
892 944 971 1000 papa
988 926 1087 999 primo
1102 927 1239 1000 promisit

77 1016 153 1087 regi
167 1014 300 1071 Henrico
310 1024 340 1071 et
353 1014 551 1071 cantuariensi
561 1014 721 1086 Radulpho
734 1013 808 1069 nihil
821 1023 923 1070 contra
934 1014 1107 1087 dignitatem
1119 1023 1238 1072 cantua-
1253 1030 1266 1081 5

77 1101 199 1158 riensis
212 1102 338 1158 ecclesie
352 1111 489 1169 statuere,
497 1101 591 1158 immo
604 1102 662 1159 tale
675 1101 1046 1175 priuilegium¹videbatur
1055 1105 1237 1169 concedere:

78 1191 295 1263 ‘Quecunque
312 1189 495 1246 auctentica¹
507 1199 538 1246 et
554 1207 572 1246 a
585 1190 852 1261 predecessoribus
864 1189 976 1247 nostris
989 1208 1133 1247 concessa
1146 1191 1237 1248 habet

78 1277 217 1335 ecclesia
235 1287 344 1348 vestra,
358 1297 393 1334 ea
411 1278 580 1334 nullatenus
598 1277 813 1346 imminuimus,
831 1279 884 1333 sed
903 1277 1081 1334 inconcussa
1099 1278 1238 1335 volumus

77 1366 259 1422 obseruari!
308 1365 529 1422 Recedentibus
553 1383 626 1422 vero
650 1365 768 1422 nunciis
792 1364 882 1438 regiis
908 1365 1105 1422 Thurstinum
1134 1384 1238 1424 conse-

79 1453 193 1522 crauit,
218 1453 341 1526 pallium
366 1452 394 1510 ei
418 1455 549 1509 tradens.
588 1452 625 1508 Et
649 1452 717 1508 licet
742 1469 796 1508 rex
821 1452 990 1525 indignatus
1015 1461 1126 1510 terram
1152 1471 1238 1510 suam
1255 1473 1284 1509 ro

78 1540 253 1597 Thurstino
273 1540 454 1613 prohiberet,
474 1539 647 1614 apostolicis
672 1550 773 1596 tamen
797 1539 904 1596 litteris
929 1541 1106 1613 perterritus
1130 1549 1184 1611 est,
1207 1541 1237 1597 in

81 1629 200 1701 quibus
213 1629 466 1701 comprehensum
482 1628 576 1684 suerat
589 1636 620 1684 vt
637 1637 686 1684 aut
699 1628 897 1684 Thurstinum
912 1629 1091 1697 admitteret,
1104 1638 1154 1684 aut
1170 1630 1238 1702 ipse

81 1734 142 1772 rex
157 1715 339 1773 anathemati
357 1716 531 1783 subiaceret,
544 1725 573 1772 et
590 1715 806 1772 cantuariensis
823 1715 910 1772 officii
926 1716 1054 1789 dignitas
1074 1717 1238 1789 suspende·

81 1813 180 1860 retur.
217 1802 420 1873 Quamobrem
434 1821 489 1859 rex
501 1802 697 1860 Thurstinum
710 1812 829 1859 coactus
842 1803 969 1861 admisit.

121 1879 210 1950 Cum
236 1892 366 1963 quadam
397 1891 608 1964 solempnitate
635 1908 690 1948 rex
708 1891 880 1948 Willelmus
902 1892 1070 1948 diademate
1097 1900 1126 1948 et
1151 1891 1238 1949 indu·
1255 1915 1283 1965 15

83 1978 200 2036 mentis
218 1979 368 2050 regalibus
387 1988 510 2035 ornatus
529 1980 649 2035 sederet
667 1980 704 2035 ad
724 1996 871 2050 mensam,
889 1989 919 2036 et
939 1979 1135 2038 lamfrancus
1157 1980 1239 2037 iuxta

84 2084 178 2136 eum;
198 2067 319 2139 quidam
346 2084 459 2138 scurra,
484 2066 592 2125 videus
618 2084 721 2140 regem
749 2085 821 2124 auro
849 2076 879 2123 et
904 2067 1033 2139 gemmis
1064 2068 1238 2137 radiantem,

84 2154 269 2212 exclamauit
286 2154 464 2211 adulationis
479 2172 553 2210 voce
569 2164 599 2210 et
616 2154 708 2212 dixit:
729 2155 824 2211 ‘Ecce
842 2157 932 2211 deum
948 2155 1043 2222 video,
1058 2173 1127 2212 ecce
1147 2157 1236 2212 deum

84 2242 194 2299 video!
232 2241 430 2298 Lamfrancus
455 2252 555 2300 autem
581 2260 745 2300 conuersus
764 2244 803 2299 ad
823 2260 926 2316 regem
945 2242 1002 2301 ait:
1033 2243 1149 2299 ‘Nolite
1170 2243 1239 2300 talia

84 2331 149 2402 pati
166 2329 304 2404 impon[i]
326 2330 447 2387 vobis¹2
468 2349 528 2387 non
546 2339 616 2390 sunt
633 2331 689 2386 hec
705 2330 843 2402 hominis,
862 2331 916 2388 sed
935 2330 992 2388 dei.
1031 2330 1134 2389 Iubete
1155 2331 1238 2388 illum
1253 2353 1285 2388 ao

85 2420 199 2474 acriter
228 2418 391 2488 verberari,
419 2436 459 2475 ne
488 2435 621 2491 unquam
651 2420 758 2474 audeat
787 2418 857 2474 talia
888 2419 1011 2476 iterare!
1061 2419 1098 2475 Et
1128 2419 1238 2476 factum

86 2516 134 2563 est
162 2507 211 2562 ita
259 2505 391 2563 Nouerat
418 2506 673 2580 prudentissimus
697 2507 744 2562 vir
770 2508 850 2579 quod
876 2507 982 2564 tertius
1009 2507 1149 2564 Herodes
1172 2508 1239 2565 ideo

85 2596 124 2650 ab
152 2594 262 2667 angelo
290 2611 453 2667 percussus
480 2595 600 2666 interiit,
626 2595 696 2669 quia
723 2595 909 2651 adulatorum
934 2596 1036 2666 verba,
1066 2612 1127 2670 que
1154 2597 1239 2668 quasi

86 2683 145 2739 deo
173 2682 231 2738 sibi
258 2683 468 2752 acclamabant,
493 2700 554 2739 non
582 2682 705 2756 respuit,
731 2683 784 2739 sed
812 2683 952 2756 suscepit.
1036 2671 1239 2741 Lamsrancus

87 2771 251 2828 ecclesiam
278 2770 440 2827 roffensem
460 2771 638 2827 instaurauit
657 2781 687 2827 et
702 2771 946 2844 possessionibus
966 2770 1078 2827 ditauit.
1117 2771 1238 2828 Monas·
1254 2795 1283 2847 ²5

86 2860 199 2916 terium
222 2857 318 2915 sancti
339 2858 450 2914 Albani
471 2859 600 2916 restituit
619 2859 651 2914 in
676 2859 834 2932 pristinum
859 2868 978 2926 statum,
997 2858 1028 2915 in
1055 2877 1114 2934 quo
1140 2859 1240 2930 posuit

89 2947 229 3004 abbatem
250 2945 385 3014 Paulum,
404 2946 616 3003 cadomensem
633 2948 813 3003 monachum
888 2934 1088 3004 Lamlrancus
1103 2947 1185 3004 enim
1199 2947 1240 3004 ita

89 3032 142 3090 suit
168 3033 310 3103 liberalis,
332 3043 362 3090 vt
387 3033 536 3092 diceretur
559 3035 675 3090 nullum
700 3043 761 3090 tarn
785 3034 901 3106 largum
926 3036 963 3091 de
987 3034 1070 3090 Italia
1095 3034 1240 3091 Lombar·

89 3121 182 3179 dum⁸
207 3138 365 3195 egressum
390 3119 492 3178 luisse.
530 3121 565 3178 In
590 3122 701 3178 vilitate
726 3122 845 3178 habitus
873 3121 1106 3195 parsimoniam¹
1126 3123 1239 3180 tenuit:

90 3209 276 3284 pauperibus
299 3209 340 3266 ita
363 3217 428 3265 erat
452 3209 575 3282 dapsilis
598 3209 672 3283 [ιιι]8
693 3210 873 3284 quingentas
893 3210 984 3266 libras
1007 3210 1132 3282 singulis
1151 3211 1239 3268 annis
1254 3226 1286 3275 30

90 3295 119 3352 in
139 3297 337 3356 elemosinam
357 3315 516 3370 errogasse
538 3298 659 3355 dicatur.
732 3285 875 3356 ¹Interea
896 3317 965 3355 cum
987 3297 1183 3356 Lamlrancus
1201 3299 1239 3355 ab

91 3384 239 3444 Ancelmo
264 3385 370 3443 abbate
394 3385 572 3454 visitaretur,
597 3395 626 3442 et
650 3385 780 3444 inuicem
804 3388 843 3444 de
864 3386 993 3443 diuersis
1014 3387 1100 3459 plura
1124 3387 1240 3444 confer·

91 3483 167 3542 rent,
186 3482 369 3546 conquestus
387 3484 434 3530 est
451 3473 613 3547 episcopus
632 3474 711 3546 quod
729 3473 868 3531 homines
887 3474 965 3531 illius
990 3474 1087 3548 patrie
1105 3476 1239 3532 colerent

92 3562 239 3632 quosdam
259 3570 378 3618 sanctos
397 3579 473 3634 quos
492 3562 541 3619 ille
560 3579 621 3618 non
639 3562 800 3630 affectaret,
813 3566 858 3618 ‘et
873 3562 1013 3632 maxime,
1026 3563 1075 3633 ait,
1088 3565 1240 3635 quendam

93 3645 263 3722 Elphegum
283 3648 552 3722 archiepiscopum,
571 3668 662 3723 quem
684 3667 746 3707 non
767 3649 864 3707 solum
884 3650 963 3706 inter
985 3660 1113 3721 sanctos,
1132 3653 1188 3708 sed
1210 3661 1240 3708 et
1254 3664 1284 3713 35

93 3733 169 3793 inter
193 3736 333 3794 martires
358 3754 517 3793 numerare
542 3739 734 3806 contendunt,
756 3755 824 3794 cum
850 3746 967 3794 constet
991 3737 1074 3794 illum
1099 3756 1159 3794 non
1184 3756 1239 3811 pro

93 3821 203 3882 Christi
221 3824 290 3893 fide,
304 3825 358 3881 sed
371 3825 440 3897 quia
453 3826 490 3881 ab
503 3825 640 3896 inimicis,
654 3843 671 3881 a
683 3825 791 3898 quibus
807 3835 912 3899 captus
929 3827 1096 3894 tenebatur,
1109 3843 1143 3882 se
1161 3826 1240 3882 redi-

94 3927 175 3970 mere
186 3911 323 3980 noluerit,
332 3911 545 3985 interemptum
555 3913 577 3944 ¹⁰
589 3913 699 3970 fuisse!
735 3915 787 3970 Ad
795 3914 850 3970 hec
859 3915 1025 3970 Anselmus
1033 3914 1053 3947 ¹¹
1067 3913 1238 3986 respondit:
1277 3975 1280 3982 .

95 3998 231 4058 ‘Certum
245 4008 300 4068 est,
315 3999 419 4072 inquit,
433 4000 502 4073 quia
519 4000 546 4056 is
566 4000 626 4073 qui,
640 4019 679 4057 ne
697 4001 804 4058 leuiter
819 4003 971 4075 peccando
990 4003 1080 4058 deum
1099 4001 1239 4073 offendat,

94 4089 170 4145 mori
183 4105 245 4145 non
258 4085 380 4157 dubitat,
394 4088 486 4145 multo
504 4088 600 4161 magis
617 4090 694 4145 mori
711 4107 771 4146 non
790 4089 939 4146 dubitaret
952 4089 1128 4163 priusquam
1140 4089 1239 4163 aliquo
1253 4112 1286 4162 4ο

125 4241 375 4308 ¹ctfligdenvl1,
390 4259 428 4307 15.
527 4245 742 4296 ¹E.consilium.
843 4246 1087 4309 ³E.preuilegium.
1182 4247 1240 4299 ⁴13.

95 4310 227 4362 autentica.
295 4310 306 4340 ⁶
322 4309 384 4361 T.E.
395 4312 530 4374 imponere
542 4313 624 4363 nobis.
690 4313 739 4362 οΤ.
753 4311 920 4364 lumbardum.
985 4311 994 4342 ¹
1006 4313 1035 4362 E.
1050 4313 1240 4375 parcimoniam.

97 4367 105 4396 ¹
120 4387 166 4426 om.
180 4377 206 4424 iu
219 4375 249 4428 E.
317 4377 327 4406 ¹
344 4376 383 4426 cf.
393 4377 508 4428 Anselm.
574 4376 593 4409 ¹⁰
611 4376 640 4428 E.
654 4378 825 4430 interemtum.
892 4377 910 4407 ¹¹
927 4381 957 4431 T.
968 4379 1106 4438 ancelinus.
