3008 4904
388 329 463 423 Da
486 327 650 420 &anuo
676 327 907 421 unumne
1148 352 1219 427 245

59 527 149 586 euius
169 528 311 586 doctrina
333 531 461 588 salubris
486 530 618 589 Cunctas
637 531 781 590 eeclesias
801 531 929 590 illustrat
950 531 982 589 in
1004 533 1078 590 orbe
1105 521 1220 590 fideles

63 616 97 672 V.
131 617 288 674 Mundum
317 619 507 692 contempsit,
537 619 598 676 iam
630 620 723 676 celica
759 637 853 692 regna
885 620 1041 678 subintrat.
1089 619 1220 676 Cunctas

58 706 214 763 ecclesias
226 706 354 762 illustrat
366 716 420 764 etc„

93 795 117 854 ll
132 793 234 850 Lectio
246 796 305 850 viii.
345 781 467 851 Interea
479 793 600 850 sancta¹
612 793 748 867 sepefata
763 793 991 852 sarisburiensis
1006 793 1132 852 ecclesia
1143 803 1219 850 tam·

58 892 154 952 quam
176 880 392 953 grauidissima
414 899 525 955 parens
544 882 659 938 vicina²
684 883 780 956 partui
800 883 936 955 pluribus
957 883 1170 954 punctionibus
1189 890 1248 950 ets

58 969 221 1036 pressuris
252 968 367 1038 affecta,
389 969 520 1042 itemque
548 969 655 1042 cupide
683 969 805 1027 videndi
836 969 931 1027 sancti
961 969 1060 1042 plebis
1083 970 1219 1042 pondere

57 1051 206 1126 fatigata3
233 1064 426 1129 anteceptum
449 1057 594 1114 hodierne
614 1057 782 1114 iestiuitatis
801 1057 941 1126 officium,
959 1057 1032 1113 illud
1050 1056 1219 1113 Hieremia-

57 1142 156 1197 num³
175 1143 389 1216 propheticum
401 1144 511 1217 iugiter
524 1145 737 1218 ingeminando
752 1145 907 1202 clamauit:
935 1144 1097 1201 ‘Ventrem
1116 1154 1218 1202 meunt

58 1229 159 1298 doleo,
172 1239 315 1288 ventrem
330 1249 431 1288 meum
444 1232 549 1303 doleo,'
564 1232 624 1289 acsi
638 1233 771 1304 apertius
783 1249 856 1289 voce
873 1233 1060 1305 queribunda
1072 1231 1217 1288 dixisset:

58 1315 205 1374 ‘Satisne
219 1319 293 1375 mihi
306 1319 361 1375 soli
375 1329 421 1376 est
435 1321 503 1392 plus
517 1338 608 1393 quam
623 1320 765 1378 trecentis
774 1320 862 1376 annis
871 1321 993 1376 anxiam
1007 1329 1036 1376 et
1049 1320 1217 1376 dolorosam
1234 1336 1264 1372 ιο

59 1403 115 1460 hoc
129 1406 233 1478 opus*
248 1407 385 1480 geniture
398 1425 464 1465 mee
483 1409 583 1464 nobile
595 1425 672 1464 onus
685 1410 763 1464 clam
775 1408 852 1464 intra
859 1409 976 1465 viscera
988 1407 1177 1464 continuasse
1186 1405 1218 1464 ³?

58 1489 170 1550 Videte
192 1505 311 1550 ceteras
329 1513 456 1569 sponsas
475 1494 561 1568 regni
578 1513 668 1568 quam
685 1497 825 1568 expedite
841 1495 967 1569 pignora
983 1513 1038 1552 sua
1055 1495 1215 1552 edidere⁶:

58 1579 172 1652 videte,
193 1583 327 1655 inquam,
346 1601 407 1654 eas,
425 1583 525 1642 videte
547 1593 578 1640 et
600 1601 657 1640 me.
702 1583 767 1656 Ego
786 1601 891 1640 earum
910 1584 1024 1656 aliquas
1043 1584 1217 1656 generando

59 1670 201 1740 preueni,
216 1671 271 1726 sed
289 1670 383 1727 abeis
401 1671 546 1744 pariendo
566 1680 713 1744 preuenta
731 1672 816 1728 sum!
854 1670 941 1741 Quod
957 1689 1029 1727 sane
1046 1669 1216 1743 intelligens

59 1755 171 1813 nobilis
198 1759 246 1814 vir
272 1758 442 1816 Richardus
467 1760 505 1815 de
532 1758 731 1832 Bellocampo,
757 1758 808 1832 qui
834 1758 969 1816 eiusdem
995 1767 1065 1814 tunc
1091 1758 1216 1815 ecclesie
1232 1775 1261 1826 15

61 1857 175 1914 magno
188 1845 371 1918 fungebatur
383 1847 558 1918 sacerdotio,
566 1847 715 1904 adiunctis
728 1849 785 1904 sibi
798 1848 913 1904 decano
925 1864 960 1902 ac
976 1845 1115 1902 fratribus
1129 1863 1216 1918 para-

59 1929 198 2001 tissimis,
224 1933 361 1990 eiusdem
385 1933 488 1990 enim⁷
512 1934 568 1991 loci
593 1934 761 2002 canonici53
793 1951 878 1991 more
904 1932 1132 2005 vigilantissime
1163 1934 1215 1989 ob·

61 2019 202 2090 stetricis,
223 2038 284 2077 non
309 2030 368 2077 tam
389 2023 556 2095 prudenter
575 2023 747 2080 obseruauit
768 2040 859 2095 quam
879 2021 1055 2078 accelerauit
1076 2029 1214 2094 tempora

60 2116 177 2174 partus.
199 2108 336 2178 Quorum
348 2110 494 2182 impensis
504 2110 664 2167 deuotione
677 2129 711 2167 ac
724 2111 869 2167 industria
878 2110 1062 2167 elaboratum
1075 2119 1121 2165 est
1135 2111 1212 2181 quod

60 2189 139 2250 intra
177 2197 310 2254 eundem
340 2213 453 2254 annum
483 2197 581 2254 facte⁸
612 2198 856 2268 canonizationis,
887 2197 1211 2270 decimoseptimoque⁹
1230 2210 1261 2245 ²0

61 2278 207 2341 kalendas
224 2283 350 2341 Sextilis
362 2285 517 2342 translatio
530 2285 594 2342 eius
607 2286 772 2342 solenniter
790 2286 939 2359 completa
955 2295 1010 2342 est.
1046 2284 1102 2341 Cui
1122 2283 1213 2358 siqui·

62 2367 132 2424 dem
149 2371 306 2429 sestiuitati
321 2375 442 2446 copiose
458 2373 623 2431 intererant
638 2373 753 2446 primas
770 2374 860 2430 totius
873 2373 1021 2446 prouintie
1031 2373 1062 2444 ¹⁰,
1075 2372 1213 2446 presules

61 2469 95 2510 ac
120 2458 279 2532 principes
305 2459 399 2532 regni,
425 2477 493 2516 cum
518 2459 669 2517 inferioris
693 2461 791 2535 plebis
815 2459 1004 2517 multitudine
1029 2459 1212 2516 admiranda.

62 2539 99 2597 R.
120 2543 266 2604 Infirmos
285 2556 378 2618 curat,
396 2565 483 2605 cecos
504 2565 539 2604 ac
559 2548 727 2606 debilitatos
747 2549 893 2606 Membris
911 2547 1083 2618 consolidat,
1103 2547 1211 2621 partim

61 2645 158 2700 genus
177 2652 270 2691 omne
288 2634 399 2690 doloris
419 2634 518 2691 Donat
537 2635 566 2691 ei
584 2636 725 2692 dominus
741 2645 773 2693 vt
790 2652 949 2692 remouere
967 2645 1063 2708 queat
1111 2634 1144 2692 V.
1162 2634 1214 2694 An
1228 2647 1258 2699 ²5

61 2715 154 2778 febris
167 2740 207 2779 an
220 2721 316 2795 pestis
328 2739 367 2778 an
380 2721 418 2779 sit
430 2739 573 2796 pressura
586 2725 730 2795 parentis,
746 2722 845 2780 Donat
857 2732 912 2779 etc.

96 2807 119 2866 tl
141 2809 238 2866 Lectio
259 2811 296 2865 ix.
335 2797 398 2866 Iste
424 2828 497 2884 ergo
516 2819 564 2866 est
588 2811 653 2868 dies
664 2811 693 2881 ¹¹,
712 2811 819 2868 iratres
843 2809 1035 2880 dilectissimi,
1055 2817 1212 2882 expectate

62 2891 167 2968 leticie,
181 2900 247 2956 dies
266 2899 468 2969 exultationis,
480 2899 628 2956 terminus
647 2901 782 2968 meroris,
801 2899 981 2973 principium
1001 2897 1212 2954 consolationis

64 2993 173 3043 nostre.
212 2985 313 3044 Hodie
326 3004 456 3059 namque
468 2987 580 3062 apertis
594 2987 758 3044 visceribus
770 2997 850 3043 terra
863 2987 985 3061 protulit
997 2986 1209 3053 confessorem,

63 3067 150 3128 hodie
177 3073 369 3130 Osmundum
394 3083 545 3147 tamquam
554 3073 575 3106 ¹²
594 3075 707 3130 mundo
736 3073 844 3130 iterum
871 3083 1010 3130 exortum
1034 3073 1209 3146 gaudemus,
1227 3085 1257 3134 30

65 3153 150 3216 hodie
163 3177 288 3235 capsam
301 3160 492 3234 reliquiarum
506 3161 571 3218 eius
582 3161 670 3235 quasi
684 3161 830 3218 cunabula
843 3161 913 3217 noui
930 3160 1081 3217 nascentis
1095 3160 1211 3216 deuotis

63 3249 218 3314 gressibus
232 3248 467 3321 frequentamus.
503 3249 553 3306 Ad
566 3259 760 3322 postremum,
772 3257 804 3306 vt
822 3257 912 3319 tuam,
924 3249 1098 3305 venerande
1115 3249 1210 3321 ponti-

65 3329 120 3402 fex,
129 3337 317 3394 sanctitatem
327 3336 501 3393 familiarius
509 3337 742 3410 alloqueremur3
757 3335 1044 3409 percunctantibus¹³
1054 3337 1113 3392 iam
1122 3336 1208 3394 nobis

65 3435 121 3490 quo
136 3441 278 3482 sermone
294 3423 439 3481 hodierne
455 3423 635 3480 celebritatis
655 3433 705 3481 tue
721 3424 852 3480 officium
870 3424 969 3497 aptius
988 3424 1209 3494 concludamus

65 3507 134 3565 nihil
150 3513 252 3570 utilius
271 3513 425 3568 decretum
442 3511 570 3568 occurrit
587 3513 701 3585 [quam]
719 3521 750 3568 vt
767 3512 1015 3587 omnipotentiam
1033 3511 1081 3570 dei
1099 3514 1130 3568 in
1149 3513 1209 3570 vita
1224 3526 1255 3578 35

66 3599 112 3650 tua
125 3598 264 3658 laudabili
277 3617 312 3656 ac
324 3598 535 3656 miraculorum
545 3599 639 3672 gestis
649 3599 855 3656 admirandam
864 3601 1081 3672 colendamque
1091 3601 1208 3658 deuotis

65 3685 211 3750 preconiis
233 3686 411 3743 attollamus.
445 3677 522 3744 ¹Eius
543 3703 672 3759 namque
697 3687 792 3760 gratia
815 3705 855 3744 ex
880 3686 976 3760 fragili
1001 3687 1209 3760 umbratilique

68 3773 243 3830 mundana¹⁴
262 3790 373 3846 pompa
391 3774 428 3829 ad
448 3774 576 3831 electum
596 3774 794 3832 sacerdotium
811 3782 934 3832 vocatus
952 3791 996 3845 es,
1015 3773 1080 3830 eius
1098 3775 1207 3832 virtute

67 3863 172 3920 sanctis
198 3860 334 3935 profuisti
359 3861 508 3934 operibus,
534 3863 599 3919 eius
628 3863 761 3936 potentia
790 3862 964 3920 clarissimis
987 3871 1057 3935 post
1081 3871 1207 3920 mortem

68 3943 155 4016 signis
168 3949 334 4007 effulseras.
382 3949 447 4023 Eya
465 3967 538 4024 ergo
556 3949 625 4020 iam,
639 3949 804 4023 ma[g]ne¹⁶
823 3951 974 4022 sacerdos,
986 3966 1115 4021 agnosce
1129 3949 1206 4006 hanc
1222 3975 1255 4025 40

67 4039 283 4111 prerogatiuam
300 4035 417 4094 virtutis
435 4045 495 4108 tue,
511 4037 579 4108 vt¹⁸,
599 4040 708 4095 ceteris
728 4055 812 4096 more
831 4037 975 4112 plorantis
996 4035 1138 4094 Rachelis
1157 4038 1206 4095 de·

98 4161 261 4242 ¹i3.sanct0.
337 4165 394 4217 ¹13.
406 4169 523 4218 vicinam.
598 4167 855 4246 ''Ehierimianum
931 4167 990 4218 *ai
1004 4174 1071 4230 post.
1147 4166 1206 4246 ‘qi

69 4235 228 4350 es‘dniffi'
242 4229 471 4362 Anglii'aedff‘i
493 4231 709 4362 essaiiiigiss'
756 4234 957 4362 ”dissidii
1007 4233 1207 4362 diuidendi}

70 4361 181 4416 unubm.
224 4337 268 4395 ’Ν
284 4337 436 4416 53.ὐω1>η
447 4335 691 4429 siculiquepompi.
758 4362 779 4394 ¹⁸
794 4365 920 4417 amane.
985 4362 1004 4396 ¹⁸
1021 4364 1072 4416 ΕΒ.
1085 4373 1119 4417 et.
