3046 4902
100 293 244 346 nanu.
258 293 326 360 nou
367 276 443 370 mc
459 273 519 365 ἑ.
533 275 750 362 conruunt
767 287 861 378 cmc
878 281 918 361 ct
935 281 1124 379 mature.
1180 279 1249 373 585

100 488 216 534 nostros
228 479 290 534 siue
301 477 419 534 diuicias
435 488 565 550 potenter
572 477 712 550 surripiat,
724 495 770 534 me
780 489 874 534 tamen
887 495 937 534 suc
950 477 1107 534 infidelitati
1118 494 1174 532 non
1189 477 1252 532 sub

6 567 26 634 ᾗ,
101 562 176 617 iciet.
215 564 373 618 Honestum
383 572 426 618 est
438 561 514 616 enim
527 573 690 632 perpetuam
703 561 853 616 defendere
866 561 1025 616 libertatem
1038 561 1175 630 simulque
1188 558 1253 614 fidei

101 644 260 716 puritatem.
298 647 352 700 Pro
365 646 466 717 quibus
478 645 567 700 eciam
585 646 750 700 occumbere
768 662 824 699 non
840 645 937 700 inutile
951 654 1120 713 reputamus.
1158 642 1254 711 Igitur,

102 729 222 799 vtcepit,
230 730 353 801 superba
361 729 514 784 suaseritas
523 737 587 799 post
596 728 715 783 famulos
724 745 818 797 regem
826 727 896 784 solio
906 727 1134 798 diripiat,trahat,
1142 735 1253 795 expuat,

6 825 20 886 s.
102 828 155 881 pro
175 812 279 867 Christi
296 811 411 867 nomine
430 811 555 882 colaphis
574 812 664 876 cedat,
678 812 715 866 ad
727 811 854 865 vltimum
873 811 962 866 eciam
979 810 1101 880 iugulet;
1121 808 1282 880 quoniam5

6 907 22 972 ‘j
101 910 152 948 rex
164 911 261 962 regum
274 895 327 950 bec
339 893 438 950 videns
451 911 497 950 me
509 895 655 950 transferet
668 894 696 949 in
707 896 796 949 celum
809 894 987 964 perhenniter
998 893 1194 963 regnaturum!

132 1025 157 1084 ll
182 1027 233 1081 DE
251 1039 348 1084 BELLO
367 1040 465 1082 INTER
485 1040 633 1082 SANCTUM
653 1028 847 1082 EDMUNDUM
866 1039 906 1081 ET
926 1028 1105 1082 INGWARUM
1125 1037 1228 1082 PROPE

212 1111 437 1180 Tauronmntt,
457 1123 497 1166 ΕΤ
516 1122 558 1165 DE
577 1123 669 1166 MODO
688 1123 836 1164 MARTIRII
857 1122 967 1165 ShNC‘l'l
987 1111 1155 1165 EDMUNDl·

401 1207 453 1260 Ex
468 1207 588 1261 crom'cis
612 1206 760 1259 Westmon.
778 1213 806 1260 et
823 1206 961 1260 Norwici.

177 1305 321 1360 Ecedente
333 1304 427 1376 itaque
438 1306 550 1374 nuncio,
563 1323 611 1360 rex
623 1305 792 1360 Edmundus
804 1304 884 1360 iussit
902 1305 1107 1361 commilitones
1122 1305 1159 1360 ad
1176 1321 1257 1360 arma

212 1390 369 1454 conuolare,
382 1405 511 1443 asserens
526 1388 651 1457 dignum,
665 1404 716 1458 pro
733 1388 788 1442 fide
807 1388 910 1458 pariter
926 1405 1050 1458 pugnare
1067 1399 1095 1444 et
1109 1388 1208 1459 patria,
1220 1404 1257 1442 ne

6 1499 13 1506 -
105 1470 264 1526 desertores
285 1471 388 1526 milicie
409 1489 440 1527 se
460 1488 522 1528 esse
545 1473 730 1541 probarentur
752 1480 782 1526 et
805 1471 899 1540 populi
924 1470 1072 1526 delatores.
1111 1471 1199 1539 lgitur
1219 1470 1257 1525 ad

6 1560 7 1564 ’
106 1553 275 1608 instanciam
297 1555 458 1610 Hunberthi
480 1553 605 1625 episcopi
627 1571 661 1608 ac
684 1553 819 1608 nobilium
841 1555 962 1608 virorum
984 1571 1018 1609 ac
1038 1554 1258 1608 commilitonum
1275 1568 1305 1604 ro

106 1652 222 1690 suorum
242 1636 382 1692 animatus
403 1637 582 1693 beatissimus
604 1654 652 1691 rex
675 1638 843 1692 Edmundus
864 1655 926 1692 cum
949 1647 1009 1692 toto
1030 1637 1151 1692 exercitu
1175 1655 1259 1709 quem

6 1726 10 1759 ἱ
106 1719 213 1772 habere
227 1719 324 1788 potuit,
341 1720 484 1776 confidens
501 1721 537 1776 de
554 1719 598 1775 dei
614 1719 716 1774 auxilio
731 1719 866 1789 processit
884 1720 1019 1776 audacter
1033 1720 1061 1775 in
1078 1722 1184 1776 hostes.
1222 1721 1259 1775 Et

6 1813 10 1842 ’-
106 1817 166 1856 non
179 1801 262 1870 longe
274 1802 311 1857 ab
323 1805 391 1858 vrbe
404 1803 555 1858 Theiordie
564 1812 662 1856 contra
671 1801 856 1870 aduersarios,
865 1801 919 1856 sibi
929 1801 972 1856 in1
982 1802 1095 1858 obuiam
1108 1803 1259 1868 venientes,

107 1901 193 1954 graue
208 1895 350 1941 certamen
369 1903 403 1940 ac
419 1887 503 1940 nimis
516 1885 661 1956 vtrobique
675 1886 862 1955 dampnosum
881 1885 1029 1940 commisit.
1067 1886 1178 1956 Nempe
1195 1901 1260 1940 curn

6 1981 8 2006 ³
107 1985 126 2021 a
146 1983 229 2022 mane
249 1967 302 2024 diei
324 1985 412 2039 vsque
432 1970 469 2024 ad
491 1986 638 2038 vesperam
659 1977 757 2022 mutua
779 1984 809 2022 se
830 1984 898 2022 nece
916 1967 1140 2038 prostrauissent,
1160 1977 1187 2022 et
1209 1984 1260 2037 pro
1276 1983 1304 2034 15

106 2049 197 2105 nimia
220 2049 428 2107 interfectorum
452 2050 631 2106 multitudine
654 2045 811 2120 ²sanguine
831 2049 894 2105 loca
912 2049 1073 2104 certaminis
1092 2049 1260 2116 cubuissent,

6 2147 8 2178 ι
107 2131 251 2202 piissimus
273 2152 321 2190 rex
342 2135 511 2190 Edmundus
535 2151 592 2188 non
617 2133 707 2187 solum
732 2149 766 2186 ex
788 2142 881 2200 strage
900 2131 1123 2186 commilitonum
1147 2148 1261 2187 suorum

7 2229 9 2260 1
108 2231 162 2285 pro
182 2216 273 2285 patria
291 2228 376 2287 gente
394 2227 422 2272 et
444 2217 499 2272 tide
518 2217 602 2270 lhesu
615 2214 719 2270 Christi
738 2213 955 2282 decertancium,
968 2231 1039 2284 quos
1059 2213 1115 2269 iarn
1136 2213 1262 2268 martirio

109 2308 259 2353 coronatos
271 2299 395 2369 agnouit,
409 2299 551 2354 condoluit
557 2296 575 2368 ³,
581 2315 677 2352 verum
687 2296 775 2352 eciam
786 2312 836 2366 pro
843 2313 912 2352 nece
920 2298 1100 2353 barbarorum
1110 2295 1262 2351 infidelium

6 2397 10 2428 .-
108 2378 150 2435 ad
173 2380 271 2436 iniemi
296 2383 439 2438 baratrum
467 2383 642 2437 detrusorum
670 2379 754 2435 nimis
778 2396 873 2434 amare
897 2379 1018 2449 lugebat.
1053 2378 1263 2435 Recedentibus
1279 2401 1309 2436 ro

109 2463 206 2533 itaque
222 2463 350 2534 primitus
366 2465 402 2521 de
418 2465 480 2520 loco
496 2463 599 2519 funeris
615 2463 742 2534 paganis,
754 2460 932 2518 beatissimus
952 2463 1096 2518 consessor
1113 2463 1219 2518 Christi
1235 2473 1263 2517 et

110 2545 210 2600 martir
227 2549 335 2604 iuturus
353 2565 402 2602 rex
422 2547 590 2603 Edmundus
610 2564 674 2601 cum
694 2544 824 2616 reliquis⁴
842 2545 1065 2601 commilitonum
1083 2563 1196 2600 suorum
1216 2545 1263 2616 qui

110 2629 273 2698 superstites
291 2638 371 2685 erant
392 2631 429 2685 ad
450 2631 628 2700 Heglesdene
647 2646 775 2684 reuersus
796 2639 847 2694 est,
868 2629 1065 2684 inmutabiliter
1086 2639 1212 2684 statuens
1234 2627 1263 2683 in

110 2709 208 2765 enimn
226 2728 277 2766 suo
294 2729 325 2768 se
343 2730 487 2784 nunquam
506 2714 634 2768 decetero
653 2721 750 2767 contra
769 2712 904 2767 barbaros
922 2722 1129 2782 pugnaturum
1152 2723 1194 2767 set
1210 2713 1265 2766 hoc

111 2792 274 2848 sotom0do⁵
287 2794 355 2850 dixit
368 2795 420 2850 sibi
433 2797 492 2850 lore
503 2795 693 2850 necessarium
706 2803 735 2848 vt
745 2794 820 2848 solus
829 2803 983 2848 moreretur
992 2811 1041 2865 pro
1051 2795 1162 2864 populo,
1173 2804 1264 2850 etnon
1280 2814 1309 2864 ²5

112 2884 174 2932 tota
194 2893 264 2946 gens
285 2875 395 2946 periret.
432 2880 542 2948 lngwar
566 2877 651 2947 igitur
671 2893 735 2932 cum
758 2877 794 2931 de
816 2886 908 2946 strage
929 2876 986 2931 suis
1008 2877 1084 2931 illata
1108 2877 1263 2932 inconsola-

111 2957 207 3014 biliter
226 2960 400 3016 anxiaretur:
428 2961 505 3018 venit
529 2960 566 3016 ad
590 2977 655 3016 eum
679 2961 755 3031 apud
779 2959 902 3014 Thetord
920 2960 1004 3014 Vbba
1022 2961 1105 3014 irater
1121 2958 1182 3015 eius
1200 2975 1265 3014 curn

112 3041 212 3096 decern
230 3043 343 3098 milibus
360 3053 539 3100 armatorum.
576 3045 615 3099 Et
632 3042 672 3098 sic
691 3042 793 3098 iunctis
811 3041 925 3110 viribus,
945 3050 975 3096 vt
996 3059 1026 3096 se
1045 3042 1217 3096 vindicarent
1236 3041 1264 3095 in

113 3134 241 3179 sanctum
254 3142 349 3195 regem
366 3127 558 3195 Edmundunr,
570 3143 668 3181 versus
688 3125 857 3195 Eglesdene,
870 3141 925 3195 quo
939 3141 987 3178 rex
1003 3124 1182 3179 beatissimus
1198 3135 1265 3179 tunc

113 3217 183 3272 erat,
201 3218 292 3262 castra
313 3220 468 3264 mouerunt.
511 3208 708 3280 Warengsord.
746 3209 811 3263 Hoc
830 3207 943 3262 audito:
971 3207 1071 3261 beatus
1088 3207 1265 3273 Edmundus,
1280 3227 1312 3276 ³0

113 3288 214 3344 videns
228 3291 377 3346 terminum
389 3290 529 3362 passionis
542 3308 592 3346 sue
605 3288 786 3360 im[m]inere,
799 3289 901 3345 talibus
914 3289 1006 3344 verbis
1024 3307 1089 3344 suos
1101 3289 1266 3360 alloquitur:

113 3371 207 3440 ‘Scio,
221 3374 425 3429 commilitones
437 3373 588 3442 karissimi,
599 3373 676 3444 quod
687 3373 744 3427 virn
756 3373 783 3427 vi
797 3373 930 3442 repellere
945 3389 1041 3428 omnes
1062 3374 1140 3442 leges
1159 3371 1267 3427 omnia·

113 3470 169 3524 que
190 3454 250 3509 iura
274 3456 455 3526 permittunt:
480 3469 524 3512 set
542 3455 619 3510 aliud
637 3466 680 3510 est
697 3455 749 3510 sori
771 3455 924 3525 permissio,
945 3455 1021 3509 aliud
1043 3455 1098 3525 poli
1121 3453 1265 3510 institutio.

115 3538 286 3606 Euangelice
310 3539 413 3609 quippe
437 3555 494 3594 non
523 3549 568 3594 cst
597 3536 784 3593 institucionis
812 3537 978 3607 sanguinem
1006 3538 1132 3607 fundere,
1156 3540 1267 3593 hostem

115 3619 277 3674 dimicando
302 3622 472 3691 propulsare,
494 3621 579 3676 armis
603 3619 733 3675 inimicos
752 3620 875 3689 abigere.
912 3621 978 3674 Duo
999 3621 1143 3691 proposuit
1165 3619 1266 3676 tiranni
1282 3642 1312 3694 35

114 3703 235 3772 legatus,
264 3703 406 3773 apostasie
434 3703 630 3759 enormitatem
658 3712 687 3757 et
716 3702 901 3758 subiecciouis
926 3703 1196 3772 degenerositatem:
1226 3714 1267 3759 set

113 3802 134 3840 a
162 3784 218 3840 fide
243 3785 348 3841 Christi
377 3787 454 3841 nulla
481 3803 527 3842 me
552 3785 703 3841 deterrebit
730 3785 901 3855 persecucio,
926 3785 964 3840 acl
988 3785 1163 3841 dedicionem
1190 3787 1268 3842 nulla

114 3867 238 3923 ernolliet
251 3869 408 3938 promissio.
445 3870 491 3925 De
503 3878 596 3924 cetero
608 3867 738 3937 angustia
754 3868 886 3940 temporis
901 3885 958 3922 non
971 3868 1106 3938 permittit
1118 3869 1267 3924 exercitum

114 3968 288 4020 congregare
309 3961 339 4008 ut
360 3969 438 4007 more
461 3963 571 4022 patrum
595 3950 760 4006 dimicemus
780 3967 831 4020 pro
856 3951 943 4021 patrie
966 3951 1095 4006 libertate
1118 3961 1146 4005 et
1171 3949 1267 4021 populi

115 4034 303 4091 liberacione:
317 4034 382 4106 quia
391 4035 517 4090 tirannus
528 4034 583 4090 iarn
593 4051 696 4104 magna
704 4052 738 4089 ex
747 4045 825 4105 parte
834 4034 988 4090 debilitauit
998 4035 1131 4105 populum
1140 4043 1267 4088 nostrum
1281 4056 1314 4106 40

116 4116 266 4174 deseuiens
290 4135 377 4190 usque
401 4119 438 4174 ad
463 4117 717 4188 interempcionem,
742 4126 770 4173 et
793 4118 831 4172 ad
855 4133 969 4172 manum
995 4116 1050 4172 iarn
1074 4115 1160 4170 alium
1183 4116 1269 4171 habet

116 4201 269 4260 exercitum
282 4211 312 4257 vt
325 4203 409 4258 irruat
422 4201 450 4257 in
462 4218 557 4271 regern
569 4209 597 4256 et
610 4200 744 4270 populum
761 4199 904 4269 inermem,
917 4209 944 4254 et
959 4198 1111 4269 triumphet
1127 4199 1163 4253 de
1180 4197 1268 4252 seruis

133 4299 258 4353 ²sl.orn.
308 4299 368 4352 ¹21.
381 4317 440 4352 aes.
491 4299 550 4350 ¹⁸1.
562 4299 721 4352 condolebat.
770 4297 958 4364 ⁴obreliquiis
1012 4297 1070 4350 ¹21.
1082 4297 1249 4348 solummodo.
