3054 4904
276 313 348 365 120
587 287 718 374 ainau
743 281 934 386 [aaut
958 279 1109 384 flattu

273 489 394 545 nomine
408 487 552 544 Morken¹
566 487 653 556 adiit3
667 484 824 560 penuriam
837 501 961 542 suorum
974 485 1138 554 insinuans,
1151 493 1182 540 vt
1192 501 1278 540 suam
1291 483 1426 556 inopiam

273 577 352 634 illius
370 575 559 644 abundantia,
580 576 662 631 iuxta
680 573 804 646 apostoli
824 575 945 642 monita,
964 572 1171 628 subueniendo
1190 573 1347 645 suppleret
1368 572 1427 627 hu·

274 665 385 721 militer
402 665 495 737 petiit.
533 663 587 719 llle
599 680 672 720 vero
685 678 737 718 ore
754 662 930 734 blasphemo
942 659 1065 733 yronice
1078 659 1152 716 dixit
1167 661 1205 716 ad
1218 677 1288 716 eum
1300 681 1306 716 :
1327 659 1429 716 ‘lacta

274 769 375 810 curam
395 761 477 810 tuam
497 751 529 807 in
549 750 680 819 domino,
700 758 730 805 et
755 749 822 821 ipse
843 757 873 805 te
893 747 1031 817 enutriet,
1057 747 1198 819 quoniam
1223 747 1314 804 nichil
1337 749 1428 803 deest

245 859 260 908 5
273 839 447 896 timentibus
455 839 553 904 deum,
563 837 638 894 sicut
645 844 762 893 ceteros
770 834 985 908 am[m]onere²
997 835 1187 893 consueuisti.
1206 834 1253 891 Tu
1262 852 1344 904 vero,
1354 853 1426 891 cum

274 929 382 984 timeas
395 927 494 994 deum,
505 935 534 982 et
545 926 684 981 mandata
694 926 758 981 eius
766 925 911 980 obserues
919 923 938 993 ³,
946 924 1086 980 omnibus
1095 923 1191 991 bonis,
1199 932 1229 979 et
1240 923 1320 980 victu
1333 924 1427 979 etiam

276 1014 448 1071 necessario
472 1013 598 1085 indiges.
644 1011 709 1083 Ego
734 1022 844 1079 autem,
863 1011 915 1083 qui
938 1029 994 1067 nec
1019 1028 1145 1084 regnum
1171 1011 1220 1067 dei
1244 1028 1346 1083 quero,
1368 1029 1428 1067 nec

275 1101 422 1159 iusticiam
436 1101 510 1168 eius,
523 1099 624 1156 omnia
643 1099 732 1155 michi
751 1115 899 1171 prospera
917 1107 948 1154 et
966 1115 1067 1155 rerum
1087 1098 1237 1156 affluentia
1251 1103 1292 1170 (vt
1310 1099 1427 1159 cernis)

275 1190 409 1248 arrident
416 1191 435 1247 ⁴.
472 1189 574 1244 inanis
591 1198 637 1244 est
654 1205 726 1260 ergo
745 1187 822 1244 fides
840 1194 899 1255 tua,
912 1195 941 1244 et
955 1186 1030 1242 salsa
1047 1187 1210 1259 predicatio
1223 1196 1274 1243 tua
1286 1203 1428 1258 compro·

231 1293 263 1330 ro
276 1280 379 1335 batur!
424 1277 466 1334 At
483 1277 531 1332 vir
548 1285 670 1332 sanctus
693 1292 777 1331 sacre
798 1275 946 1347 scripture
968 1273 1138 1330 testimonio
1156 1282 1186 1330 et
1208 1276 1353 1329 rationum
1377 1279 1428 1330 a's-

276 1366 456 1423 sertionibus
475 1372 505 1420 et
523 1363 681 1436 exemplis,
698 1363 808 1418 multos
826 1362 922 1418 iustos
940 1371 970 1418 et
989 1371 1110 1419 sanctos
1128 1371 1261 1434 egestate
1277 1370 1306 1417 et
1325 1362 1374 1417 siti
1395 1361 1428 1418 in

277 1454 332 1510 hoc
350 1453 451 1510 seculo
469 1451 570 1523 affligi,
583 1451 729 1522 reprobos
748 1467 848 1506 rerum
866 1449 1025 1517 affluentia,
1039 1450 1186 1506 honorum
1206 1449 1329 1522 fastigiis
1348 1466 1429 1520 sepe

276 1541 430 1598 sublimari
442 1541 596 1596 asserebat
604 1539 631 1608 ⁵3
651 1555 801 1610 pauperes
814 1555 887 1595 vero
904 1537 1044 1594 diuitibus
1057 1547 1198 1610 patronos
1211 1537 1283 1604 iore,
1296 1555 1429 1608 quorum

276 1628 430 1685 beneficiis
456 1635 670 1696 sustentantur,
689 1627 857 1698 diuitcsque
876 1643 1043 1699 pauperum
1062 1625 1235 1698 patrocinio,
1254 1625 1329 1682 sicut
1346 1627 1429 1682 vites

231 1731 261 1782 15
275 1718 348 1772 vlmi
370 1715 581 1784 sustentaculo,
599 1715 743 1786 indigere,
765 1715 921 1770 euidenter
943 1713 1067 1770 edocuit.
1103 1713 1239 1769 Tandem
1258 1731 1313 1770 rex
1331 1715 1429 1771 verba

276 1807 341 1862 eius
361 1821 421 1860 non
445 1802 554 1873 serens,
574 1804 616 1859 sic
640 1802 814 1875 respondit:
844 1801 896 1857 ‘Si
920 1801 1076 1857 conlidens
1099 1799 1131 1856 in
1153 1801 1211 1856 deo
1232 1809 1292 1872 tuo,
1311 1802 1430 1874 absque

276 1894 407 1949 humano
428 1890 569 1963 suffragio
590 1889 690 1946 omnia
714 1891 802 1946 blada
821 1907 879 1961 que
904 1889 1002 1945 cernis
1027 1888 1057 1944 in
1080 1888 1197 1945 horreis
1216 1898 1363 1957 contenta,
1387 1892 1428 1946 ad

276 1982 463 2037 mansionem
477 1988 558 2034 tuam
571 1977 734 2034 transferre
744 1976 867 2049 poteris,
876 1977 1005 2032 libenter
1015 1993 1124 2044 annuo,
1133 1984 1163 2031 et
1176 1977 1429 2048 postulationibus

276 2070 336 2125 tuis
349 2068 387 2124 de
400 2075 500 2123 cetero
513 2067 639 2122 deuotus
651 2065 883 2136 obtemperabo!
920 2064 1051 2120 Sanctus
1067 2073 1168 2119 autem
1182 2064 1238 2130 dei,
1251 2065 1376 2120 eleuatis
1395 2065 1427 2121 in

232 2175 264 2212 ao
276 2157 373 2213 celum
387 2153 480 2209 oculis
497 2161 527 2208 et
544 2152 691 2220 manibus,
704 2151 870 2208 orationem
883 2168 952 2207 cum
969 2152 1100 2208 lacrimis
1116 2150 1190 2207 fudit
1207 2151 1244 2207 ad
1260 2152 1428 2210 dominum.

278 2243 315 2300 Et
328 2259 398 2298 ecce
408 2241 514 2297 eadem
523 2240 596 2296 hora
606 2239 715 2296 lluuius
724 2239 808 2307 Clud,
815 2240 1101 2307 subtusdecurrens,
1107 2239 1205 2296 subito
1215 2238 1428 2311 intumescere,

277 2328 359 2401 ripas
372 2330 586 2384 transcendere
600 2326 686 2399 cepit,
700 2335 729 2383 et
743 2327 851 2383 horrea
867 2327 948 2400 regis
965 2327 1082 2400 integra
1098 2344 1166 2383 cum
1183 2327 1261 2383 farre
1273 2345 1369 2400 vsque
1388 2331 1429 2385 ad

276 2415 374 2472 locum
398 2417 448 2472 vbi
474 2423 594 2472 sanctus
619 2431 742 2471 manere
771 2414 895 2482 solebat,
920 2414 1041 2472 nomine
1067 2413 1297 2486 Mellingdenor,
1322 2433 1428 2473 secum

275 2503 374 2559 traxit.
413 2502 457 2558 Ita
469 2503 554 2560 illesa
566 2503 604 2558 ab
617 2501 703 2574 aquis
717 2500 817 2558 omnia
829 2502 951 2558 inuenta
968 2511 1046 2570 sunt,
1058 2512 1089 2558 vt
1106 2519 1162 2558 nec
1179 2503 1270 2558 arista
1287 2503 1430 2560 humecta

232 2611 262 2662 2⁵
277 2591 447 2663 apparebat
522 2577 690 2662 instigante
709 2606 811 2662 regem
831 2589 861 2645 in
880 2589 980 2645 odium
1000 2589 1093 2646 sancti
1110 2589 1207 2646 amico
1222 2593 1286 2646 cius
1304 2593 1429 2648 nonrine

278 2678 394 2736 Cathen
405 2677 423 2745 ⁶,
437 2678 625 2735 contumeliis
635 2686 666 2734 et
675 2678 811 2734 conuitiis
819 2676 920 2733 surore
933 2686 1100 2734 commotus
1108 2678 1174 2734 vice
1183 2679 1312 2750 quadam
1325 2678 1429 2751 ipsum

278 2765 384 2835 affecit,
397 2773 427 2821 et
440 2767 519 2822 calce
536 2781 714 2838 percussum
733 2767 770 2821 ad
788 2774 899 2822 terram
918 2765 1089 2837 prostrauit
1124 2765 1153 2821 A
1167 2765 1429 2824 circumstantibus

276 2862 398 2910 sanctus
416 2852 542 2922 leuatus,
561 2869 681 2909 omnem
701 2853 838 2908 iniuriam
857 2854 1007 2925 patienter
1024 2852 1175 2908 tolerabat.
1212 2852 1328 2909 Cathen
1345 2871 1431 2922 vero,

277 2941 346 2998 mali
372 2941 460 2998 huius
485 2940 647 3012 incent0r⁷,
667 2940 848 2996 cachinnans
867 2957 978 3012 equum
997 2939 1147 2996 ascenditt
1165 2949 1196 2997 et
1217 2951 1287 2997 ante
1305 2941 1428 2998 ianuam

231 3051 264 3100 30
277 3031 314 3086 de
340 3047 417 3103 equo
442 3045 596 3098 corruens,
621 3027 714 3084 fracta
739 3027 855 3084 ceruice
881 3028 1036 3100 expirauit.
1081 3027 1176 3100 Regis
1205 3029 1300 3099 pedes
1326 3037 1430 3085 tumor

276 3117 395 3186 inuasit,
407 3115 517 3173 tumori
530 3116 616 3172 dolor
629 3115 781 3185 successit,
794 3131 936 3187 morsque
949 3115 1084 3172 dolorem
1097 3115 1298 3188 subsequitur.
1374 3105 1429 3173 ln·

277 3213 473 3262 surrexerunt
490 3213 592 3260 contra
609 3212 745 3259 sanctum
763 3202 815 3258 lilii
836 3202 929 3260 Belial
948 3204 986 3259 de
1004 3203 1180 3275 cognatione
1196 3203 1275 3275 regis
1289 3203 1429 3275 Morken,

276 3292 485 3364 conspirantes
503 3293 533 3347 in
554 3300 681 3347 mortem
701 3289 774 3346 eius
813 3288 922 3347 Diuina
940 3290 1030 3362 igitur
1046 3290 1228 3347 reuelatione
1246 3292 1429 3360 admonitus,

276 3395 386 3435 versus
394 3377 574 3448 Menenium,
581 3377 632 3434 vbi
643 3387 766 3434 sanctus
777 3377 874 3434 Dauid
884 3377 1040 3434 virtutibus
1050 3377 1158 3446 floruit,
1167 3377 1223 3434 iter
1236 3381 1427 3450 aggreditur:

231 3489 262 3541 35
277 3467 359 3522 iuxta
372 3465 539 3522 Caerleun⁸
554 3465 664 3522 multos
682 3466 720 3521 ad
738 3465 828 3522 fidem
847 3465 994 3522 conuertit
1013 3473 1043 3522 et
1056 3465 1213 3522 ecclesiam
1227 3469 1429 3536 construxit';

276 3561 307 3610 et
323 3570 392 3609 curn
410 3561 514 3608 sancto
528 3551 625 3609 Dauid
639 3553 855 3626 aliquantisper
867 3569 982 3609 moram
995 3554 1127 3621 trahens,
1140 3570 1159 3609 a
1170 3571 1242 3626 rege
1254 3563 1336 3611 terre
1349 3555 1431 3612 illius

277 3640 501 3698 Cathwallain¹⁰
513 3641 610 3697 locum
619 3643 657 3698 ad
667 3642 902 3698 construendum
912 3641 1126 3698 monasterium
1134 3645 1256 3714 accepit.
1283 3641 1431 3701 Edificato

276 3737 377 3786 autem
402 3730 482 3802 apud
509 3728 585 3802 Elgu
609 3729 743 3799 cenobio,
768 3731 873 3786 sedem
899 3730 1102 3803 episcopalem
1131 3729 1242 3786 ibidem
1266 3733 1429 3789 constituit.
1517 3743 1518 3748 ’

278 3817 480 3889 Subregulum
493 3819 644 3890 quendam
661 3817 702 3873 illi
720 3815 818 3874 minas
834 3817 1015 3875 inserentem
1031 3826 1061 3873 et
1077 3819 1115 3874 de
1132 3819 1196 3874 loco
1209 3818 1259 3874 illo
1272 3820 1430 3892 expellere

231 3931 264 3985 4⁰
277 3923 345 3962 cum
364 3905 472 3962 iniuria
492 3905 645 3973 nitentem,
662 3915 692 3962 et
710 3907 834 3962 cecitate
852 3923 871 3962 a
888 3907 946 3962 deo
965 3923 1150 3978 percussum,
1169 3923 1259 3978 prece
1278 3906 1317 3962 ad
1337 3908 1430 3964 deum

276 3993 342 4050 susa
354 3994 480 4063 sanauit,
493 4002 523 4049 et
538 3992 705 4049 adiutorem
718 4003 748 4049 et
761 4002 960 4066 protectorem
974 3994 1004 4050 in
1017 4003 1173 4066 posterum
1185 3994 1296 4050 habere
1310 3996 1431 4052 meruit.
1517 3999 1518 4042 ἐ

277 4069 464 4154 Congregati
473 4091 544 4138 sunt
551 4089 651 4138 autem
665 4081 696 4136 in
705 4083 886 4138 monasterio
897 4079 946 4137 illo
957 4084 1063 4138 nouies
1072 4080 1091 4112 ¹¹
1101 4092 1222 4139 centum
1232 4091 1262 4138 et
1271 4085 1430 4154 sexaginta
1517 4067 1518 4144 J

309 4185 365 4234 ¹T.
378 4187 498 4246 marien:
516 4186 545 4237 E.
557 4186 681 4246 markim3
696 4185 748 4236 Vit.
761 4187 880 4236 Morken.
955 4186 1011 4238 Ἐ
1025 4203 1153 4236 amouere.
1226 4187 1284 4237 ¹E.
1294 4189 1430 4240 obseruas.
1517 4229 1518 4238 .

276 4249 286 4280 ⁴
297 4250 348 4300 Vit.
358 4253 444 4303 omnia
450 4253 514 4302 mihi
520 4253 675 4302 adiiciuntur
683 4267 814 4316 prospera,
824 4253 938 4302 omnium
947 4269 1032 4302 renim
1041 4254 1136 4302 arridet
1144 4253 1283 4302 affluentia.
1350 4255 1360 4284 ⁵
1377 4255 1429 4306 Vit.

276 4318 414 4366 astruebat.
488 4317 498 4347 ⁸
515 4317 544 4368 E.
558 4318 664 4367 Catheu.
730 4317 740 4346 ἵ
757 4319 787 4370 E.
800 4320 920 4369 intentor.
986 4319 996 4348 ⁸
1011 4319 1041 4368 T.
1053 4321 1187 4380 caerleon;
1203 4319 1255 4370 vit
1268 4319 1431 4372 Karleolum.

277 4380 416 4432 'alvia
516 4385 535 4414 ¹⁰
551 4383 581 4434 E.
594 4383 773 4436 Cathwallam.
870 4383 890 4416 ¹¹
907 4385 936 4436 E.
950 4386 1052 4436 nonies.
