3028 4894
392 307 467 402 ve
492 304 656 397 sonno
681 304 893 394 wiltios.
1145 327 1214 400 441

67 507 151 578 estis,
160 514 211 565 aut
218 515 299 566 certe
310 506 383 566 scita
391 517 421 566 et
431 506 549 581 cognita
557 524 612 581 pro
622 505 716 564 nihilo
725 505 840 564 ducitis.
860 506 1052 579 Quapropter
1058 504 1126 563 licet
1134 503 1220 562 senio

67 596 128 654 sim
146 594 309 668 conlectus,
322 595 466 653 noueritis
479 605 581 653 tamen
594 613 643 652 me
664 594 762 651 Rome
774 611 874 651 coram
888 593 1051 666 apostolica
1064 593 1136 650 sede
1149 610 1219 666 pro-

66 684 208 740 baturum
221 699 300 752 esse,
313 683 499 756 calumpnias
507 701 583 756 quas
592 682 665 740 mihi
677 681 830 755 imponitis
843 699 898 754 pro
912 679 992 754 regis
1004 679 1217 754 indignatione,

66 788 158 828 veras
184 788 244 828 non
265 789 341 828 esse.
390 771 453 829 Nec
479 770 577 828 minus
600 788 672 827 vere
697 787 747 827 me
767 769 991 844 predicaturum
1016 785 1085 826 esse
1109 767 1219 835 sciatis,

66 858 149 931 quali
174 857 272 916 studio
294 858 480 917 sacerdotale
504 857 704 915 ministerium
723 857 842 931 geratiS,
867 857 918 931 qui
939 855 1036 930 magis
1059 855 1149 913 vultis
1173 856 1247 922 ins

65 945 185 1003 iusticie
198 945 353 1003 hominum
366 946 478 1015 fauere,
494 963 583 1020 quam
601 945 746 1003 iusticiam
763 943 812 1002 dei
826 945 947 1002 tenere!
1021 931 1104 1003 Cum
1120 952 1218 1002 autem

64 1031 228 1090 Wilt'ridus
251 1033 380 1090 Romam
400 1033 543 1104 venisset,
566 1052 583 1091 a
606 1050 684 1108 papa
709 1032 843 1090 Iohanne
868 1031 1026 1106 magnifice
1051 1031 1219 1104 suscipitur,

65 1130 98 1177 et
117 1137 219 1177 coram
238 1139 317 1195 papa
335 1139 368 1178 ac
388 1123 491 1180 multis
509 1121 659 1195 episcopis
678 1137 799 1177 causam
818 1137 904 1177 suam
924 1119 1062 1192 exposuit
1082 1127 1113 1175 et
1132 1118 1219 1176 firma

66 1207 184 1265 ratione
197 1209 341 1282 probauit.
378 1208 466 1266 Vnde
479 1208 754 1266 communlsiudicii
762 1206 919 1278 sententia,
929 1206 984 1264 viri
993 1205 1041 1263 dei
1050 1205 1220 1263 innocentia

65 1297 289 1369 comprobatur,
301 1307 390 1370 atque
403 1297 605 1354 accusantium
623 1295 697 1354 salse
716 1294 885 1368 calumpnie
898 1295 1103 1368 reprobantur.
1142 1293 1219 1351 luuit
1235 1312 1266 1348 ιο

65 1391 169 1439 autem
186 1401 307 1440 causam
326 1401 412 1441 suam
431 1384 518 1442 lectio
537 1384 645 1458 synodi
664 1401 742 1457 pape
761 1382 930 1456 Agathonis
945 1400 1004 1456 que
1023 1382 1176 1455 quondam
1188 1382 1219 1439 iu

65 1471 117 1526 sui
138 1472 298 1544 presentia,
315 1489 383 1529 cum
404 1471 435 1529 in
457 1471 598 1530 concilio¹
619 1471 829 1545 episcoporum
848 1470 914 1542 ipse
933 1469 1050 1526 medius
1065 1469 1219 1539 resideret,

65 1567 133 1614 acta
147 1568 202 1615 est.
228 1559 305 1617 Nam
318 1577 351 1617 re
359 1559 499 1633 exigente
508 1561 643 1633 synodus
653 1560 760 1616 eadem
773 1574 841 1615 cum
851 1557 862 1590 ¹
871 1557 955 1614 iussu
968 1575 1047 1631 pape
1059 1557 1218 1631 legeretur,

64 1654 193 1702 ventum
217 1655 263 1704 est
287 1647 325 1704 ad
349 1647 433 1704 illum
458 1647 556 1704 locum
586 1646 636 1704 vbi
667 1646 811 1719 scriptum
842 1653 924 1703 erat:
956 1644 1131 1702 ‘Willridus
1160 1645 1218 1702 deo

65 1733 206 1790 amabilis
218 1733 380 1808 episcopus
394 1735 529 1793 Eborace
541 1733 675 1806 ciuitatis,
685 1733 879 1807 apostolicam
892 1733 995 1790 sedem
1009 1733 1047 1790 de
1062 1750 1116 1790 sua
1128 1750 1218 1790 causa
1233 1750 1242 1785 r
1249 1749 1264 1798 5

63 1821 245 1893 appellans,’
266 1831 322 1880 etc.
366 1822 453 1893 Quod
475 1823 526 1881 vbi
545 1823 711 1895 perlectum
730 1831 784 1890 est,
806 1829 910 1894 stupor
933 1819 1090 1877 audientes
1110 1837 1218 1892 appre-

64 1907 193 1980 hendit;
213 1917 243 1966 et
256 1909 363 1968 silente
376 1910 488 1967 lectore
501 1919 645 1983 ceperunt
656 1910 832 1966 alterutrum
845 1907 1000 1982 requirere
1012 1907 1080 1981 quis
1091 1907 1143 1964 ille
1153 1908 1218 1981 epi·

65 2012 180 2067 scopus
189 1995 346 2054 Willridus
356 2007 445 2056 esset.
463 1997 548 2055 Tunc
558 1996 729 2054 Bonilacius
737 2014 816 2070 pape
825 1995 1011 2053 consiliarius
1019 2003 1049 2053 et
1056 1994 1105 2051 alii
1113 1995 1218 2068 plures

64 2082 120 2156 qui
130 2100 199 2140 eum
210 2083 306 2156 [olim]
316 2085 460 2156 viderant,
470 2085 609 2143 dicebant
621 2085 721 2158 ipsum
734 2102 803 2142 esse
813 2083 988 2156 episcopum
1000 2082 1051 2157 qui
1061 2091 1217 2139 accusatus

63 2188 85 2227 a
95 2170 160 2227 suis
168 2181 258 2246 atque
270 2189 288 2230 a
300 2174 373 2230 sede
382 2173 545 2246 apostolica
557 2173 733 2230 iudicandus
745 2188 842 2245 nuper
853 2170 974 2228 aduenit
985 2170 1114 2228 Romam
1128 2189 1134 2227 :
1148 2170 1216 2243 ‘qui
1233 2188 1263 2222 20

64 2259 129 2315 iam
140 2259 262 2331 dudum,
271 2260 415 2334 inquiunt,
424 2279 501 2335 eque
511 2270 667 2318 accusatus
675 2261 733 2318 huc
741 2259 915 2328 adueniens,
923 2276 994 2315 mox
1003 2258 1102 2316 audita
1111 2257 1217 2315 diiudi-

65 2355 193 2419 cataque
210 2365 300 2405 causa
314 2349 343 2421 [a
361 2366 440 2423 papa
453 2349 644 2424 Agathone]⁸
657 2349 799 2422 probatus
816 2355 861 2404 est
874 2356 976 2404 contra
990 2346 1035 2404 las
1048 2363 1118 2403 esse
1130 2363 1148 2402 a
1160 2363 1216 2403 suo

64 2433 243 2507 episcopatu
255 2437 409 2510 expulsus.
444 2436 532 2495 Vnde
545 2446 575 2495 et
591 2437 663 2494 tanti
675 2438 754 2510 apud
771 2433 861 2493 eum⁴
876 2434 994 2492 habitus
1007 2444 1061 2504 est,
1072 2442 1104 2491 vt
1116 2433 1214 2507 ipsum

65 2523 99 2577 in
119 2522 262 2580 concilio¹
278 2523 357 2598 quod
374 2533 568 2598 congregarat
583 2527 803 2599 episcoporum,
814 2531 916 2596 vtpote
930 2523 1026 2580 virum
1044 2522 1216 2595 incorrupte

64 2608 139 2666 fidei
164 2619 194 2666 ct
215 2611 326 2667 animi⁸
346 2612 431 2685 probi
452 2613 583 2670 residere
605 2612 790 2686 preciperet'
834 2610 950 2682 Quibus
971 2609 1086 2679 auditis,
1108 2627 1216 2667 omnes
1230 2627 1260 2676 ²5

63 2713 127 2753 vna
146 2714 214 2754 cum
233 2715 312 2772 papa
329 2700 442 2769 dixere,
458 2701 556 2758 virum
574 2709 655 2758 tante
673 2697 863 2767 auctoritatis,
879 2697 930 2772 qui
948 2715 1003 2772 per
1021 2697 1217 2772 quadraginta

64 2801 165 2841 annos
188 2786 363 2860 episcopatu
385 2786 504 2845 functus
527 2797 600 2859 erat,
622 2804 809 2861 nequaquam
834 2785 991 2859 dampnari
1015 2786 1136 2855 debere,
1161 2786 1216 2842 sed

64 2872 237 2929 absolutum
254 2875 291 2930 ad
306 2874 442 2947 patriam,
454 2884 558 2948 utpote
574 2875 738 2932 immunem
756 2875 794 2932 ab
811 2875 892 2930 omni
907 2873 1002 2945 culpa,
1015 2890 1084 2929 cum
1102 2873 1217 2929 honore

64 2960 175 3016 redire.
209 2959 361 3034 Scriptum
380 2972 426 3020 est
444 2962 535 3036 igitur
552 2963 673 3036 regibus
689 2961 859 3035 Anglorum
873 2960 1034 3017 Ethelredo
1047 2969 1077 3016 et
1090 2959 1216 3027 Allrido,

63 3056 99 3104 vt
121 3047 147 3102 si
168 3048 357 3106 anathemate
377 3050 466 3122 plecti
487 3051 609 3122 nollent,
631 3050 715 3107 illum
740 3049 787 3107 sui
811 3046 1002 3121 episcopatus
1026 3047 1099 3104 sede
1123 3045 1216 3120 recipi
1230 3063 1262 3112 30

64 3135 184 3207 absque
204 3135 431 3194 retractatione·
450 3136 591 3194 lacerent
630 3125 778 3194 Famulus
799 3135 888 3210 igitur
909 3136 967 3204 dei,
987 3133 1104 3207 magnis
1129 3151 1215 3191 sanc·

63 3233 168 3280 torum
189 3222 323 3296 reliquiis
342 3225 547 3298 locupletatus,
567 3225 693 3299 patriam
713 3225 865 3281 remeauit.
907 3222 1042 3295 Cumque
1063 3221 1094 3278 in
1115 3230 1217 3294 partes

65 3309 233 3368 Galliarum
259 3311 440 3382 deuenisset,
460 3312 557 3370 subita
577 3311 751 3369 infirmitate
772 3307 939 3383 corripitur,
957 3317 988 3366 vt
1012 3308 1216 3366 ministrorum

64 3395 208 3454 manibus
220 3397 250 3454 in
263 3399 385 3472 grabato
398 3408 568 3473 portaretur
574 3400 595 3456 ⁷.
632 3399 766 3470 Quatuor
782 3398 903 3455 tandem
916 3397 1022 3454 diebus
1036 3406 1066 3454 et
1078 3395 1216 3454 noctibus

64 3483 176 3542 similis
193 3494 311 3543 mortuo
329 3486 434 3545 iacuit:
455 3497 485 3544 et
501 3488 605 3561 quinta
622 3487 680 3555 die,
693 3503 760 3544 cum
778 3485 836 3542 iam
852 3484 1013 3542 moriturus
1025 3501 1043 3541 a
1055 3483 1118 3542 suis
1131 3484 1216 3557 plan·
1230 3501 1260 3551 35

63 3581 199 3646 geretur,
221 3581 343 3630 sanctus
361 3573 488 3632 Michael
510 3574 706 3647 archangelus
726 3590 744 3629 a
761 3572 883 3630 domino
901 3570 1035 3642 mittitur,
1053 3588 1215 3646 perquem

64 3658 187 3718 sanitati
215 3659 339 3732 pristine
364 3661 553 3733 restituatur;
582 3662 629 3718 cui
653 3671 682 3720 et
707 3661 763 3720 ait:
791 3658 954 3730 ‘Willride‚
977 3659 1128 3718 conciuis⁸
1152 3659 1217 3732 dig·

65 3747 202 3816 nissime,
215 3763 315 3822 surge,
328 3747 398 3822 quid
412 3749 512 3807 iaces?
531 3767 601 3807 nam
618 3749 685 3807 licet
701 3749 781 3806 inter
797 3747 879 3805 ciues
892 3748 1024 3805 celorum
1038 3747 1216 3818 numereris,

65 3847 170 3893 tamen
183 3843 306 3908 propter
317 3835 481 3893 orationem
497 3837 625 3894 filiorum
641 3846 760 3894 tuorum
772 3836 828 3893 hoc
845 3845 982 3908 tempore
994 3851 1055 3892 non
1068 3833 1215 3906 morieris,

66 3933 98 3981 et
117 3923 260 3996 precipue
282 3940 338 3997 per
356 3927 461 3982 merita
479 3932 509 3982 et
526 3925 759 3982 intercessiones
777 3926 863 3982 beate
883 3921 977 3980 Marie
996 3921 1150 3995 genitricis
1167 3923 1215 3981 dei
1228 3940 1261 3991 40

66 4021 98 4068 et
116 4020 263 4084 perpetue
280 4011 413 4086 virginis.
450 4012 555 4070 Orauit
574 4013 656 4070 enim
674 4030 730 4086 pro
749 4022 788 4083 te,
807 4011 878 4085 quia
897 4012 1025 4085 quedam
1045 4027 1137 4084 opera
1158 4011 1215 4069 sibi

66 4099 245 4174 placuerunt
257 4098 334 4156 sacta
352 4110 469 4174 perte:
489 4101 544 4158 scit
563 4118 674 4175 nempe
692 4100 763 4175 quid
781 4098 884 4173 operis
902 4097 992 4155 Petro
1008 4097 1125 4168 leceris,
1143 4100 1215 4174 quid

66 4187 149 4244 fratri
162 4186 257 4261 ipsius
270 4187 394 4246 Andree
413 4189 626 4246 construxeris
663 4188 854 4262 Quapropter
865 4203 945 4244 nunc
957 4185 1079 4260 quidem
1090 4203 1109 4244 a
1120 4196 1216 4246 morte

101 4311 156 4360 ¹2
174 4309 295 4361 consilio.
359 4307 475 4362 'Eadm
494 4309 560 4361 Nam
580 4326 644 4362 cum.
699 4310 775 4361 'om
794 4310 821 4359 in
838 4308 869 4361 Τ.
886 4307 917 4360 E.
967 4307 1214 4372 ‘sc.Agathonem.

66 4377 123 4429 ⁵13.
136 4377 230 4428 anime.
295 4374 353 4428 ⁸E.
367 4377 529 4428 retractione.
583 4375 645 4429 'so
660 4377 686 4426 ln
699 4375 812 4426 lleldum
824 4376 959 4428 ciuitatem.
1019 4373 1213 4427 'Eeonscius
