3052 4896
90 339 114 373 ι.
133 307 297 384 caina]
436 306 511 401 Dc
536 305 702 396 sancta
727 305 898 398 ditatu.
1167 327 1240 404 497

17 643 24 678 '³
114 661 141 723 ll
160 660 247 732 Quod
261 661 390 719 infantes
407 661 439 719 in
451 672 535 720 vtero
547 672 677 721 matrum
690 663 803 737 pariter
814 680 882 721 cum
895 663 953 720 illis
967 663 1177 722 occidebantur
1189 672 1220 721 et

262 751 359 808 adhuc
371 751 450 808 inter
463 761 563 809 cetera
574 751 723 825 virginum
737 768 863 825 corpora
876 751 1073 825 reperiuntur.

130 857 325 945 Quandoque
343 872 421 930 inter
438 873 588 946 virginum
609 876 773 931 earundem
795 891 949 932 sacrarum
967 874 1109 948 reliquias
1129 884 1158 933 et
1177 891 1242 932 cor-

19 953 22 960 ’
89 975 176 1030 pora,
189 968 249 1016 tam
263 961 388 1033 paruula
406 961 601 1018 inueniuntur
619 979 689 1018 ossa
707 970 736 1019 et
754 963 932 1036 corpuscula
943 972 976 1020 vt
988 962 1039 1020 vix
1051 963 1142 1020 trium
1155 980 1242 1019 men-

90 1045 173 1102 sium
185 1054 305 1120 tempus
318 1057 348 1104 et
360 1049 494 1121 spacium
507 1067 525 1105 a
537 1049 586 1106 die
600 1049 802 1122 conceptionis
816 1048 939 1107 eorum¹
951 1050 1107 1106 videantur
1120 1050 1241 1108 habere.

90 1133 182 1190 Vnde
196 1151 270 1192 sane
283 1135 419 1208 plerique
436 1136 608 1206 titubantes
625 1155 685 1193 non
700 1137 816 1194 modice
829 1138 901 1210 quid
919 1155 955 1194 ea
974 1139 1153 1210 portendant
1172 1146 1242 1195 sunt

17 1225 23 1256 ‘-
91 1221 299 1280 ammirantes
355 1223 456 1296 Super
484 1225 592 1296 quibus
619 1226 706 1282 beata
735 1224 845 1282 Vrsula
869 1224 1060 1298 interrogata,
1086 1225 1270 1298 respondit5

17 1329 18 1332 ¹
90 1309 216 1366 dicens:
238 1309 460 1368 ‘Matronarurn
478 1312 577 1385 alique
596 1312 674 1370 inter
692 1330 748 1370 nos
765 1313 937 1378 extiterunt,
957 1329 1084 1385 quarum
1102 1314 1242 1384 quedam,

19 1401 22 1406 ’
91 1399 167 1453 dum
177 1397 187 1430 ²
199 1397 237 1454 de
251 1407 332 1455 terra
345 1407 448 1456 nostra
460 1401 683 1472 egrederemur,
695 1400 797 1456 suere⁸
811 1409 994 1472 pregnantes
1014 1401 1192 1472 nouiterque
1210 1400 1242 1456 in

17 1493 19 1524 ῑ
90 1493 181 1542 vtero
193 1485 406 1561 concipientes.
443 1487 558 1544 Amore
571 1487 682 1545 Christi
695 1496 725 1544 et
738 1487 804 1561 ipse
817 1487 1012 1544 nihilominus
1025 1504 1081 1559 spe
1095 1486 1180 1560 regni
1193 1505 1242 1544 ce-

91 1571 181 1629 lestis
194 1590 249 1629 nos
262 1583 397 1646 sequute,
407 1575 562 1632 nobiscum
576 1574 689 1648 pariter
698 1576 899 1632 occubuerunt
908 1575 1097 1646 interempte.
1124 1574 1241 1632 Harum

90 1658 232 1730 infantes,
257 1661 448 1735 quicunque⁴
467 1662 498 1718 in
520 1661 645 1719 matris⁵
663 1670 748 1720 vtero
766 1662 904 1735 spiritum
922 1663 984 1718 vite
1006 1661 1158 1719 habebant
1178 1663 1242 1718 ani·
1258 1680 1290 1716 ιο

17 1759 19 1792 ὲ
92 1764 237 1820 mamque
255 1748 418 1816 viuentem,
431 1767 500 1806 cum
519 1759 631 1807 matres
649 1749 867 1818 occiderentur,
882 1750 951 1806 licet
969 1749 1087 1822 gladius
1106 1767 1159 1806 eos
1178 1767 1239 1806 non

91 1835 263 1908 attingeret,
282 1836 312 1892 in
332 1847 428 1894 morte
446 1847 547 1896 tamen
567 1847 696 1895 matrum
715 1845 745 1894 et
764 1836 906 1907 martirio,
926 1845 1015 1909 atque
1035 1836 1065 1892 in
1086 1836 1243 1909 ipsarum⁰

17 1937 19 1966 ῑ
92 1923 242 1995 sanguine
263 1923 411 1998 baptizati,
430 1926 545 1998 absque
566 1925 657 1982 dubio
677 1926 716 1982 ab
736 1924 851 1997 angelis
868 1942 929 1982 vna
946 1940 1015 1980 cum
1035 1924 1186 1980 matribus
1204 1925 1243 1981 ad

17 2033 19 2058 :
94 2028 191 2083 regna
203 2010 324 2068 celestia
337 2013 587 2085 perducebantur.
620 2012 658 2069 Et
670 2012 726 2070 hcc
739 2021 786 2068 cst
799 2012 875 2069 ratio
882 2011 1038 2068 verissima
1049 2011 1242 2084 paruulorum

92 2100 147 2172 qui
166 2115 234 2156 cum
252 2099 360 2156 ceteris
378 2099 588 2173 reperiuntur⁷
601 2099 836 2157 robustioribus!
875 2099 954 2157 Huic
970 2099 1111 2171 capittulo
1125 2099 1243 2155 inueni·
1259 2118 1288 2170 15

92 2195 187 2243 untur
199 2187 344 2243 lectorum
357 2187 447 2260 aliqui
460 2187 612 2261 refragari,
623 2188 838 2260 pretendentes
848 2187 929 2244 illam
940 2186 1052 2243 domini
1062 2187 1241 2243 sententiam

93 2273 243 2331 dicentis:
264 2274 347 2332 ‘Nisi
369 2275 436 2348 quis
457 2283 580 2332 renatus
602 2275 690 2332 fuerit
711 2291 751 2331 ex
771 2291 850 2348 aqua
870 2283 901 2332 et
921 2273 1028 2347 spiritu
1050 2282 1161 2342 sancto,
1181 2291 1242 2330 non

17 2379 18 2388 ¹
92 2371 196 2436 potest
205 2362 331 2418 saluari.'
353 2361 459 2421 Plures
469 2371 569 2420 autem
577 2363 716 2419 abbatum
726 2371 755 2419 et
765 2361 960 2418 litteratorum
972 2361 1113 2433 pietatem
1121 2361 1243 2430 domini,

93 2467 130 2507 ac
142 2459 270 2505 matrum
283 2450 374 2506 fidem
387 2459 478 2522 atque
489 2451 520 2507 in
534 2452 592 2508 deo
605 2449 804 2520 dilectionem,
816 2466 984 2522 puramque
994 2449 1112 2505 illarum
1125 2449 1244 2508 conses-

17 2557 18 2562 ’
93 2538 214 2594 sionem
221 2539 259 2594 ad
268 2537 435 2594 martirium
444 2555 500 2611 pro
510 2537 631 2595 Christo
642 2538 773 2610 [sponte]
784 2536 1009 2610 properantium
1022 2539 1243 2606 commendant,
1260 2559 1292 2596 ao

93 2625 240 2694 dicentes,
260 2626 383 2682 eosdem
402 2625 532 2682 infantes
548 2625 579 2682 in
593 2625 782 2683 confessione
801 2634 930 2682 matrum
942 2633 972 2681 et
985 2623 1131 2697 sanguine
1147 2626 1243 2698 bapti-

92 2721 188 2770 zatos.
235 2711 313 2770 Pace
335 2713 463 2770 dixerim
486 2714 630 2770 lectorum
655 2711 742 2786 quia⁸
761 2711 856 2785 pietas
881 2711 991 2769 Christi
1016 2712 1141 2769 multum
1167 2712 1244 2770 soret

94 2799 263 2857 dormitans
276 2809 306 2856 et
321 2800 471 2874 languida,
485 2802 512 2857 si
528 2818 584 2873 pro
602 2817 656 2857 suo
673 2799 794 2856 nominc
812 2799 927 2856 occisos
946 2799 1060 2856 sineret
1077 2801 1244 2872 dampnari.

94 2888 161 2946 Sed
174 2904 242 2945 cum
251 2887 317 2944 vice
330 2889 459 2960 quadam
473 2889 609 2946 eiusdem
623 2887 746 2944 historie
757 2895 787 2943 et
800 2886 922 2960 capituli
935 2885 1067 2942 notarius
1080 2887 1243 2959 legentium

95 2976 179 3048 apud
191 2992 226 3032 se
239 2975 403 3032 sententias
421 2975 528 3032 tacitus
546 2976 723 3042 reuolueret,
736 2974 842 3031 celitus
860 2973 902 3030 illi
921 2973 1043 3030 dicitur:
1064 2973 1142 3030 ‘Pro
1161 2984 1242 3031 certo
1260 2989 1289 3039 25

94 3063 186 3132 scias,
206 3062 326 3133 fratcr⁹‚
346 3061 435 3135 quia⁸
450 3063 477 3120 si
495 3062 625 3120 infantes
640 3062 673 3119 in
691 3071 820 3119 matrum
833 3061 926 3118 vteris
945 3060 1120 3131 moriuntur,
1138 3062 1243 3134 damp-

94 3159 216 3220 nantur,
230 3151 284 3206 sed
297 3152 346 3223 pia
358 3150 476 3206 illorum
490 3151 546 3207 erit
559 3149 740 3223 dampnatio.
772 3150 833 3207 Sed
848 3148 904 3205 hoc
917 3147 995 3206 scias
1008 3147 1095 3219 quia⁸
1107 3147 1134 3205 si
1147 3159 1244 3206 mater

94 3256 153 3312 pro
178 3237 298 3295 Christo
322 3237 481 3308 occidatur,
500 3255 577 3310 puer
598 3237 628 3294 in
648 3247 733 3294 vtero
755 3237 861 3294 matris
879 3235 1069 3293 confessione
1088 3236 1192 3294 matris
1214 3246 1244 3294 et

94 3325 244 3398 sanguine
269 3325 360 3398 plene
384 3341 453 3381 cum
478 3334 573 3381 matre
597 3325 737 3382 saluatur.
776 3325 844 3381 Non
868 3324 1015 3394 attendas,
1041 3323 1146 3396 inquit,
1171 3324 1243 3397 quid

95 3412 233 3486 magistri
258 3429 351 3485 super
376 3413 431 3468 hoc
456 3411 633 3484 loquantur;
662 3429 810 3485 nusquam
835 3411 917 3470 enim
944 3411 1044 3468 diuina
1068 3413 1214 3470 seueritas
1223 3413 1245 3446 ¹⁰
1259 3425 1291 3474 30

95 3502 188 3558 habet
214 3499 244 3556 in
268 3500 312 3556 cis
330 3509 362 3556 vt
384 3500 603 3572 dampnentur:
631 3501 700 3573 quia
721 3500 797 3558 sicut
817 3499 920 3557 diuina
944 3498 1060 3556 iusticia
1080 3500 1189 3573 vbique
1211 3519 1245 3558 se

95 3588 234 3646 extendit
245 3588 302 3643 vt¹¹
322 3586 434 3645 seriens
452 3587 588 3660 corrigat,
608 3586 648 3644 ita
665 3587 766 3645 diuina
785 3587 880 3660 pietas
898 3587 1007 3659 vbique
1023 3604 1057 3644 se
1071 3587 1172 3645 dilatat
1184 3589 1246 3645 vt¹¹

96 3676 220 3734 saluans
233 3675 407 3732 subueniat’
426 3673 502 3732 ltem
515 3675 573 3731 alia
584 3675 668 3732 vice:
689 3674 783 3732 ‘Nam
796 3679 872 3732 sicut
881 3674 993 3732 veritas
1006 3675 1107 3731 diuina
1119 3675 1244 3749 ipsaque

96 3763 148 3821 dei
173 3763 289 3818 iusticia
313 3761 430 3834 atque¹²
452 3764 599 3820 seueritas
620 3763 730 3836 vbique
754 3779 823 3820 sese
848 3761 983 3819 extendit
1007 3762 1146 3834 quatinus
1170 3763 1245 3820 nihil

96 3849 279 3924 impunitum
310 3849 468 3922 relinquat,
492 3849 534 3906 ita
561 3849 719 3908 ineffabilis
743 3850 809 3908 eius
834 3849 1037 3906 misericordia
1061 3859 1092 3907 et
1115 3851 1244 3908 charitas
1260 3863 1290 3914 35

95 3939 209 4012 vbique
222 3955 256 3995 se
269 3937 371 3994 dilatat
382 3947 414 3994 vt
426 3937 634 3995 innocentibus
646 3937 880 3995 misericorditer
891 3940 1010 4010 parcat!

131 4234 187 4286 ¹13.
201 4251 297 4285 camni.
380 4232 437 4284 ¹13.
452 4249 517 4284 cum.
605 4197 662 4282 ⁸1³.
675 4233 785 4284 suerunt.
872 4231 931 4282 ⁴13.
943 4247 1103 4296 quecunque.
1186 4235 1245 4286 ⁸13.

97 4309 215 4353 matrum.
281 4300 342 4351 ⁶13.
355 4299 463 4349 illarum.
540 4297 597 4350 τΒ.
610 4299 786 4348 inueniuntur.
867 4298 923 4348 ⁸13.
935 4301 1012 4362 quod.
1085 4299 1162 4351 'om
1175 4301 1202 4350 in
1215 4301 1246 4352 B.

17 4413 18 4436 ᾖ
96 4369 118 4398 ¹⁰
138 4367 167 4416 E.
179 4367 313 4416 serenitas.
380 4367 399 4396 ¹¹
417 4365 508 4415 Evbi.
574 4364 594 4394 ¹¹
611 4365 641 4414 B.
653 4372 688 4414 et.

129 4477 196 4518 vor.
210 4477 240 4516 ιι.
645 4458 698 4515 alt
