3008 4904
432 317 508 413 Da
531 317 696 408 nanto
722 318 916 420 aarum.
1178 325 1242 397 181

90 535 184 577 suum
206 519 238 576 in
257 519 369 576 sanctis
387 519 528 600 operibus
547 519 762 593 perseuerauit,
781 529 811 578 et
829 519 857 578 ei
876 521 956 578 lilius
974 537 1048 578 suus
1068 519 1158 578 Latro
1179 537 1246 578 suc·

91 607 195 680 cessit,
208 609 259 680 qui
272 616 302 664 et
315 616 438 665 sanctus
450 607 503 664 huit
512 607 542 679 ¹.]

226 824 269 888 'tl
289 813 343 884 Da
362 843 477 884 siluero
499 813 655 884 Matrona
676 843 819 884 arrscoro
838 843 875 884 ar
893 827 1111 886 conrassoaa³.

93 955 292 1085 TEmpore
302 955 453 1014 Valeriani
465 956 657 1030 imperatoris
668 957 775 1013 Mello⁴
786 956 916 1029 quidam,
926 959 964 1014 de
976 957 1080 1014 Maiori
1092 957 1245 1016 Britannia

175 1045 328 1112 oriundus,
343 1045 473 1102 Romam
489 1047 579 1115 venit,
591 1053 622 1102 vt
639 1047 733 1117 patrie
752 1061 806 1100 sue
824 1045 967 1102 tributum
986 1047 1126 1114 solueret,
1143 1055 1172 1103 et
1189 1048 1245 1102 im·

93 1131 226 1203 peraton'
239 1131 375 1189 seruiret.
413 1133 525 1206 Ibique,
537 1133 612 1190 sicut
626 1149 692 1188 mos
705 1141 776 1202 erat,
790 1149 857 1188 cum
871 1133 959 1190 sociis
972 1133 1034 1189 auis
1047 1135 1084 1190 ad
1097 1135 1244 1206 templum
1260 1149 1274 1198 5

95 1218 204 1275 Martis
229 1219 335 1276 ductus
359 1229 415 1289 est,
434 1230 466 1277 vt
490 1221 680 1277 sacrificaret.
718 1219 756 1276 Et
776 1220 902 1277 audiens
924 1220 1112 1293 Stephanum
1133 1238 1244 1294 papam

93 1307 200 1379 paucis
223 1307 395 1364 christianis
418 1308 607 1380 euangelium
629 1306 740 1364 Christi
761 1307 976 1380 predicantem,
995 1310 1088 1365 verba
1112 1311 1177 1366 eius
1202 1319 1245 1366 at·

93 1395 199 1460 tendit,
211 1403 241 1451 et
257 1395 399 1464 credidit;
418 1395 599 1468 baptismum
616 1395 653 1451 ab
665 1413 702 1451 eo
719 1395 803 1472 petiit
819 1403 849 1452 et
866 1397 988 1469 accepit.
1027 1395 1065 1452 Et
1082 1397 1245 1454 instructus

93 1484 131 1538 ab
148 1501 196 1552 eo,
206 1483 346 1555 quicquid
362 1483 489 1540 habebat
501 1483 643 1551 vendidit,
656 1499 740 1539 arma
755 1483 854 1553 etiam,
868 1499 936 1539 cum
948 1483 1057 1556 quibus
1074 1483 1217 1541 militabat
1225 1485 1245 1554 ⁶,

93 1569 148 1642 [et]
161 1570 344 1642 pauperibus
357 1570 514 1644 errogauit.
551 1571 650 1642 Quem
663 1570 796 1644 prelatus
808 1587 888 1644 papa
907 1570 962 1626 sibi
982 1571 1176 1628 adherentem
1190 1589 1245 1645 per
1262 1592 1292 1628 ιο

93 1675 202 1714 omnes
223 1658 350 1715 ecclesie
372 1660 484 1732 gradus
504 1677 599 1732 vsque
625 1660 664 1714 ad
688 1658 887 1714 sacerdotium
912 1659 1069 1732 promouit.
1107 1659 1244 1734 Cumque

93 1745 214 1802 ieiuniis
233 1755 262 1801 et
281 1746 388 1818 vigiliis
406 1747 539 1817 instaret,
556 1747 684 1819 quadam
704 1745 752 1802 die
772 1745 896 1802 missam
915 1763 951 1803 eo
970 1747 1148 1816 celebrante,
1161 1749 1244 1805 vide·

93 1841 164 1890 runt
185 1831 251 1905 ipse
275 1843 305 1889 et
330 1851 408 1906 papa
430 1835 571 1906 angelum
590 1835 639 1890 dei
659 1842 789 1890 stantem
809 1833 846 1890 ad
868 1835 1024 1890 dexteram
1045 1834 1165 1891 altaris:
1193 1837 1244 1908 qui

93 1929 215 1993 peracta
228 1921 320 1977 missa
332 1921 413 1978 dedit
426 1921 454 1978 ei
464 1921 578 1994 virgam
590 1922 769 1994 pastoralem
779 1937 870 1993 quam
880 1937 969 1977 manu
980 1921 1109 1990 tenebat,
1120 1923 1224 1980 dicens
1236 1943 1243 1980 :

93 2008 225 2082 ‘Accipe
243 2010 359 2081 virgam
376 2011 433 2066 sub
451 2027 510 2082 qua
529 2027 616 2082 reges
638 2011 781 2082 populum
802 2008 1042 2081 rothomagensis
1064 2009 1191 2066 ciuitatis
1213 2011 1243 2066 in
1261 2027 1289 2076 15

94 2096 237 2153 Neustn'e
249 2096 368 2153 finibus
405 2097 471 2153 Tibi
484 2097 565 2153 enim
578 2097 637 2153 illic
650 2105 828 2170 preparatus
845 2105 889 2152 est
907 2097 994 2152 adeo
1009 2095 1110 2165 locus;
1130 2105 1159 2152 et
1177 2097 1244 2154 licet

93 2185 178 2240 labor
196 2185 346 2257 incognite
361 2185 428 2241 vie·
444 2185 498 2240 tibi
515 2184 552 2240 sit
569 2201 725 2254 onerosus,
741 2199 930 2257 nequaquam
948 2192 1050 2240 tamen
1067 2183 1119 2240 tibi
1136 2186 1242 2241 timen-

92 2274 185 2328 dum:
204 2271 345 2344 quoniam
359 2273 415 2328 sub
424 2273 530 2328 vmbra
542 2271 655 2328 alarum
666 2289 788 2328 suarum
799 2281 933 2344 proteget
946 2281 977 2328 te
986 2273 1126 2328 dominus
1136 2271 1244 2330 lhesus

92 2359 251 2417 Christus!
282 2358 366 2417 Tunc
386 2369 507 2432 accepta
521 2359 727 2417 benedictione
746 2377 764 2416 a
783 2377 870 2432 papa,
883 2360 939 2416 iter
957 2359 1089 2432 arripuit.
1122 2359 1242 2416 Etcum

90 2447 227 2505 venisset
251 2447 485 2517 Autisiodorum,
504 2450 619 2520 virgam
643 2457 752 2504 tenens
777 2464 867 2520 quam
892 2448 931 2503 ab
955 2447 1062 2520 angelo
1087 2458 1243 2521 acceperat
1259 2463 1290 2500 20

90 2537 246 2609 quendam
260 2537 381 2608 bipenni
394 2536 592 2604 vulneratum,
605 2535 689 2592 cuius
707 2551 761 2608 pes
780 2537 811 2590 ln
830 2535 905 2591 duas
920 2543 1022 2608 partes
1038 2535 1153 2592 diuisus
1170 2547 1243 2608 erat,

91 2625 228 2680 oratione
241 2621 317 2679 sacta
329 2623 407 2680 illico
420 2623 546 2681 sanauit.
586 2623 807 2696 Rothomagum
818 2623 940 2678 tandem
949 2623 1084 2691 veniens,
1094 2632 1124 2679 et
1138 2623 1243 2682 minis·

89 2711 202 2768 terium
215 2727 302 2768 suum
315 2711 444 2768 fideliter
455 2711 595 2784 implens,
608 2710 710 2766 multis
722 2709 880 2766 virtutibus
892 2719 922 2767 et
935 2709 1086 2766 miraculis
1099 2711 1198 2768 clarus
1212 2711 1241 2770 in

90 2815 169 2871 pace
181 2797 302 2870 quieuit.

129 2927 210 3000 [MS.
223 2927 287 2986 Tib.
301 2929 392 2986 adds:
583 2925 721 2986 Narratio
728 2927 747 2984 ⁷.

127 3037 225 3106 Venit
254 3050 413 3123 aliquando
437 3053 557 3125 quidam
587 3053 625 3108 ab
651 3053 726 3109 urbe
753 3051 858 3121 Roma,
882 3051 933 3123 qui
963 3049 1018 3121 [in]
1043 3050 1158 3122 palacio
1185 3051 1242 3109 im·
1258 3071 1286 3122 ²5

89 3137 258 3213 peratoris⁸
280 3155 421 3210 magnum
442 3139 539 3196 locum
560 3141 670 3209 habuit,
689 3149 719 3196 et
739 3140 888 3196 habitabat
909 3139 940 3194 in
961 3137 1066 3194 Scithi.
1104 3137 1242 3198 Habebat

88 3235 193 3285 autem
207 3241 310 3283 secum
323 3244 416 3283 unum
430 3245 551 3285 seruum
565 3227 616 3301 qui
629 3229 817 3285 ministrabat
836 3227 873 3284 ei.
906 3224 1021 3282 Videns
1038 3235 1138 3284 autem
1156 3245 1242 3300 pres·

89 3315 171 3372 biter
188 3314 315 3372 ecclesie
334 3313 537 3372 infirmitatem
556 3316 629 3384 eius,
642 3324 671 3373 et
689 3332 875 3388 cognoscens
887 3313 957 3387 quia
974 3315 1013 3370 de
1028 3314 1141 3371 deliciis
1160 3327 1241 3374 esset

89 3403 139 3459 uir
150 3401 210 3469 ille,
222 3403 260 3458 de
278 3401 336 3458 hiis
348 3420 407 3476 que
421 3403 460 3474 (ei
473 3403 624 3474 dominus)
637 3405 775 3472 donabat,
789 3401 1008 3460 transmittebat
1021 3403 1057 3460 ei.
1094 3403 1153 3473 Qui
1172 3421 1240 3461 cum

90 3490 237 3563 (iecisset)
247 3490 351 3562 uiginti
364 3490 496 3564 quinque
508 3509 603 3548 annos
615 3491 646 3548 in
658 3490 761 3562 Scithi,
771 3489 878 3562 (sactus
887 3489 946 3560 est)
959 3490 1006 3546 uir
1015 3492 1241 3564 contemplator,
1255 3510 1288 3559 30

89 3578 186 3635 multa
199 3578 370 3650 preuidens,
383 3587 413 3635 et
426 3579 628 3650 nlominatus).
666 3579 805 3636 Audiens
821 3586 922 3634 autem
938 3577 1059 3650 quidam
1072 3578 1110 3634 de
1123 3580 1242 3652 magnis

124 3706 133 3736 Ι
265 3709 271 3722 “
344 3727 351 3740 ι

125 3707 439 3844 Och'lueellcittendhlcissime,
452 3785 581 3847 condigne
597 3791 642 3834 tuo
658 3783 769 3846 nomine,
782 3783 878 3847 pietate
893 3781 1019 3844 mellihce,
1032 3781 1146 3834 bonitate
1161 3785 1241 3834 melli-

88 3851 150 3910 llue,
168 3857 194 3898 et
210 3849 329 3911 melliger
345 3851 458 3913 caritate,
475 3851 535 3900 diuo
551 3851 628 3913 plene
645 3851 777 3900 canamate
795 3857 820 3900 et
837 3850 978 3912 graciarum
996 3857 1117 3898 nectare:
1135 3859 1241 3913 paterna

89 3929 141 3965 nos
154 3913 214 3963 ioue
226 3929 310 3978 prece.
344 3915 375 3964 V.
394 3915 479 3964 lustus
490 3916 677 3982 germinabit}

125 3977 182 4048 Da,
199 4003 349 4051 quesumus,
365 3989 530 4052 omnipotens
546 3992 619 4051 deus,
631 3991 713 4052 utqui
730 3989 798 4039 beati
812 3989 925 4052 (ldelliti)
937 3988 1093 4038 confessoris
1109 3989 1147 4038 tui
1164 3996 1240 4051 atque

89 4055 223 4119 pontilicis
233 4056 505 4105 commemoracionem
521 4056 636 4117 colimus,
648 4057 704 4106 elus
719 4057 787 4118 apud
801 4063 829 4105 te
842 4055 1070 4104 intercessionibus
1081 4055 1240 4117 adiuuemm,

88 4135 291 4236 pephmd
303 4185 368 4236 lrom
385 4187 430 4236 the
441 4186 508 4236 Acta
518 4187 544 4236 in
555 4187 587 4238 Α.
602 4187 650 4238 SS.
666 4187 731 4236 Boll.
744 4203 777 4236 aa
789 4186 846 4236 Oct.
860 4185 906 4235 lx.
919 4201 943 4248 p.
956 4199 1012 4248 57⁰·
1048 4185 1125 4235 Same
1141 4194 1242 4237 extract

89 4253 118 4302 in
131 4251 300 4313 hlombn'tius,
311 4251 363 4302 vit
377 4251 426 4302 SS.
440 4251 473 4302 ll.
488 4255 549 4315 156;
566 4253 596 4303 ci
612 4253 704 4302 Petrus
716 4253 749 4302 de
761 4251 845 4301 Natat
856 4251 937 4302 Catal.
950 4251 996 4300 lX.
1009 4268 1029 4301 c.
1042 4267 1082 4314 9&
1188 4253 1198 4284 ⁸
1214 4261 1241 4302 et

89 4317 157 4368 cons.
172 4333 222 4368 om.
234 4318 261 4367 in
273 4318 303 4369 T.
391 4317 400 4347 ¹
417 4319 450 4368 al.
463 4318 598 4370 ldellonus.
679 4318 690 4347 ⁸
705 4317 879 4368 arma—milit.
894 4332 943 4367 om.
955 4319 981 4366 in
995 4317 1089 4369 liornb.
1178 4318 1188 4349 ⁸
1206 4319 1239 4370 ld.

89 4385 142 4444 vie,
153 4383 182 4434 Τ.
196 4383 224 4434 E.
237 4384 297 4434 vite.
363 4381 373 4412 ¹
390 4383 431 4433 Ex
441 4384 493 4434 Vit.
506 4384 574 4434 Patr.
587 4399 611 4448 p.
623 4397 681 4448 925.
745 4384 755 4415 ⁸
771 4399 821 4434 orn.
833 4383 861 4432 ln
872 4381 926 4435 VP.
