3042 4884
279 307 349 394 19⁶
588 301 720 390 uota
745 297 936 404 tesana
959 297 1111 404 annu.

275 499 388 559 domini
409 499 569 560 millesimo
590 501 728 576 septimo,
749 511 893 574 regnante
917 519 989 575 rege
1013 501 1137 570 Canuto,
1158 501 1312 559 Ellstanus
1331 499 1429 556 abbas

276 589 372 647 sancti
390 589 551 665 Augustini
570 607 639 648 cum
656 607 767 663 corpus
785 599 888 647 sancte
905 589 1031 662 virginis
1048 591 1086 647 ad
1101 589 1317 647 monasterium
1334 604 1429 644 suum

276 677 440 736 bauslerre
452 677 601 750 cogitaret,
614 687 702 734 nocte
714 677 844 750 quadam
856 678 994 750 apparuit
1006 677 1034 734 ei
1047 678 1169 751 quidam
1181 678 1264 734 vultu
1276 686 1308 733 et
1321 675 1428 732 habitu

276 763 469 834 lucidissimo,
489 765 610 822 dicens:
637 765 739 822 ‘Scias
763 782 814 822 me
836 774 970 837 optatum
995 765 1049 822 tibi
1074 765 1215 822 nuncium
1240 765 1370 833 adesse3
1395 771 1429 818 et

247 851 315 920 ade
339 853 467 926 preciosi
494 851 629 926 corporis
656 861 760 910 sancte
790 851 937 910 Mildrede
964 852 1160 910 translatione
1184 852 1371 910 desiderium
1396 858 1430 905 et

276 949 379 997 votum
396 951 481 996 tuum
494 939 689 1014 consequeris
701 949 732 997 et
744 939 940 1012 adimpletum
953 939 1078 996 videbis.
1122 940 1174 998 Sic
1187 941 1268 997 enim
1281 937 1430 1012 placitum

276 1035 307 1083 et
325 1035 475 1084 secretum
494 1037 541 1086 est
560 1027 655 1101 gratie
673 1027 732 1095 dei,
744 1028 852 1085 dilecte
871 1045 984 1100 sponse
1002 1045 1058 1084 sue
1076 1027 1183 1084 honori
1202 1027 1431 1098 multorumque

276 1113 364 1171 saluti
384 1114 593 1188 prospicienti?
630 1115 797 1188 Assumpto
816 1123 915 1171 autem
941 1131 1067 1188 corpore
1090 1124 1194 1172 sancto
1214 1114 1245 1170 in
1266 1114 1431 1186 puluerem

276 1201 416 1268 resoluto,
428 1203 465 1258 ad
479 1202 636 1260 ecclesiam
649 1219 735 1259 suam
747 1202 853 1260 detulit
865 1211 895 1258 et
907 1203 938 1258 in
951 1201 1061 1260 feretro
1077 1203 1217 1275 precioso
1228 1219 1297 1258 cum
1311 1202 1431 1258 honore

232 1287 351 1346 toillud
374 1289 536 1348 collocauit
616 1277 780 1362 Regnante
811 1289 959 1346 Edwardo
983 1299 1086 1347 sancto
1110 1289 1293 1360 consessore,
1320 1288 1433 1344 Emma

277 1385 372 1434 mater
383 1376 458 1446 eius,
471 1386 609 1434 accusata
622 1393 726 1450 regem
740 1375 984 1450 Norreganorum
998 1379 1035 1434 ad
1048 1377 1251 1434 inuadendum
1261 1377 1272 1410 ¹
1284 1375 1431 1450 Angliam

277 1463 442 1520 concitasse
461 1464 695 1537 thezauntmque
718 1463 885 1522 infinitum¹
905 1464 946 1520 illi
969 1464 1096 1533 misisse,
1114 1465 1255 1522 uniuersa
1271 1464 1339 1520 eius
1358 1464 1431 1520 sub-

277 1550 386 1607 stantia
409 1550 472 1624 regi
497 1551 673 1624 proscripta,
693 1551 848 1609 Wintonie
872 1553 1052 1622 morabatur,
1072 1553 1205 1608 omnium
1230 1561 1373 1624 aspectus
1397 1561 1431 1608 et

277 1638 423 1712 colloquia
433 1637 570 1712 fugiebat
607 1639 743 1709 Quadam
756 1649 857 1696 autem
870 1649 958 1696 nocte
971 1649 1102 1696 mentem
1114 1639 1260 1712 angustiis
1272 1639 1386 1697 fessam
1399 1649 1432 1696 et

233 1737 264 1792 15
278 1741 387 1798 sopore
408 1727 594 1798 depressam,
612 1726 712 1799 puella
733 1729 861 1801 quedam
869 1725 890 1797 ¹,
912 1744 997 1784 sacro
1016 1727 1167 1784 velamine
1186 1728 1335 1794 decorata,
1358 1744 1432 1784 con-

277 1815 372 1870 solata
393 1823 439 1871 est
460 1813 584 1871 dicens:
612 1813 739 1885 ‘Quare
757 1814 862 1889 inquit,
881 1831 1001 1872 merore
1020 1815 1229 1872 consumeris?
1257 1831 1314 1888 pro
1335 1816 1431 1872 rebus

277 1900 418 1974 perituris
431 1909 527 1959 curte
540 1901 663 1974 perdis?
699 1901 848 1972 Quoniam
861 1901 934 1959 nihil
949 1903 1008 1960 sint
1020 1913 1139 1960 terrene
1151 1902 1263 1973 diuitie,
1272 1903 1432 1976 pereundo

278 1997 308 2047 te
330 1990 504 2059 docuerunt,
526 2007 585 2062 que
607 2007 625 2046 a
644 1999 675 2047 te
694 2008 763 2047 cum
787 1989 970 2048 amatoribus
989 1990 1053 2048 suis
1077 1990 1261 2048 delecemnt.
1299 1990 1432 2046 Proinde

278 2077 391 2133 bonum
417 2085 464 2134 est
487 2093 612 2149 sperare
638 2077 669 2134 in
693 2077 817 2134 domino
841 2095 931 2151 quam
957 2077 987 2134 in
1011 2077 1198 2151 principibus
1222 2085 1251 2136 et
1275 2077 1432 2136 thezauris

233 2181 266 2220 ao
278 2163 415 2236 pecunie.
449 2162 532 2221 Audi
549 2173 650 2220 tamen
670 2163 827 2222 eonsilium
846 2181 956 2232 meum,
969 2174 1000 2222 et
1016 2167 1102 2222 beate
1120 2165 1268 2240 Mildrede
1284 2165 1432 2221 auxilium

278 2251 381 2308 missis
394 2251 569 2309 muneribus
582 2251 717 2326 implora,
730 2252 815 2310 cuius
828 2252 949 2310 suffulta
966 2253 1116 2326 suffragiis
1132 2252 1238 2310 honori
1250 2261 1280 2310 et
1292 2252 1432 2324 dignitati

279 2339 423 2409 restituta,
442 2355 549 2396 omnes
569 2348 802 2413 persequutores
825 2349 894 2396 tuos
918 2339 1134 2412 indulgentiam
1158 2340 1334 2413 suppliciter
1358 2349 1432 2399 ate

279 2425 413 2499 flagitare
431 2426 554 2484 videbis.
592 2427 752 2500 agoson,
776 2427 880 2501 inquit,
903 2427 1049 2484 Mildreda
1069 2427 1180 2485 Christi
1201 2427 1321 2498 famula,
1344 2427 1432 2486 errius

280 2529 369 2585 opem
388 2522 418 2570 te
436 2529 601 2587 exposcere
619 2515 751 2572 suadeo:
770 2532 841 2572 ecce
861 2515 1030 2572 interuentu
1049 2532 1117 2572 meo
1135 2514 1236 2572 diuina
1253 2515 1307 2572 tibi
1324 2525 1432 2588 presto
1512 2549 1513 2578 2

236 2616 267 2668 ²5
281 2610 351 2657 sunt
365 2601 486 2658 solatia!
523 2601 660 2676 Cumque
676 2603 789 2676 regina,
805 2612 836 2660 vt
855 2603 971 2659 iussum
986 2602 1204 2671 fueruaomnia
1219 2603 1330 2661 deuote
1346 2621 1433 2660 com·
1512 2637 1513 2650 κ

280 2688 402 2762 plesset,
415 2707 468 2746 rex
483 2699 649 2747 maternam
662 2690 800 2747 iniuriam
819 2707 891 2763 egre
908 2691 1019 2756 serens,
1033 2691 1063 2747 in
1081 2690 1236 2764 pristinam
1252 2690 1433 2762 dignitatem

280 2792 348 2832 eam
367 2788 494 2849 reuocat,
512 2789 542 2836 et
559 2779 678 2836 veniam
697 2779 827 2852 supplex
845 2778 929 2851 petit.
1003 2765 1041 2836 ln
1061 2778 1137 2836 sesto
1157 2789 1260 2836 sancte
1281 2777 1433 2837 Mildrede

280 2864 399 2938 quidam
424 2883 587 2939 campanas
611 2865 793 2940 pulsantium
817 2875 886 2922 ante
910 2865 1002 2922 altare
1026 2877 1129 2924 sancte
1156 2865 1283 2941 virginis
1307 2869 1433 2935 sedens,

281 2952 412 3010 dormire
425 2954 511 3027 cepit
549 2953 587 3010 Et
605 2971 677 3012 ecce
693 2954 778 3027 virgo
796 2961 909 3022 sancta,
922 2953 1114 3012 inestimabili
1129 2955 1238 3012 decore
1257 2954 1377 3028 fulgida,
1390 2956 1433 3013 de

235 3049 268 3106 30
279 3037 383 3094 tumba
395 3038 570 3109 procedens,
584 3037 699 3111 sibique
712 3037 870 3095 minaciter
886 3037 1042 3108 accedens,
1055 3037 1133 3095 elata
1151 3038 1252 3111 palma
1269 3039 1388 3111 alapam
1401 3039 1433 3095 ci

280 3124 370 3192 dedit,
394 3126 506 3182 docens
530 3141 608 3192 eum,
632 3124 805 3195 oratorium,
824 3141 885 3181 non
910 3125 1118 3182 dormitorium
1143 3125 1184 3182 ibi
1209 3143 1286 3183 esse.
1332 3125 1388 3183 llle
1412 3143 1434 3184 a

280 3227 409 3284 sompno
439 3211 575 3280 exiliens,
606 3212 681 3269 sicut
712 3211 797 3284 prius
827 3211 980 3269 dormiens
1009 3211 1125 3270 viderat
1155 3214 1364 3286 prodeuntem,
1389 3213 1434 3272 ita

281 3315 405 3371 prorsus
428 3299 556 3372 vigilans
580 3301 755 3356 redeuntem
779 3299 852 3356 vidit
876 3301 1070 3373 tumbamque
1089 3301 1276 3358 subeuntem.
1344 3288 1432 3360 Cum

281 3387 408 3444 ecclesia
431 3385 559 3459 pristine
583 3387 776 3460 requietionis
800 3403 853 3444 sue
879 3387 1013 3460 reparari
1037 3387 1169 3456 deberet,
1194 3389 1281 3445 etde
1306 3399 1433 3462 sumptu

235 3487 268 3544 35
282 3473 500 3530 solicitarentur
512 3473 605 3543 multi,
617 3473 664 3530 vir
675 3475 796 3548 quidam
809 3473 894 3531 diues
907 3475 980 3530 vidit
993 3474 1024 3530 in
1043 3474 1179 3548 sompnis
1191 3484 1287 3532 totum
1300 3475 1434 3533 Thaneti

281 3560 425 3634 populum
446 3560 607 3625 collectum,
629 3559 758 3619 inuicem
780 3563 818 3618 de
838 3570 959 3634 sumptu
982 3561 1118 3618 conferre
1142 3571 1174 3618 et
1194 3580 1265 3619 ecce
1284 3563 1377 3620 astitit
1397 3563 1433 3622 in

281 3647 381 3706 medio
393 3646 492 3720 puella
505 3649 633 3720 quedam
645 3649 755 3705 decora
767 3648 865 3715 nimis,
878 3647 982 3705 dicens
993 3667 1000 3706 ε
1021 3649 1151 3706 ‘Audite
1163 3657 1314 3706 amatores
1327 3652 1433 3722 seculi,

280 3745 311 3794 et
335 3735 569 3810 corniptibilium
593 3735 764 3794 facultatum
789 3737 928 3793 custodes
953 3753 987 3793 ac
1013 3736 1102 3793 serui.
1139 3735 1203 3795 Vos
1228 3755 1321 3811 graue
1345 3737 1434 3799 sertis

281 3841 454 3882 succurrere
473 3823 589 3881 edificio
607 3825 714 3880 domus
733 3821 799 3893 dei;
820 3823 849 3878 in
869 3822 1011 3896 perituris
1030 3823 1189 3894 confiditis,
1208 3824 1238 3881 in
1257 3825 1346 3882 bonis
1362 3844 1433 3899 per-

235 3927 269 3980 40
282 3911 431 3970 mansuris
453 3929 514 3968 non
534 3911 680 3984 speratis3
710 3913 764 3968 sed
789 3929 848 3984 que
872 3910 1016 3982 retinetis,
1037 3911 1186 3984 peribunt,
1206 3929 1266 3985 que
1290 3915 1434 3986 erogatis,

282 3999 451 4057 eternaliter
472 3999 666 4072 multiplicata
686 3999 858 4056 manebunt„
897 3997 975 4056 Ecce
997 4017 1061 4072 ego,
1082 3999 1152 4072 plus
1171 4001 1312 4058 omnibus
1336 4003 1434 4072 vobis,

281 4087 350 4148 huic
363 4096 511 4145 structure
524 4087 686 4162 proficiam,
698 4088 767 4161 plus
780 4104 847 4144 mea
859 4085 968 4144 valebit
980 4087 1083 4162 inopia
1094 4103 1185 4161 quam
1198 4087 1296 4144 omnis
1316 4089 1434 4148 habun-

923 4239 955 4266 ae‘

380 4349 434 4405 ¹T.
448 4353 476 4405 F„
489 4353 668 4404 inuadendum.
756 4353 812 4403 ²2.
825 4353 956 4403 infinitam.
1042 4353 1196 4417 'unella
1207 4355 1327 4417 pucilam.
