3008 4904
284 323 354 394 262
597 315 728 402 ilium
753 309 945 415 intuenda
969 310 1119 416 fluuii&

283 516 444 574 Deirorum
470 515 549 574 filius
570 515 672 572 Elsrici
697 513 795 588 patrui
818 513 892 584 eius,
914 513 1037 572 nomine
1056 513 1190 585 Osricus,
1209 531 1343 588 regnum
1367 534 1440 573 vero

283 605 489 664 senatorum
515 604 648 677 suscepit
674 589 844 672 eminetis,
867 602 946 659 filius
971 601 1128 658 athenaei
1152 603 1241 676 regis,
1262 603 1361 661 trater
1384 605 1441 661 os

281 693 387 750 waldi¹
400 714 406 750 :
426 703 456 750 et
471 693 562 750 fidem
575 691 689 750 Christi
706 691 889 761 abicientes,
902 691 1061 762 ydolorum
1075 691 1166 747 cultui
1179 708 1214 748 se
1226 692 1440 750 subdiderunt.

284 780 347 838 Nec
366 799 459 852 mora,
471 790 631 852 utrumque
650 797 705 836 rex
723 778 879 836 Britonum
893 778 1045 834 Cedwalla
1060 779 1137 835 iusto
1150 778 1199 836 dei
1219 780 1325 836 iuditio
1344 783 1440 838 inter·

253 869 364 938 5emit.
401 869 518 940 Quibus
536 869 578 926 ita
598 867 714 936 deletis,
727 866 963 939 superueniente
981 884 1050 923 cum
1069 884 1165 938 paruo
1182 868 1318 924 exercitu
1345 868 1440 925 fratre

283 957 417 1015 Eanlridi
439 956 591 1024 Oswaldo,
614 955 725 1012 Christi
750 955 810 1012 lide
835 954 959 1022 munito,
981 955 1133 1012 Cedwalla
1156 973 1225 1012 cum
1249 956 1315 1012 suis
1342 958 1441 1030 copiis

282 1045 449 1114 immensis,
462 1046 571 1118 quibus
584 1043 657 1099 nihil
670 1043 813 1100 resistere
826 1059 917 1114 posse
929 1042 1064 1112 iactabat,
1077 1041 1250 1099 interiectus
1264 1051 1311 1100 est
1325 1045 1360 1100 in
1375 1046 1441 1101 loco

281 1133 333 1206 qui
348 1133 538 1190 Denisburn¹
550 1133 580 1188 id
593 1141 639 1188 est
656 1133 739 1187 riuus
753 1129 859 1186 Denisi
871 1139 1003 1187 vocatur.
1040 1129 1139 1187 Locus
1155 1139 1254 1186 autem
1271 1131 1325 1188 ille
1339 1149 1440 1206 usque

282 1220 371 1278 hodie
390 1223 421 1276 in
441 1237 549 1293 magna
564 1219 757 1277 veneratione
775 1218 920 1276 habetur:
940 1217 990 1274 vbi
1006 1227 1153 1275 venturus
1171 1221 1208 1276 ad
1227 1237 1366 1293 pugnarn
1382 1221 1440 1278 Os·

238 1327 268 1364 ιο
281 1308 398 1364 waldus
417 1307 536 1382 signum
554 1317 656 1364 sancte
673 1307 770 1364 crucis
788 1305 894 1376 erexit,
906 1323 940 1362 ac
960 1305 1048 1362 ilexis
1066 1306 1194 1379 genibus
1212 1307 1374 1364 dominum
1389 1311 1440 1365 de-

281 1405 422 1468 precatus
447 1406 493 1453 est
513 1405 545 1452 vt
568 1395 598 1452 in
624 1405 705 1452 tanta
729 1411 831 1451 rerum
853 1393 1031 1451 necessitate
1052 1395 1116 1451 suis
1140 1395 1302 1452 cultoribus
1323 1397 1440 1454 auxilio

282 1482 386 1540 celesti
399 1491 595 1541 succurreret.
631 1483 708 1540 Cum
721 1483 803 1538 enim
817 1499 890 1538 cmx
903 1481 1002 1554 lignea
1019 1481 1094 1538 iacta
1111 1482 1216 1539 suisset
1228 1493 1256 1538 et
1270 1495 1388 1554 erecta,
1401 1487 1439 1542 ait

282 1569 462 1629 Oswaldus:
483 1570 524 1626 ‘F
526 1571 670 1628 lectamus
687 1587 795 1628 omnes
811 1587 917 1642 genua,
930 1579 959 1625 et
972 1569 1063 1626 deum
1080 1570 1316 1643 omnipotentem
1331 1573 1437 1630 viuum

281 1675 316 1714 ac
327 1675 433 1715 verum
446 1660 645 1731 deprecemur
656 1667 688 1715 vt
706 1676 762 1714 nos
774 1658 812 1714 ab
826 1657 912 1714 hoste
929 1659 1061 1730 superbo
1073 1667 1102 1715 et
1116 1657 1224 1726 feroce,
1236 1675 1291 1714 sua
1308 1660 1438 1717 misera·

238 1765 268 1816 ¹⁵
281 1745 363 1803 tione
381 1746 530 1804 defendat.
568 1747 632 1804 Scit
654 1747 735 1803 enim
755 1745 821 1818 ipse
841 1744 911 1818 quia
928 1763 984 1818 pro
1002 1745 1098 1804 salute
1116 1746 1215 1819 gentis
1233 1757 1338 1804 nostre
1359 1749 1439 1805 iusta

282 1833 361 1890 bella
374 1835 581 1907 suscepimus!
619 1834 755 1907 Cumque
765 1835 856 1891 deum
866 1835 974 1889 deuota
987 1842 1087 1890 mente
1097 1833 1438 1908 exorassetincipiente

281 1921 411 1978 diluculo
430 1921 460 1977 in
480 1923 598 1978 hostem
616 1921 778 1996 progressi,
796 1921 879 1978 iuxta
898 1920 1039 1977 meritum
1057 1939 1113 1978 sue
1131 1921 1203 1979 fidei
1219 1921 1344 1979 victoria
1366 1934 1438 1982 sunt

281 2009 375 2082 potiti.
414 2009 449 2066 ln
463 2011 548 2066 cuius
561 2011 626 2066 loco
634 2011 778 2066 orationis
790 2009 949 2066 innumere
957 2010 1083 2065 virtutes
1095 2009 1255 2067 sanitatum
1266 2022 1438 2070 noscuntur

281 2115 351 2154 esse
364 2107 489 2169 patrate,
501 2099 538 2154 ad
552 2097 689 2154 inditium
703 2106 733 2154 et
750 2096 927 2154 memoriam
941 2094 1011 2152 fidei
1029 2097 1118 2170 regis.
1157 2097 1233 2154 Nam
1248 2106 1277 2154 et
1294 2099 1386 2157 multi
1399 2102 1436 2156 de

237 2203 269 2241 ao
282 2185 349 2257 ipso
368 2184 450 2256 ligno
468 2193 658 2242 sacrosancte
676 2185 772 2242 crucis
792 2185 925 2242 hastulas
944 2184 1079 2241 excisas⁸
1093 2187 1124 2242 in
1141 2201 1249 2259 aquam
1268 2187 1436 2256 mittentes,

281 2273 492 2345 languentibus
512 2272 683 2330 hominibus
701 2282 752 2328 aut
770 2272 935 2346 pecudibus
953 2272 984 2328 in
1003 2282 1107 2344 potum
1126 2274 1272 2330 dederunt
1295 2275 1365 2332 siue
1388 2293 1437 2332 as·

281 2369 451 2433 perserunt,
470 2367 500 2416 et
519 2377 591 2417 mox
610 2360 766 2417 sanitatem
786 2369 973 2433 receperunt
1009 2359 1142 2418 Vocatur
1159 2369 1259 2418 autem
1276 2361 1362 2418 locus
1386 2364 1437 2420 ille

283 2446 455 2504 Heuenseld
464 2450 482 2518 '‚
494 2447 525 2503 id
538 2457 585 2504 est
598 2449 734 2506 ‘celestis
747 2451 889 2521 campus,'
902 2457 932 2504 et
944 2457 991 2504 est
1003 2449 1086 2505 iuxta
1102 2466 1222 2506 murum
1239 2450 1323 2506 illum
1336 2449 1435 2508 samo-

282 2550 360 2605 sum,
373 2535 411 2590 ad
424 2535 605 2607 aquilonem,
617 2553 677 2609 quo
692 2535 821 2592 Romani
834 2536 986 2608 quondam
1004 2535 1061 2592 ad⁴
1072 2538 1221 2594 arcendos
1234 2537 1435 2596 barbarorum

237 2640 267 2692 ²5
281 2621 421 2694 impetus,
441 2632 533 2679 totam
555 2639 573 2678 a
593 2623 669 2679 mari
689 2624 727 2680 ad
750 2639 832 2679 mare
852 2623 1031 2695 precinxere
1051 2623 1244 2680 Britanniam.
1282 2623 1326 2682 Ibi
1348 2627 1434 2683 enim

281 2711 473 2782 postmodum
487 2711 613 2769 ecclesia
628 2720 797 2768 constructa
815 2719 870 2779 est,
883 2719 913 2767 et
930 2712 967 2767 ab
985 2711 1111 2769 ecclesia
1128 2711 1352 2786 hagustaldensi
1371 2733 1434 2772 non

281 2798 407 2855 multum
422 2799 534 2856 distare
551 2797 692 2856 noscitur.
730 2799 794 2856 Nec
811 2807 880 2855 ante
897 2807 1033 2871 tempora
1049 2799 1100 2856 illa
1111 2799 1170 2856 vlla
1187 2800 1324 2870 ecclesia,
1336 2803 1433 2859 vnum
1486 2841 1487 2867 ,

280 2885 372 2942 altare
386 2887 416 2942 in
430 2894 489 2942 tota
503 2885 709 2943 Bemiciorum
721 2895 810 2959 gente
824 2885 885 2957 luit,
899 2885 1075 2960 priusquam
1091 2905 1145 2944 rex
1159 2887 1321 2946 Oswaldus
1337 2889 1369 2945 in
1385 2891 1434 2946 illa

280 2989 383 3046 pugna
400 2991 519 3030 crucem
537 2973 674 3046 erigeret.
748 2961 923 3031 Monachus
936 2974 1057 3047 quidam
1075 2974 1318 3048 hagustaldensis
1325 2975 1346 3047 ⁸,
1359 2979 1432 3034 dum

235 3074 268 3125 3ο
281 3060 426 3118 incautius
444 3061 520 3118 sorte
537 3071 624 3118 noctu
642 3061 673 3117 in
686 3060 781 3135 glacie
794 3060 940 3119 incideret
946 3063 964 3129 ⁶,
977 3071 1102 3134 repente
1115 3079 1259 3119 corruens
1274 3064 1432 3123 brachium
1486 3107 1487 3116 η

280 3149 418 3206 contriuit
431 3159 461 3206 et
477 3150 656 3221 grauissima
668 3149 805 3206 molestia
821 3148 937 3222 fatigari
951 3150 1038 3222 cepit.
1075 3149 1122 3206 De
1134 3150 1228 3207 veteri
1245 3167 1361 3223 musco,
1373 3171 1432 3226 quo

281 3236 458 3309 superficies
477 3237 549 3309 ligni
568 3247 632 3294 erat
650 3237 754 3307 obsita,
774 3237 853 3310 cepit
872 3247 901 3294 et
920 3237 1002 3294 iuxta
1020 3255 1055 3294 se
1073 3236 1104 3294 in
1123 3237 1233 3294 lectum
1251 3239 1373 3311 posuit:
1399 3259 1432 3298 ac

281 3323 398 3380 medio⁷
413 3324 507 3380 noctis
520 3333 665 3398 tempore,
678 3341 746 3382 cum
763 3325 925 3398 euigilaret,
939 3325 979 3380 ita
996 3342 1104 3381 sanum
1121 3325 1277 3382 brachium
1293 3343 1432 3385 manum-

280 3427 339 3482 que
354 3410 487 3483 repperit
505 3429 539 3468 ac
559 3413 584 3468 si
604 3412 677 3468 nihil
690 3429 821 3485 vnquam
839 3413 914 3469 tanti
932 3413 1042 3469 laboris
1059 3412 1220 3469 habuisset.
1294 3401 1431 3474 Sanctus

235 3511 265 3564 35
279 3499 379 3571 itaque
399 3497 568 3571 Oswaldus,
588 3517 685 3572 nepos
705 3499 823 3556 Edwini
841 3501 922 3573 regis
941 3510 972 3556 et
991 3501 1120 3556 martiris
1143 3518 1182 3557 ex
1204 3517 1318 3572 sorore,
1338 3521 1431 3576 regno

279 3586 401 3659 potitus,
423 3587 529 3659 petiuit
551 3597 581 3644 et
602 3587 728 3644 obtinuit
753 3596 882 3661 agente
904 3588 1073 3657 Scotorum,
1094 3588 1174 3645 inter
1193 3607 1270 3662 quos
1292 3599 1432 3664 tempore

279 3674 361 3732 exilii
381 3674 429 3731 sui
447 3675 614 3748 baptizatus
632 3675 736 3744 iuerat,
749 3675 847 3732 virum
866 3684 1004 3732 sanctum
1020 3675 1174 3733 Aidanum
1193 3677 1381 3752 episcopum,
1394 3681 1430 3736 ad

279 3762 487 3819 instruendam
512 3771 633 3834 gentem
659 3779 749 3835 quam
774 3763 904 3836 regebat.
941 3767 1015 3820 Erat
1039 3772 1140 3820 autem
1164 3763 1211 3821 vir
1236 3765 1287 3822 ille
1312 3785 1431 3824 summe

278 3850 518 3907 mansuetudinis
530 3858 560 3907 et
573 3849 692 3923 pietatis
705 3869 739 3908 ac
752 3850 977 3921 moderaminis,
987 3852 1104 3908 habens
1113 3853 1212 3909 zelum
1223 3853 1282 3923 dei,
1292 3857 1431 3928 quamuis

233 3956 267 4006 40
279 3955 340 3995 non
358 3939 448 4013 plene
466 3939 633 3995 secundum
651 3937 814 3996 scientiam.
853 3937 930 3996 Nam
944 3939 1024 3997 diem
1038 3939 1152 4014 pasche
1164 3957 1249 3998 more
1262 3959 1318 3999 sue
1332 3945 1431 4017 gentis

278 4043 296 4084 a
315 4026 536 4100 quartadecima
555 4026 626 4082 luna
637 4043 734 4099 vsque
752 4027 790 4082 ad
802 4026 977 4084 vicesimam
996 4028 1192 4086 obseruabat:
1212 4030 1293 4101 quod
1312 4041 1343 4088 et
1362 4049 1430 4104 sep·

279 4114 466 4172 tentrionalis
480 4114 639 4172 Scotorum
652 4111 806 4188 prouincia
819 4123 850 4170 et
861 4113 960 4172 omnis
974 4115 1053 4172 natio
1067 4115 1217 4172 Pictorum
1230 4115 1283 4172 illo
1294 4127 1430 4194 tempore

311 4317 321 4346 ¹
337 4317 366 4367 F.
381 4317 507 4368 Oswaldt.
670 4316 681 4347 ¹
697 4317 726 4368 T.
739 4317 903 4376 Deuisburn:
920 4319 950 4368 E.
962 4319 1128 4380 Devesbum;
1146 4319 1211 4370 Bed.
1226 4319 1429 4374 Denisesburna

278 4381 458 4434 ³Tessuinus
494 4383 598 4434 ⁴B.ob.
633 4382 719 4434 ⁵Bed.
728 4385 832 4434 nomine
846 4386 974 4437 Bothelm.
1007 4383 1093 4436 ‘Bed
1104 4387 1244 4437 incederet.
1277 4385 1328 4439 'T.
1336 4392 1428 4441 medie
