3008 4904
295 309 369 403 Dc
393 307 557 398 sanna
582 306 780 398 mannua
807 305 997 408 nisano.
1149 329 1219 404 253

59 510 150 568 enim
170 510 265 584 patris
284 513 331 567 sui
349 519 413 568 erat
431 516 554 566 sanctus
573 509 641 566 Odo
661 507 877 566 cantuariensis
896 507 1148 582 archiepiscopus,
1161 510 1219 566 dis·

59 600 205 655 cretione
232 598 369 656 sublimis
379 597 397 668 ¹,
423 596 558 654 moribus
582 597 690 670 grauis,
716 595 827 653 iustitie
855 597 960 668 cultor,
985 605 1015 652 et
1040 597 1114 670 [in]¹
1138 596 1221 654 omni

60 688 189 742 actione
219 703 274 742 sua
304 685 549 758 circumspectus.
599 684 679 741 Huic
712 684 794 740 enim
828 701 925 757 nepos
955 701 1029 740 suus
1059 685 1221 741 Oswaldus
1262 693 1266 702 ’

60 773 217 830 doctrinis
240 773 421 829 imbuendus
445 780 476 829 et
500 771 588 828 bonis
607 771 757 844 exemplis
779 780 809 828 et
832 771 967 828 moribus
986 771 1181 829 instruendus
1203 789 1222 828 a

61 862 250 934 parentibus
280 861 516 918 commendatur.
560 860 695 916 Seculari
720 860 843 916 demum
869 858 994 915 scientia
1019 868 1049 916 et
1073 858 1250 932 scripturas
1351 883 1354 889 ¹

61 965 155 1004 sacra
188 949 227 1004 ad
257 949 379 1021 plenum
410 947 589 1004 informatus
612 965 631 1003 a
654 958 757 1004 sancto
789 939 896 1004 Odone
927 948 1007 1020 apud
1033 946 1220 1004 Wintoniam

62 1035 236 1092 canonicus
260 1035 393 1105 effectus,
420 1052 488 1092 cum
510 1035 601 1091 ceteri
625 1043 727 1107 spreta
751 1034 936 1092 institutione
961 1034 1074 1091 ordinis
1099 1034 1145 1090 sui
1170 1035 1222 1092 de·

61 1124 185 1180 sideria
210 1123 308 1180 cordis
332 1131 539 1196 sequerentur,
564 1123 781 1179 institutionem
806 1122 867 1180 vite
897 1121 1109 1178 canonicorum
1136 1121 1222 1177 indes

63 1210 174 1268 sessus
200 1211 430 1284 exsequebatur.
468 1210 609 1268 Decanus
631 1210 731 1282 itaque
753 1210 785 1266 in
812 1209 897 1266 breui
923 1209 1025 1278 sactus,
1045 1209 1222 1266 maculatam

64 1313 182 1354 senum
193 1299 285 1355 vitam
297 1299 466 1366 emendare,
476 1307 506 1354 et
518 1297 651 1370 pueriles
665 1297 826 1368 [illorum]⁸
839 1313 948 1354 sensus
958 1296 1057 1353 studio
1067 1296 1223 1370 discipline
1238 1319 1270 1357 ιο

64 1385 194 1442 celestis
208 1403 355 1442 euacuare
367 1387 464 1442 adhuc
477 1385 596 1442 iuuenis
609 1386 693 1458 ipse⁴
707 1385 828 1441 curauit.
855 1384 899 1440 lili
908 1401 980 1442 vero
993 1384 1089 1458 magis
1102 1384 1223 1457 antiqua

64 1490 167 1545 praue
193 1473 420 1530 consuetudinis
444 1473 552 1530 itinera
575 1483 678 1530 tenere
698 1473 843 1542 volentes,
863 1471 947 1529 nullo
970 1481 1057 1544 pacto
1082 1471 1166 1528 illum
1191 1473 1222 1528 in

65 1561 183 1618 talibus
209 1577 243 1616 se
267 1560 420 1617 audituros
445 1560 642 1617 affirmabant.
687 1559 754 1630 Quo
779 1559 939 1627 intellecto,
964 1567 1066 1631 spreta
1097 1559 1223 1616 seculari

66 1663 188 1721 pompa
219 1665 337 1705 necnon
367 1648 488 1718 diuitiis,
515 1648 539 1704 F
541 1647 692 1718 loriacum,
716 1647 767 1705 vbi
797 1665 908 1720 corpus
939 1647 1034 1704 sancti
1067 1647 1222 1704 Benedicti

67 1735 246 1808 requiescit,
268 1753 398 1809 pergere
422 1735 565 1792 decreuit.
603 1735 707 1792 Missis
732 1733 812 1792 enim
838 1753 856 1792 a
879 1744 983 1791 sancto
1008 1734 1115 1791 Odone
1140 1753 1268 1808 com-15

69 1823 258 1880 mendatitiis
283 1823 377 1880 literis
401 1831 431 1880 et
450 1823 539 1879 donis
563 1823 710 1896 plurimis,
731 1823 873 1880 iuuenem
898 1824 977 1879 dicto
1001 1823 1222 1880 commendauit

68 1919 99 1966 et
133 1911 332 1968 sacto-idem
356 1928 430 1967 vero
460 1919 580 1967 sanctus
608 1911 676 1966 Odo
703 1909 733 1966 in
759 1910 913 1967 iuuentute
939 1910 1117 1966 constitutus
1147 1910 1224 1966 mari

69 1999 201 2055 transito
215 1998 348 2055 habitum
361 1998 560 2054 monasticum
579 1999 658 2070 apud
677 1999 844 2069 eundemtt)
860 1997 885 2053 F
885 1997 1027 2054 loriacum
1040 2007 1223 2070 susceperat.

71 2085 227 2160 Suscepto
245 2087 344 2160 itaque
363 2085 465 2142 habitu
487 2103 581 2156 sacro,
605 2085 656 2159 qui
675 2086 713 2142 ab
732 2084 798 2142 aliis
816 2085 917 2142 doceri
938 2093 1062 2142 venerat
1079 2085 1170 2142 talem
1189 2103 1223 2143 se

70 2175 211 2232 exhibuit
228 2184 260 2230 vt
278 2175 352 2232 satis
370 2174 401 2230 in
421 2191 458 2231 eo
475 2191 534 2246 quo
553 2174 741 2242 docerentur,
759 2174 839 2246 quod
857 2173 1051 2243 imitarentur,
1069 2173 1223 2231 haberent.
1239 2191 1271 2235 aa

72 2261 147 2321 Erat
173 2263 256 2320 enim
278 2280 406 2336 sompno
426 2279 545 2335 parcus,
565 2261 631 2317 cibo
652 2261 780 2331 sobrius,
799 2261 829 2316 in
849 2261 998 2334 loquendo
1016 2261 1173 2332 discretus,
1192 2262 1223 2318 in

71 2351 211 2407 oratione
236 2351 385 2408 assiduus.
429 2348 526 2419 Quam
563 2348 688 2422 patiens,
713 2348 842 2418 humilis,
868 2349 1024 2422 benignus,
1049 2360 1225 2407 mansuetus

73 2439 209 2496 extiterit
228 2447 257 2495 et
276 2438 442 2506 beniuolus‚
459 2455 497 2494 ex
515 2437 634 2494 sincera
653 2436 797 2493 charitate
816 2453 875 2509 qua
894 2454 985 2509 supra
1004 2437 1223 2494 estimationem

72 2524 241 2583 humanam
258 2525 370 2594 enituit,
383 2524 531 2598 perpendi
548 2533 656 2598 potest.
694 2524 852 2581 Secretum
870 2525 908 2581 ab
924 2525 1031 2582 abbate
1048 2524 1079 2582 in
1097 2526 1225 2583 ecclesia

73 2615 192 2687 accepit
204 2613 311 2683 locum,
324 2613 355 2669 in
368 2630 427 2686 quo
443 2613 502 2669 deo
518 2611 694 2668 familiarius
710 2612 879 2670 adhereret.
917 2611 980 2669 Illic
993 2611 1073 2670 enim
1090 2612 1224 2682 orationi,
1240 2627 1270 2688 τε

73 2701 272 2770 meditationi,
287 2699 530 2774 contemplationi
545 2699 607 2756 vite
623 2699 797 2772 perhennis,
815 2700 852 2756 ab
872 2699 998 2756 aliorum
1017 2700 1224 2774 inquietudine

75 2799 212 2849 remotus
225 2806 348 2862 operam
360 2789 433 2846 dare
446 2787 558 2858 solitus,
572 2804 715 2859 magnum
728 2787 851 2843 humani
865 2787 985 2859 generis
998 2787 1077 2844 hosti
1089 2787 1225 2845 fomitem

75 2875 181 2934 liuon's
202 2885 232 2933 et
254 2875 314 2932 odii
335 2875 531 2933 ministrabat.
576 2873 666 2931 Vnde
687 2884 775 2931 nocte
797 2877 925 2948 quadam
948 2876 1020 2931 dum
1044 2877 1225 2948 contempla-

76 2963 150 3021 tioni
167 2974 198 3021 et
215 2964 341 3022 orationi
352 2972 481 3032 vacaret,
496 2963 580 3020 affuit
597 2961 720 3036 spiritus
737 2963 893 3036 malignus,
911 2971 941 3019 et
961 2979 1053 3019 sonos
1069 2963 1226 3020 horrificos

77 3053 185 3120 edens,
196 3061 229 3108 vt
241 3060 329 3125 cepto
344 3051 503 3108 desisteret
516 3059 546 3106 et
559 3050 682 3122 segnius
696 3059 747 3107 aut
759 3050 928 3106 nullatenus
941 3050 1010 3106 talia
1026 3058 1226 3123 attemptaret,
1241 3067 1273 3119 30

78 3139 233 3196 hominem
251 3139 299 3196 dei
318 3147 433 3196 terrere
452 3137 639 3195 moliebatur.
670 3137 712 3193 At
730 3136 781 3194 ille
799 3136 870 3194 fidei
888 3146 973 3194 scuto
992 3147 1154 3210 protectus,
1167 3156 1227 3195 non

79 3228 177 3300 magis
195 3228 234 3284 ad
255 3227 406 3284 fremitum
427 3227 524 3284 leonis
544 3227 594 3283 vel
616 3225 736 3283 sibilum
758 3225 908 3298 serpentis
928 3243 1016 3298 quam
1037 3227 1075 3283 ad
1097 3228 1227 3285 balatum

79 3315 144 3372 ouis
170 3314 333 3372 exterritus
357 3316 546 3371 est-harum
568 3324 598 3370 et
623 3315 748 3370 aliarum
769 3313 932 3370 bestiarum
955 3315 983 3370 ei
1002 3315 1157 3388 improbus
1179 3315 1229 3372 ille

79 3417 171 3460 voces
195 3401 409 3474 ingessit-sed
434 3401 655 3474 imperterritus
680 3410 785 3458 cuncta
810 3419 878 3458 cum
900 3419 955 3458 suo
975 3412 1095 3459 auctore
1115 3403 1227 3460 derisit.

80 3487 168 3557 Quod
190 3491 301 3546 demon
322 3491 483 3546 aduertens
502 3488 668 3562 disparuit:
689 3490 743 3546 sed
761 3489 792 3545 in
811 3488 951 3561 angelum
969 3489 1044 3547 lucis
1064 3509 1080 3547 e
1099 3492 1228 3566 uestigio
1242 3504 1275 3560 35

81 3578 311 3650 transfiguratus
329 3577 428 3634 eidem
447 3585 551 3634 sancto
569 3577 716 3650 apparuit.
754 3576 816 3634 Sed
834 3577 881 3633 vir
898 3577 947 3633 dei
966 3577 1053 3650 signo
1074 3578 1172 3636 crucis
1194 3597 1228 3636 se

82 3665 217 3736 muniuit,
242 3665 342 3722 sciens
370 3665 481 3722 exinde
506 3664 667 3737 angelum³
691 3664 766 3721 lucis
791 3682 851 3720 non
877 3664 1062 3732 irritandum,
1086 3668 1226 3740 angelum

83 3761 182 3810 autem
206 3752 400 3809 tenebrarum
426 3751 545 3810 eminus
570 3752 770 3824 effugandum.
809 3751 846 3808 Et
871 3751 981 3808 sactum
1004 3763 1050 3809 est
1071 3754 1129 3810 ita:
1151 3754 1228 3810 Nam

84 3841 231 3914 malignus
250 3840 300 3896 ille
318 3848 479 3913 temptator
489 3839 556 3897 viso
573 3839 671 3897 crucis
690 3839 851 3913 signaculo,
863 3839 945 3896 velut
959 3839 1060 3896 sumus
1079 3841 1116 3896 ab
1135 3841 1228 3898 oculis

84 3926 147 3984 eius
169 3927 298 3984 euanuit
386 3916 503 3985 Audita
527 3930 650 3984 tandem
674 3937 776 3984 sancta
794 3927 1022 3984 conuersatione
1041 3928 1159 3999 nepotis
1181 3928 1226 3984 sui
1242 3945 1277 3996 40

85 4012 216 4072 Oswaldi
241 4015 405 4072 immensas
430 4014 626 4088 omnipotenti
652 4016 710 4071 deo
734 4015 845 4088 gratias
869 4015 929 4087 egit
954 4022 1076 4071 sanctus
1101 4015 1176 4082 odo,
1199 4025 1228 4073 et

85 4101 185 4162 missis
198 4101 326 4160 diuersis
339 4103 514 4160 muneribus
533 4102 633 4160 abbati
645 4111 675 4160 et
687 4103 844 4160 monachis
855 4119 911 4176 pro
924 4119 979 4158 suo
992 4111 1103 4174 nepote
1115 4103 1228 4176 gratias

116 4295 124 4324 ¹
140 4297 169 4346 T.
181 4296 298 4348 suillinis.
427 4297 438 4327 ¹
454 4313 504 4350 om.
647 4297 657 4332 ⁸
675 4297 705 4350 Ε.
717 4313 816 4350 eorum.
946 4297 956 4329 ⁴
974 4297 1040 4349 Boll.
1054 4298 1110 4362 ipse
1121 4298 1231 4352 iuuenis.

87 4357 96 4388 ¹
110 4360 138 4414 E.
149 4364 262 4426 anglum.
