3032 4882
386 286 461 382 Ut
485 239 650 376 &tutto
675 284 930 392 sannam.
1163 313 1234 394 353

83 485 303 563 unoquisque
323 488 465 546 iratribus
481 498 586 548 sancto
605 487 769 564 Sampsoni
780 507 840 547 vna
858 507 926 548 cum
946 506 1050 547 sorore
1062 489 1152 547 valde
1164 506 1234 564 par-

83 574 152 630 uula
163 575 181 646 ¹,
200 576 356 649 paululum
382 575 475 634 silens
499 577 672 650 respondit:
700 577 839 636 ‘Fratres
863 578 923 635 mei
946 577 1018 634 boni
1036 587 1106 634 sunt
1124 586 1154 634 et
1177 579 1235 634 deo

82 661 194 732 donati,
208 665 264 722 sed
282 664 339 724 hec
351 663 460 738 pusilla
472 665 510 722 ad
523 665 692 721 mundanas
704 665 873 738 voluptates
886 667 954 723 data
967 666 1032 722 est.'
1117 651 1235 724 Sanato

82 749 183 822 itaque
202 761 300 824 patre,
317 760 349 812 et
368 749 469 812 missis
487 753 525 808 ad
542 751 725 809 monasteria
744 752 816 823 suis,
836 752 868 808 in
890 751 1032 824 operibus
1051 752 1140 808 bonis
1162 753 1235 822 (om-

82 835 183 908 nibus)
194 837 206 870 ²
218 838 413 908 confirmatis,
426 838 578 913 Sampson
591 855 660 896 cum
674 847 759 911 patre
772 848 802 896 et
814 838 975 895 auunculo⁸
992 846 1022 896 et
1035 839 1160 896 diacono
1178 839 1236 896 iter
1249 847 1265 904 5

82 941 236 997 pergens:
255 925 329 986 vidit
343 927 490 996 semitam,
503 935 533 983 et
546 925 633 1000 quasi
645 926 707 1000 igni
720 934 827 983 exusta
839 943 908 982 rura
920 926 998 984 cirea
1010 943 1086 998 eam,
1099 944 1133 983 ac
1145 927 1236 984 vesti·

81 1011 165 1084 gium
179 1015 332 1086 quoddam
345 1013 431 1089 quasi
443 1014 544 1071 trabes
557 1031 612 1086 per
624 1022 748 1070 exustas
765 1013 876 1070 herbas
894 1013 1072 1072 traheretur.
1109 1013 1147 1071 Et
1165 1031 1236 1072 ecce

81 1099 208 1174 alonge
233 1111 406 1176 serpentem
428 1101 569 1159 flammeo
592 1100 689 1173 capite
708 1101 892 1173 spirantem⁴
910 1101 1037 1175 aspexit,
1056 1101 1107 1175 qui
1132 1119 1235 1159 morsu

81 1185 205 1258 glebam
230 1190 269 1246 de
293 1199 373 1246 terra
396 1190 639 1262 apprehendens,
657 1189 689 1244 in
713 1188 902 1245 aduenientis
928 1189 1035 1248 faciem
1059 1188 1177 1246 iactauit
1201 1207 1235 1246 ac

82 1272 207 1332 sibilum
221 1275 285 1333 dire
303 1277 387 1334 vocis
404 1277 490 1350 quasi
506 1275 605 1349 gladio
624 1276 781 1333 cederetur
800 1275 908 1345 emisit,
928 1284 1033 1349 postea
1052 1285 1187 1334 tremens
1205 1286 1235 1334 et
1251 1287 1282 1326 ¹0

83 1363 213 1419 caudam
232 1363 346 1437 rapidis
356 1363 367 1395 ⁸
379 1363 519 1421 dentibus
536 1364 657 1434 rodens,
676 1361 706 1420 in
725 1361 889 1436 sphernm'
902 1381 936 1421 se
953 1364 1096 1421 velociter
1110 1365 1236 1438 collegit.

83 1447 217 1507 Sanctus
241 1461 341 1508 autem
366 1450 510 1512 circulum
531 1450 646 1508 faciens
667 1469 702 1508 ac
727 1450 846 1525 signum
871 1451 968 1510 crucis
986 1451 1157 1526 imponens,
1175 1452 1235 1510 ait:

82 1535 242 1610 ‘Precipio
266 1539 318 1596 tibi
343 1541 374 1596 in
400 1538 521 1596 nomine
547 1539 639 1596 lhesu
664 1537 785 1608 Christi,
803 1547 835 1595 vt
855 1539 921 1596 sine
945 1556 1029 1596 mora
1055 1539 1141 1596 nobis
1167 1557 1236 1611 prc-

82 1623 223 1682 sentibus
247 1625 401 1684 moriaris.'
445 1625 505 1697 Qui
527 1643 599 1683 mox
624 1635 713 1698 caput
738 1643 859 1683 sursum
884 1627 1006 1684 elenans
1030 1637 1062 1685 et
1084 1644 1235 1684 venenum

82 1729 176 1768 omne
188 1728 344 1781 euomens,
357 1713 514 1787 expirauit.
578 1700 754 1786 Sampsone
768 1713 844 1770 sacto
853 1713 997 1771 celerario
1010 1722 1039 1771 et
1052 1715 1235 1787 pauperibus
1251 1725 1279 1777 ¹5

82 1799 192 1855 sedule
211 1799 408 1871 ministrante,
430 1801 523 1858 frater
540 1800 592 1874 qui
616 1801 653 1871 ei,
665 1809 697 1858 vt
715 1800 898 1875 premittitur
905 1801 925 1870 ²,
939 1801 1100 1871 inuidebat,
1113 1801 1235 1858 auribus

84 1884 221 1943 Dubricii
245 1887 379 1962 episcopi
404 1888 574 1956 instillabat,
599 1887 800 1962 Sampsonem
824 1887 925 1944 omnia
949 1888 1143 1961 dilapidando
1164 1905 1236 1945 eon·

82 1973 265 2047 sumpsisse,
277 1984 308 2034 et
319 1993 392 2034 vasa
410 1975 499 2040 melle
518 1975 609 2049 plena
624 1992 795 2040 euacuasse.
832 1974 1011 2048 Episcopus,
1024 1975 1068 2032 rei
1080 1975 1237 2033 veritatem

83 2059 164 2118 scire
183 2061 317 2135 cupiens,
329 2064 483 2121 cellarium
502 2063 642 2122 intrauit:
662 2065 742 2136 quod
761 2063 911 2136 Sampson
924 2080 980 2136 per
993 2062 1130 2135 spiritum
1143 2080 1236 2136 agno·

83 2165 185 2217 scens,
205 2167 298 2222 super
315 2167 388 2208 vasa
403 2168 497 2209 vacua
515 2150 635 2224 signum
653 2151 751 2208 crucis
769 2150 930 2223 imposuit:
954 2159 984 2207 et
1001 2151 1163 2223 episcopus
1186 2151 1236 2208 illa
1250 2161 1282 2204 το

83 2236 176 2309 plena
200 2235 322 2294 inuenit
409 2226 536 2295 Mortuo
560 2238 666 2295 abbate
675 2238 694 2309 ⁸,
713 2237 865 2311 Sampson
885 2237 923 2295 ab
945 2238 1086 2296 omnibus
1113 2239 1236 2310 electus,

82 2323 175 2380 annis
193 2323 290 2381 tribus
308 2325 525 2382 monasterium
544 2325 630 2383 rexit„
667 2325 717 2382 Ad
736 2325 884 2382 Scotiam⁹
896 2333 1001 2398 postea
1017 2343 1158 2399 pergens,
1170 2334 1237 2384 tan-

82 2428 178 2483 quam
196 2413 323 2485 angelus
344 2412 456 2472 domini
475 2413 513 2470 ab
535 2413 676 2471 omnibus
695 2413 842 2487 religiosis
860 2423 1009 2487 receptus,
1022 2431 1110 2471 cecos
1127 2414 1237 2473 illumi.

83 2497 178 2567 inanit,
197 2499 335 2573 leprosos
359 2502 523 2572 mundauit,
541 2502 687 2558 demones
708 2500 827 2574 fugauit,
842 2509 872 2558 et
894 2501 1009 2560 cunctis
1027 2501 1107 2559 viam
1132 2501 1236 2560 salutis

83 2587 274 2644 monstrauit.
356 2575 495 2645 Rediens
518 2606 600 2658 vero,
626 2587 657 2645 in
683 2590 813 2662 quadam
844 2588 968 2645 heremo
999 2588 1235 2647 secretissimum
1251 2601 1281 2653 ²5

84 2689 212 2746 specum
227 2672 351 2744 inuenit,
364 2675 395 2731 in
408 2693 468 2748 quo
487 2675 578 2733 sontis
589 2693 698 2733 venam
717 2676 857 2750 precibus
872 2678 1045 2748 promeruit,
1058 2685 1089 2733 et
1107 2675 1163 2733 soli
1177 2678 1236 2734 deo

83 2777 208 2830 vacans,
220 2762 397 2835 angelorum
411 2763 614 2820 consolatione
627 2773 657 2820 et
669 2764 800 2836 alloquio
812 2763 919 2820 crebro
932 2763 1092 2821 fruebatur.
1132 2752 1236 2822 Nocte

83 2849 217 2921 quadam
230 2849 303 2908 vidit
317 2867 351 2906 se
366 2850 557 2908 densissimis
573 2851 800 2908 candidatorum
812 2850 990 2908 circumdari
1002 2851 1118 2921 turmis,
1131 2860 1160 2910 et
1174 2859 1237 2908 tres

83 2937 248 3010 episcopos
265 2936 401 2995 vestibus
413 2935 434 2970 ¹⁰
445 2938 545 2996 aureis
559 2947 683 2996 ornatos
700 2956 768 2996 cum
789 2939 839 2995 illo
858 2937 1016 2995 ecclesiam
1032 2938 1237 3011 ingredientes

84 3041 184 3082 orare.
230 3023 285 3080 Cui
294 3024 313 3057 ¹¹
326 3042 406 3082 vnns
419 3024 539 3082 illorum
557 3027 595 3083 ab
614 3027 682 3101 ipso
700 3025 859 3099 inquisitus
877 3026 928 3098 qui
948 3033 1059 3094 essent,
1076 3024 1134 3082 ait:
1155 3025 1236 3099 ‘Ego
1250 3037 1284 3089 30

83 3129 155 3168 sum
174 3111 283 3169 Petrus
299 3111 411 3169 Christi
426 3113 589 3186 apostolus,
603 3123 634 3171 et
651 3114 699 3171 hic
718 3113 809 3170 frater
823 3113 936 3170 domini
954 3112 1089 3179 lacobus,
1102 3122 1132 3169 et
1144 3128 1236 3169 euan-

82 3199 194 3273 gelista
220 3198 378 3257 lohannes.
415 3199 565 3260 Dominus
591 3201 699 3259 ihesus
724 3201 865 3258 Christus
889 3209 920 3258 te
943 3199 999 3258 sibi
1025 3199 1056 3256 in
1080 3201 1235 3274 presulem

83 3287 186 3362 elegit,
205 3296 235 3344 ct
255 3296 286 3344 te
305 3305 484 3345 consecrare
505 3306 561 3346 nos
586 3289 683 3346 misit!
721 3289 820 3360 Quem
840 3305 909 3345 cum
934 3287 1141 3346 benedictione
1164 3305 1237 3345 con·

84 3383 267 3442 secrassent,
293 3374 331 3430 ab
362 3374 427 3432 eius
457 3376 551 3434 oculis
575 3377 669 3449 elapsi
694 3385 773 3433 sunt.
811 3376 874 3433 Nec
899 3376 992 3432 multo
1016 3385 1086 3449 post
1109 3376 1236 3449 angelus

85 3462 202 3520 domini
221 3461 309 3518 beato
331 3461 474 3520 Dubricio
493 3479 655 3537 apparens,
677 3463 881 3536 Sampsonem
905 3463 1036 3519 ordinari
1057 3463 1235 3537 episcopum
1251 3479 1285 3534 ³5

85 3548 232 3624 precepit.
281 3548 317 3606 ln
344 3549 429 3607 cuius
455 3551 690 3622 consecratione,
714 3551 765 3624 qui
789 3552 914 3608 aderant
940 3551 1109 3608 columbam
1130 3551 1237 3609 celitus

87 3639 232 3696 emissam
251 3633 443 3694 immobiliter
455 3655 630 3712 supereum
648 3648 730 3695 stare
742 3637 890 3695 videbant
928 3637 1044 3696 Eodem
1061 3638 1111 3696 die
1128 3638 1236 3711 Samp-

86 3743 163 3784 sone
179 3723 359 3792 celebrante,
373 3723 535 3783 Dubricius
549 3743 618 3783 cum
640 3725 794 3782 monachis
814 3726 930 3783 duobus
949 3725 1140 3799 columpnam
1158 3725 1236 3799 ignis

85 3816 124 3871 de
137 3830 192 3869 ore
204 3812 269 3869 eius
282 3812 495 3884 procedentem
508 3813 630 3870 rutilare
648 3813 814 3886 perspexit.
852 3811 906 3870 llle
918 3830 991 3870 vero
1003 3812 1236 3885 omnitempore

84 3901 146 3962 vite
154 3917 210 3959 sue
217 3899 349 3972 angelos,
357 3899 429 3956 dum
437 3900 611 3969 celebraret,
624 3900 678 3958 sibi
685 3900 831 3958 assistere
841 3898 908 3956 etin·
914 3899 1059 3956 sacrificio
1065 3898 1235 3956 ministrare
1249 3914 1283 3965 40

85 3989 191 4046 videre
215 3985 332 4044 meruit
426 3975 528 4046 Nocte
548 3989 678 4062 quadam
702 3986 932 4045 resurrectionis
957 3984 1107 4043 dominice
1131 3995 1236 4042 orante

85 4078 151 4136 viro
182 4075 240 4144 dei,
264 4071 392 4147 angelus
416 4075 530 4132 domini
555 4093 593 4133 cu
652 4093 761 4148 magna
785 4075 918 4132 claritate
941 4072 1088 4147 apparuit,
1111 4073 1234 4133 dicens:

117 4175 126 4206 ¹
144 4173 174 4224 Ε.
188 4171 296 4236 paruula
307 4169 396 4226 valde:
413 4170 441 4222 T.
455 4172 530 4222 valde
541 4172 654 4235 paruula
721 4171 731 4201 ¹
742 4187 791 4221 om.
804 4171 831 4220 in
843 4172 873 4221 T.
939 4170 950 4200 ⁸
966 4186 986 4220 r.
998 4177 1097 4232 patruo.
1163 4169 1235 4222 ‘vit

84 4241 262 4304 serpitantem.
346 4233 424 4287 ‘vie
437 4239 540 4290 rabidis.
632 4238 687 4289 ⁸T.
699 4253 808 4301 speram.
892 4233 1032 4288 'atvitn
1049 4237 1092 4296 qui
1104 4241 1165 4285 ante
1176 4251 1235 4286 eura

84 4309 170 4422 ἓίιιὲι·
178 4305 271 4424 ἑυώοτὲι
354 4305 364 4336 ¹
380 4319 416 4356 ac.
430 4303 531 4356 Pirone.
621 4303 632 4335 ’
648 4304 694 4354 ie.
708 4303 870 4356 Hiberniam.
958 4301 980 4340 ¹⁹
995 4301 1029 4351 al.
1041 4301 1234 4354 diadematibus.

118 4464 186 4508 VOL
199 4464 232 4506 ll·
627 4463 649 4504 Α
661 4462 680 4506 8
