3064 4888
264 315 341 387 490
577 291 710 380 mm
733 288 925 393 [egium
948 288 1101 394 anglie.
1213 293 1415 368 [trenna.

263 499 419 565 operante,
428 492 555 566 patriam
569 491 622 565 [et]
635 490 703 565 ipse
714 509 750 548 ac
762 499 904 565 parentes
917 491 1109 566 reliquerunt,
1119 491 1271 550 Christum
1284 499 1416 565 sequuta

264 589 335 636 sunt
353 579 486 637 omnium
506 595 609 654 regem
626 597 742 638 verum.
779 579 891 637 Poterit
909 580 1016 653 aliquis
1034 579 1179 636 lectorum
1197 596 1291 652 super
1308 579 1369 636 hiis
1386 588 1417 636 et

264 667 373 724 ceteris
397 684 457 740 que
477 683 569 740 supra
587 667 727 736 diximus,
745 667 911 724 vacillando
929 667 1074 736 dubitare,
1092 676 1143 724 aut
1160 667 1313 724 irridendo
1333 665 1416 738 [ea]¹

264 751 444 826 improbare,
463 755 646 812 dissimilans
664 755 714 812 dei
732 755 979 828 omnipotentiam
994 754 1119 828 eiusque
1134 755 1324 812 clementiam
1343 772 1418 810 con·
1519 833 1520 836 Ἴ

236 841 408 912 remerare,
427 841 479 915 qui
498 843 618 915 quando
637 843 700 899 vult
719 851 750 899 et
769 843 919 916 quomodo
938 843 1001 900 vult
1020 843 1052 898 in
1071 843 1134 900 suis
1153 851 1293 916 operatur
1314 841 1417 898 seruis

264 935 295 984 et
313 928 437 1000 ancillis,
450 929 515 1002 ipse
534 929 679 987 mirabilis
697 931 773 987 deus
792 929 965 987 mirabiliter
982 929 1013 985 in
1026 930 1184 986 omnibus²
1195 947 1296 1002 agens
1334 928 1418 985 Con-

264 1015 378 1074 sideret
406 1015 504 1091 primo
530 1017 696 1075 earundem
720 1016 871 1090 virginum
900 1027 1012 1090 quanta
1041 1018 1080 1074 sit
1108 1018 1274 1087 multitudo,
1301 1027 1419 1088 quanta

265 1104 405 1160 nobilitas
417 1113 447 1160 et
460 1103 646 1174 teneritudo;
668 1104 748 1177 quod
768 1104 871 1161 celesti
889 1121 1045 1177 responso,
1058 1105 1192 1178 angelico
1210 1104 1327 1172 nuncio,
1340 1105 1417 1160 dum

265 1192 362 1248 adhuc
376 1191 473 1248 forent
491 1191 617 1249 interra
634 1192 741 1263 natiue,
754 1193 949 1265 predicantur
962 1193 1092 1248 Romam
1108 1191 1274 1264 proficisci:
1293 1191 1416 1263 nauigio

223 1295 254 1334 ιο
265 1295 361 1352 vsque
381 1279 521 1336 Basiliam
534 1279 690 1337 venientes
708 1279 868 1337 defuerunt
884 1288 968 1336 tante
986 1279 1166 1336 multitudini
1184 1279 1252 1352 bige
1271 1288 1300 1335 et
1319 1280 1418 1352 quad-

265 1365 337 1438 rige,
362 1367 432 1439 equi
462 1377 493 1424 et
522 1367 615 1424 muli:
647 1367 826 1441 pedestres⁸
855 1368 900 1424 ire
931 1384 992 1424 non
1015 1367 1154 1424 valebant
1184 1367 1242 1424 nisi
1273 1368 1418 1424 dominus

265 1453 382 1510 illarum
402 1453 543 1527 dirigeret
561 1471 692 1527 gressus,
711 1455 761 1528 pie
779 1455 932 1528 operando
950 1454 980 1510 in
999 1457 1053 1512 eis.
1089 1454 1148 1525 Qui
1169 1471 1242 1511 sane
1260 1455 1417 1526 quondam

265 1539 456 1598 israeliticum
482 1543 627 1614 populum
648 1544 686 1600 de
710 1543 817 1617 Egipto
839 1542 1003 1615 fugientem
1027 1545 1103 1599 duce
1125 1541 1232 1615 Moyse
1252 1559 1309 1614 per
1330 1558 1418 1598 mare

266 1628 390 1685 rubrum
408 1629 486 1686 sicco
503 1631 590 1703 pede,
603 1639 693 1703 atque
711 1649 768 1704 per
782 1631 935 1688 desertum
954 1629 985 1686 in
1004 1631 1164 1703 columpna
1181 1630 1270 1686 nubis
1287 1638 1317 1686 et
1335 1629 1418 1702 ignis

224 1736 253 1788 ¹5
266 1715 297 1772 in
309 1726 421 1774 terram
436 1718 577 1791 perduxit
594 1719 837 1792 repromissionis
854 1719 1014 1792 multisque
1030 1719 1125 1792 signis
1140 1726 1171 1774 et
1186 1717 1329 1791 prodigiis
1345 1717 1418 1774 illos

265 1805 456 1864 certificauit:
482 1805 530 1863 hic
548 1805 629 1863 idem
648 1807 807 1864 dominus⁴
825 1816 933 1881 potens
955 1816 984 1864 et
1006 1807 1139 1863 clemens
1160 1823 1230 1862 suas
1247 1806 1339 1862 etiam
1356 1804 1417 1862 vir·

266 1893 354 1966 gines
375 1902 496 1950 teneras
518 1903 547 1951 et
572 1895 687 1952 nobiles
711 1904 801 1969 atque
823 1896 938 1968 puellas
963 1894 1066 1966 signis,
1084 1893 1250 1963 virtutibus,
1269 1893 1418 1966 prodigiis

266 1989 297 2038 et
312 1981 499 2054 magnalibus
511 1981 619 2054 quibus
632 1982 698 2057 ipse
714 1999 842 2056 magnus
857 1993 888 2040 et
905 1982 1049 2040 mirabilis
1061 1983 1160 2052 voluit,
1173 1998 1229 2054 per
1240 1981 1305 2038 vias
1324 1991 1417 2050 artas,

266 2069 390 2126 semitas
407 2079 436 2127 et
453 2069 555 2139 siluas,
567 2081 685 2128 montes
699 2072 809 2128 arduos
827 2081 857 2129 et
874 2073 969 2144 alpes,
982 2071 1063 2128 riuos
1083 2081 1113 2127 et
1130 2069 1238 2126 fluuios
1256 2071 1418 2126 traducere

223 2179 254 2217 ao
266 2157 362 2228 potuit
383 2165 413 2213 et
434 2158 609 2230 perducere.
646 2157 680 2216 Si
704 2159 752 2216 cui
770 2168 870 2216 autem
890 2158 988 2232 [ista]²
1007 2157 1203 2231 impossibilia
1223 2156 1364 2214 videntur
1386 2166 1419 2215 et

266 2245 365 2314 deum,
378 2244 426 2300 cui
444 2245 545 2301 omnia
563 2255 633 2302 sunt
651 2245 813 2320 possibilia,
826 2247 858 2303 in
876 2247 940 2304 suis
957 2245 1122 2319 virginibus
1139 2245 1195 2302 ista
1213 2244 1293 2301 nolle
1312 2243 1419 2317 putat⁵

266 2331 446 2405 opera[n']‘:
475 2331 501 2388 si
525 2333 684 2406 passiones
708 2343 881 2391 sanctorum
900 2334 972 2408 legit
991 2345 1022 2392 et
1039 2334 1115 2392 vitas
1135 2342 1224 2406 atque
1243 2341 1417 2390 sanctarum

265 2419 414 2493 virginum
438 2429 528 2494 atque
553 2430 756 2479 matronarum
781 2423 938 2480 materias*
964 2432 994 2480 et
1018 2431 1111 2497 gesta,
1136 2438 1252 2480 necnon
1274 2430 1304 2477 et
1330 2419 1419 2477 Vitas

265 2517 385 2579 patrum
403 2509 433 2564 in
457 2509 601 2566 memoria
622 2510 758 2566 habuerit
778 2510 994 2583 dominumque
1015 2511 1046 2567 in
1068 2510 1125 2566 illis
1147 2509 1321 2566 mirabiliter
1342 2525 1418 2580 ope·

222 2620 252 2672 ²5
267 2605 383 2652 rantem
402 2596 584 2669 cognouerit,
601 2599 704 2654 credet
722 2606 753 2654 et
771 2607 931 2670 cognoscet
943 2599 974 2654 in
989 2598 1047 2655 hiis
1062 2599 1153 2655 etiam
1170 2597 1337 2668 virginibus
1352 2596 1418 2654 suis

267 2682 351 2740 illum
383 2684 540 2757 magnifice
570 2693 718 2758 agentem.
774 2685 897 2759 Legitur
926 2686 1017 2744 etiam
1047 2687 1085 2743 de
1115 2685 1288 2743 beatissima
1320 2683 1420 2742 Maria

268 2769 422 2845 Egiptiaca
446 2773 587 2845 quoniam
612 2791 685 2830 cene
710 2773 858 2830 dominice
887 2783 973 2832 nocte
1004 2774 1089 2848 signo
1113 2774 1210 2830 crucis
1233 2773 1312 2830 edito
1338 2775 1418 2845 pede

266 2859 346 2916 sicco
366 2861 463 2933 [per]²
489 2859 625 2918 Iordanis
649 2859 773 2918 fluuium
796 2861 877 2932 [ad]¹
897 2861 1051 2918 Zozimam
1075 2861 1222 2935 peruenit,
1240 2869 1270 2916 et
1295 2870 1418 2933 sumpto

267 2963 393 3020 corpore
414 2947 526 3005 domini
551 2957 580 3006 et
605 2947 749 3021 sanguine
768 2947 877 3006 iterum
899 2966 1046 3020 remeans,
1067 2948 1100 3004 in
1118 2947 1219 3021 spacio
1237 2947 1325 3005 unius
1342 2947 1418 3005 hore

222 3053 254 3105 30
267 3035 370 3107 viginti
401 3035 518 3093 dierum
547 3037 605 3093 iter
633 3035 686 3092 in‘
716 3053 842 3109 corpore
872 3036 968 3093 adhuc
998 3035 1181 3108 corruptibili
1209 3035 1347 3110 explens,
1378 3038 1417 3093 ad

267 3121 409 3180 interiora
442 3123 555 3182 deserti
588 3123 730 3181 diuinitus
763 3123 864 3181 adiuta
897 3125 1045 3198 peruenit,
1076 3124 1127 3180 vbi
1159 3123 1268 3180 etiam⁸
1300 3133 1419 3181 mortua

267 3211 457 3282 postmodum
476 3220 522 3267 est
540 3213 670 3268 inuenta.
708 3209 891 3284 Scripsimus
910 3211 1050 3284 superius
1068 3211 1137 3285 quia
1157 3211 1255 3284 angeli
1276 3219 1307 3268 et
1325 3229 1419 3284 supra

266 3308 297 3355 et
321 3298 400 3354 circa
417 3297 483 3354 illas
501 3299 657 3356 visibiliter
676 3307 891 3356 conuersantes
912 3309 1110 3373 apparerent;
1133 3300 1213 3372 quod
1232 3308 1333 3356 tamen
1356 3316 1418 3356 non

267 3386 412 3442 audemus
437 3395 571 3442 astruere
592 3387 679 3459 quia·
698 3387 828 3459 qualibet
848 3386 896 3444 die
916 3397 947 3445 et
966 3387 1072 3460 quauis
1093 3387 1166 3445 hora
1185 3385 1292 3444 visibili
1314 3389 1419 3460 specie

223 3495 254 3546 35
267 3471 325 3529 iltis
334 3474 354 3505 ¹⁰
366 3483 547 3546 apparentes
559 3474 597 3530 ab
610 3475 655 3532 eis
667 3485 869 3532 cernerentur.

267 3619 292 3680 il
311 3620 398 3692 Quod
424 3620 564 3679 Cesarius
589 3623 756 3680 meldensis
781 3623 943 3697 episcopus
963 3623 1008 3682 eis
1029 3632 1078 3681 est
1096 3623 1261 3692 adiunctus,
1284 3631 1315 3680 et
1337 3625 1419 3695 quod

339 3710 521 3782 apostolicus
537 3728 606 3768 cum
622 3710 821 3769 cardinalibus
835 3722 864 3770 et
879 3711 1025 3770 Romanis
1044 3711 1138 3768 nobili
1157 3728 1209 3768 eas
1230 3720 1420 3784 exceperunt

339 3815 541 3870 processione.

306 3880 380 3968 Que
392 3912 460 3952 cum
471 3896 509 3951 ad
518 3911 608 3952 vnam
618 3895 729 3952 dietam
742 3913 837 3970 prope
849 3895 978 3953 Romam
987 3894 1150 3964 venissent,
1159 3895 1265 3952 beatrrs
1278 3894 1420 3953 Cesarius

269 3981 434 4039 meldensis
455 3982 624 4056 episcopus,
642 3983 689 4040 vir
707 3985 841 4058 prudens
860 3993 890 4041 et
908 3984 1062 4053 honestus,
1080 3999 1148 4041 cum
1169 4000 1224 4039 suo
1242 3985 1421 4056 superuenit

269 4069 419 4140 comitatu,
431 4087 502 4127 nam
518 4079 549 4128 et
566 4071 632 4144 ipse
651 4071 786 4129 similiter
800 4071 929 4129 Romam
941 4081 1005 4128 erat
1019 4071 1038 4105 ¹¹
1046 4070 1242 4146 profecturus.
1274 4069 1333 4141 Qui
1350 4089 1421 4130 cum

302 4215 379 4268 ¹om.
466 4215 794 4271 'inomnibusominR
882 4218 940 4269 ¹13.
953 4220 1042 4283 pedes
1124 4219 1266 4270 tadeus.
1345 4221 1421 4274 ‘ont

270 4281 298 4330 ia
311 4281 340 4332 B.
443 4281 500 4334 ⁸E.
512 4292 671 4346 operantem.
768 4285 826 4337 τΒ.
838 4287 967 4349 martyria
1068 4285 1172 4336 'aee
1271 4285 1330 4336 ⁹13.
1343 4290 1420 4350 quod

269 4346 426 4410 &Excitat
492 4349 510 4383 ²¹
528 4349 645 4402 Eesset.
