3012 4898
260 293 334 386 37⁶
570 283 1094 390 mmmm

260 487 384 558 ferebat,
405 499 436 546 et
456 487 574 546 virilem
598 487 786 562 grauitamm.
820 487 871 546 Ab
896 489 1019 546 ineunte
1042 495 1120 545 etate
1144 485 1249 546 didicit
1274 501 1294 544 a
1317 495 1410 544 matre

260 578 399 634 timorem
418 577 541 646 domini,
559 587 590 634 et
608 577 727 634 beatam
746 575 796 633 dei
813 575 988 650 genitricem
1006 585 1150 648 tanquam
1169 577 1280 633 ducem
1299 575 1411 632 viamm

261 683 384 724 suarum
401 674 433 722 et
450 665 510 722 vite
527 673 684 738 pmonam
703 665 853 734 inuocare,
865 673 896 720 et
914 661 945 720 in
964 663 1045 720 illam
1064 671 1134 738 post
1146 663 1305 721 Christum
1323 672 1413 720 totam

262 753 398 812 fidutiam
417 771 503 810 suam
523 769 646 826 ponere
683 751 923 810 Mendicanubus
940 770 1060 826 quoque
1079 753 1157 809 miro
1176 752 1415 826 compatiebatur

233 841 379 914 emmo.
416 839 598 898 hberalinm
620 839 751 914 denique
774 841 998 913 d'mciplinamm
1023 841 1121 898 scolas
1144 857 1302 914 egressus,
1324 849 1356 898 et
1378 842 1416 895 ad

262 929 389 986 curiales
407 945 442 986 se
460 927 645 985 transferens
663 928 881 1000 occupationes,
893 937 977 985 tanto
995 928 1118 985 rationis
1129 929 1251 1002 vigebat
1268 929 1417 992 acumine,

261 1027 293 1074 vt
305 1017 472 1089 prudenter
483 1015 630 1072 inauditas
642 1025 673 1071 et
684 1014 822 1071 difficiles
834 1015 965 1072 solueret
977 1015 1166 1088 questiones3
1185 1025 1217 1071 et
1227 1017 1310 1088 quod
1324 1016 1415 1071 semel

263 1103 415 1174 didicerat,
423 1104 562 1176 quotiens
570 1101 689 1158 volebat
701 1111 805 1176 posset
816 1103 883 1159 sine
894 1103 1066 1159 difficultate
1077 1103 1222 1175 prolerre.
1297 1092 1418 1160 Videns

263 1191 351 1265 igitur
370 1192 401 1248 in
421 1191 513 1248 curiis
534 1205 693 1263 procemm
714 1190 843 1264 plurima
863 1199 966 1247 nonna
984 1191 1172 1248 honestatem
1190 1191 1266 1247 cleri
1288 1191 1364 1264 geri,
1381 1194 1416 1247 ad

220 1300 252 1337 10
263 1279 523 1352 archiepiscopum
549 1277 788 1335 oennmnensem
812 1277 1019 1334 'Iheobaldum
1045 1295 1079 1334 se
1103 1279 1247 1348 contulit;
1286 1289 1319 1335 et
1344 1281 1417 1336 inter

263 1369 378 1441 primos
396 1367 463 1424 eius
484 1365 644 1423 familiares
661 1365 692 1424 in
711 1367 795 1423 breui
813 1365 973 1436 admissam,
991 1367 1111 1423 tandem
1130 1367 1357 1424 cantuariensis
1373 1385 1417 1424 ec-

264 1455 355 1513 clesie
366 1454 592 1512 archidiaconns
603 1453 691 1510 abeo
703 1453 880 1510 constitutus
891 1463 947 1512 est.
979 1453 1160 1511 Procurante
1173 1471 1299 1527 quoque
1312 1457 1415 1512 eodem

263 1541 491 1615 archiepiscopo
509 1541 704 1598 cancellarius
722 1540 802 1615 regis
822 1541 947 1598 Henrici
966 1541 1098 1611 effectus,
1116 1541 1213 1614 regis¹
1228 1544 1371 1600 moribus
1387 1561 1416 1599 ac

266 1630 424 1688 curialium
446 1647 479 1686 se
490 1628 692 1700 conformans,
707 1645 868 1686 numerosa
886 1629 1024 1686 clientela
1042 1631 1183 1701 gaudere,
1195 1629 1331 1702 gloriam
1351 1649 1417 1705 que

223 1741 252 1791 ¹5
266 1735 344 1788 rere,
353 1717 508 1792 popularis
516 1735 589 1774 aure
599 1716 719 1774 llatibns
727 1715 868 1774 delectati
880 1717 1003 1774 solebat.
1032 1717 1109 1774 Nam
1118 1727 1148 1774 et
1158 1717 1255 1774 frenis
1268 1721 1419 1792 argenteis

265 1815 362 1874 utens,
385 1821 508 1863 mensas
532 1815 563 1861 et
585 1821 738 1878 expensas
761 1805 902 1862 comitum
927 1805 1130 1862 antecedebat.
1174 1805 1237 1861 At¹
1259 1807 1334 1863 licet
1357 1808 1419 1879 [ei]'

266 1895 398 1950 mundus
415 1893 446 1949 in
459 1893 599 1949 omnibus
614 1891 768 1949 lenociniis
785 1893 848 1949 suis
866 1893 980 1950 adulari
993 1902 1023 1949 et
1035 1893 1217 1965 applaudere
1230 1893 1419 1960 videbatur‘‚

266 1993 376 2052 tamen,
384 1982 463 2055 quod
472 1981 569 2038 radus
580 1981 716 2038 accidere
728 1980 814 2050 solet,
824 1979 855 2036 in
868 1981 1018 2038 affluentia
1030 1997 1131 2038 rerum
1143 1981 1302 2038 mirandus
1315 1995 1349 2038 et
1361 1983 1418 2039 irni-

266 2071 376 2126 tandus
388 2077 452 2126 erm
465 2069 602 2142 corporis
613 2068 757 2126 castitate.
815 2057 891 2124 Erat
903 2077 1002 2124 autem
1015 2068 1046 2124 in
1059 2069 1127 2124 villa
1138 2068 1300 2126 Stallordie
1314 2072 1421 2127 mulier
1491 2075 1492 2094 ¹

222 2179 255 2217 ao
267 2157 393 2231 pulchra
401 2157 498 2226 valde,
511 2157 548 2213 ad
562 2173 653 2229 quam
667 2173 722 2213 rex
734 2157 982 2214 consuetudinem
996 2157 1138 2212 habuisse
1150 2157 1318 2213 dicebatur.
1346 2159 1420 2215 Cum

266 2262 326 2318 qua
338 2245 471 2302 Thomas
484 2245 642 2317 aliquando
657 2244 842 2318 hospitatus;
860 2247 1040 2317 intempeste
1053 2245 1150 2301 noctis
1166 2245 1288 2302 silentio
1302 2259 1423 2319 sumpta
1491 2241 1492 2306 l

267 2333 390 2390 lucerna
406 2333 483 2389 clam
500 2334 538 2390 ad
552 2331 679 2405 hospitis
696 2332 741 2390 sui
757 2331 924 2390 cubiculum
942 2332 1079 2405 ingressa
1094 2341 1158 2389 est:
1179 2332 1217 2388 Et
1229 2333 1342 2390 videns
1354 2351 1421 2390 eum

265 2430 336 2478 ante
356 2422 466 2478 lectum
489 2421 736 2494 procumbentem
757 2421 912 2492 pedesque
933 2429 964 2476 et
985 2419 1071 2476 tibias
1089 2421 1422 2493 discoopertum—nam

267 2516 337 2582 post
351 2507 587 2582 geniculationes
605 2508 709 2581 lapsus
726 2507 821 2565 fuerat
839 2508 869 2564 in
886 2508 1206 2581 sompnum—attonita
1218 2509 1310 2566 rediit
1322 2511 1421 2567 statim

223 2613 255 2666 ²⁵
268 2606 300 2653 et
322 2595 461 2666 confusa3
492 2607 522 2652 et
546 2595 688 2652 inuentus
712 2605 759 2652 est
792 2595 949 2668 religiosus
976 2596 1027 2669 qui
1057 2595 1228 2652 luxuriosus
1252 2599 1422 2669 putabatur.

271 2673 428 2744 Defuncto
452 2685 575 2741 tandem
598 2682 775 2740 Theobaldo
796 2683 1032 2757 archiepiscopo,
1056 2682 1188 2740 Thomas
1216 2686 1423 2754 cancellarius,

269 2781 448 2846 procurante
467 2771 642 2845 potissimel
660 2789 733 2845 rege
753 2771 896 2842 Henrico‚
913 2771 943 2830 in
962 2770 1222 2844 archiepiscopum
1242 2773 1361 2831 electus
1381 2783 1422 2830 est
1491 2767 1492 2772 ’

270 2871 301 2918 et
324 2869 525 2917 consecratus.
569 2859 628 2930 Qui
659 2861 758 2916 statim
782 2868 915 2916 veterem
942 2859 1026 2917 exuit
1051 2859 1213 2930 hominem,
1237 2861 1373 2918 cilicium
1397 2871 1423 2918 et

271 2949 449 3006 monachum
471 2949 549 3004 clam
562 2947 665 3017 induit,
680 2949 820 3006 ‘cantem
839 2947 1018 3020 crucifigens
1037 2965 1105 3003 cum
1123 2947 1202 3004 vitiis
1214 2959 1245 3004 et
1264 2951 1423 3024 concupis·

225 3036 375 3106 nocendis
398 3037 485 3093 suis’.
521 3039 548 3093 A
570 3037 700 3109 quodam
725 3053 855 3109 nmnque
873 3035 1008 3092 cenobita
1029 3035 1269 3108 cantuar[iensis]
1296 3038 1422 3094 ecclesie

270 3124 403 3181 habitum
428 3134 585 3196 acceperat
609 3123 833 3193 monachalem
861 3123 909 3180 cui
930 3123 1069 3180 dominus
1092 3123 1121 3179 in
1144 3123 1260 3182 visione
1283 3125 1422 3197 loquutus

270 3211 366 3270 luerat
384 3213 466 3285 quod
487 3211 512 3268 si
538 3212 718 3270 monachum
743 3211 887 3278 indueret,
906 3212 995 3267 deum
1014 3211 1045 3266 in
1064 3211 1191 3284 negotiis
1209 3212 1379 3284 propitium
1397 3224 1423 3268 et

270 3299 470 3357 coadiutorem
496 3309 671 3357 mereretur.
709 3299 848 3369 Quotidie
869 3299 949 3357 enim
974 3307 1043 3372 post
1067 3299 1227 3356 matutinas
1251 3301 1422 3358 decantatas

271 3385 328 3442 sub
343 3385 491 3459 profunda
510 3395 596 3442 nocte
614 3385 876 3443 introducebantur
893 3401 1043 3458 pauperes
1058 3386 1227 3452 tresdecim,
1239 3385 1354 3458 quibus
1366 3389 1422 3444 dis·

226 3497 241 3547 3
244 3499 258 3548 5
272 3473 479 3530 cumbentibus
492 3473 558 3546 ipse
571 3473 765 3544 ministrabat,
778 3483 807 3530 et
820 3481 977 3546 argenteos
989 3480 1116 3547 quatuor
1127 3471 1254 3546 singulis
1265 3475 1421 3534 distribuit

273 3558 586 3634 Egredientibusvero
596 3561 654 3618 illis
663 3561 822 3618 introducti
831 3560 1075 3632 suntduodecim,
1083 3559 1191 3634 quibus
1200 3560 1293 3617 frater
1302 3563 1421 3636 quidam

271 3650 367 3723 pedes
380 3648 484 3705 lauans
497 3648 691 3718 ministrabat,
702 3649 768 3706 sine
780 3647 930 3722 argenteis
940 3649 1071 3722 quidem,
1079 3650 1134 3705 sed
1147 3649 1177 3704 in
1187 3648 1261 3706 cibis
1274 3649 1421 3707 habunde.

272 3736 381 3794 Tercio
398 3754 471 3793 vero
490 3736 636 3809 conuiuio,
655 3737 734 3794 circa
753 3737 857 3793 horam
876 3735 935 3793 diei
953 3735 1081 3805 tertiam,
1100 3745 1220 3793 centum
1239 3741 1421 3810 pauperibus

273 3825 481 3882 ministrabant
492 3825 628 3882 victualia
641 3825 700 3881 duo
714 3824 828 3881 fratres.
865 3824 894 3879 Α
907 3839 995 3880 mane
1010 3841 1129 3898 quoque
1140 3841 1236 3896 vsque
1251 3825 1290 3880 ad
1306 3827 1420 3883 tertiam

228 3933 261 3986 4⁰
274 3914 357 3972 solus
368 3911 502 3985 pontifex
517 3911 548 3968 in
560 3913 694 3970 conclaui
711 3929 766 3970 suo
783 3913 957 3969 remanebat
974 3911 1114 3981 inclusuS,
1127 3912 1164 3968 ad
1178 3929 1269 3984 quem
1288 3915 1372 3970 nulla
1386 3927 1418 3968 ex

273 4017 364 4060 causa
384 4001 462 4056 vllus
484 4009 548 4057 erat
570 4017 719 4058 accessus.
763 3999 893 4057 Cedulas
911 4001 993 4056 enim
1014 3999 1138 4056 manicis
1160 3999 1224 4055 suis
1244 4003 1418 4074 complicare

274 4097 471 4148 consueuerat
497 4087 693 4146 edificationis
718 4087 827 4161 aliquid
852 4088 1047 4157 continentes,
1068 4095 1100 4143 vt
1125 4103 1247 4160 semper
1273 4106 1370 4161 penes
1390 4103 1418 4142 se

274 4177 444 4253 promptius
455 4177 579 4234 haberet
591 4178 671 4250 quod
681 4175 801 4234 dicere·
812 4175 911 4233 vellet.
934 4175 1010 4232 Cum
1023 4183 1124 4232 autem
1137 4191 1192 4248 pro
1204 4175 1269 4232 suis
1281 4185 1312 4233 et
1324 4171 1417 4250 populi

307 4295 363 4349 ¹E.
376 4300 460 4362 regiis
527 4297 582 4347 ¹13.
594 4296 635 4348 Et.
701 4297 757 4349 ¹T.
768 4297 796 4349 E.
808 4313 925 4362 corpore.
992 4297 1196 4349 ‘alvideretun
1265 4297 1324 4350 ⁵1¹3.
1336 4305 1415 4362 poten·
1491 4343 1492 4356 ,

276 4365 382 4414 tissime.
458 4363 640 4414 ‘a1.diseere.
1319 4383 1321 4386 ·
