3044 4894
226 300 301 393 De
324 298 488 389 sancto
513 298 703 401 nohum
727 306 775 387 ut
798 298 1100 402 incommutata
1188 319 1231 394 75

81 499 443 575 multiplicitereffirgauit.
462 502 636 559 Accedente
644 501 745 575 itaque
752 509 888 574 tempore
897 519 956 574 quo
963 517 1125 573 granorum
1135 499 1234 557 multi-

82 589 201 661 plicitas
220 591 411 662 recederem,
425 600 455 647 et
470 592 600 663 parcitas
617 591 783 646 eorundem
801 587 1086 646 consuetudinaliter
1100 587 1235 655 inoleret,

83 677 121 732 ad
135 675 234 733 locum
246 677 278 733 in
295 695 354 750 quo
371 695 464 752 grana
477 678 615 734 annualia
634 679 671 733 ab
687 676 833 733 imbribus
849 676 1019 734 defensorie
1038 675 1236 732 seruabantur

83 764 285 836 personaliter
314 765 480 822 maturauit.
526 765 666 837 Dumque
696 764 837 822 frumenti
869 764 1019 821 modicum
1050 762 1234 836 repperisset

83 868 236 921 aceruum,
249 852 299 924 qui
315 852 488 910 monasterii
507 853 677 925 sumptibus
695 870 756 908 non
774 861 879 925 posset
897 851 1078 921 satisfacere,
1092 852 1263 922 aduocatos

83 939 227 1012 suffragio
240 939 411 997 instillantis
425 939 548 1013 superni
565 940 641 997 dixit
659 939 879 1012 stipendiariis=
899 939 1007 995 ‘istius
1024 939 1109 1011 grani
1126 939 1234 1011 portio·

85 1026 201 1097 n[em]¹
213 1027 381 1099 vigilantius
389 1027 534 1084 custodite
546 1046 553 1084 :
568 1027 614 1083 cui
625 1029 701 1084 deus
708 1025 842 1099 largitlua
853 1043 944 1082 manu
952 1026 1154 1082 munificentie
1164 1042 1235 1097 aug-

87 1112 306 1170 mentationem
319 1114 464 1185 infundat,
473 1116 611 1187 intraque
619 1115 771 1187 spicarum
785 1115 897 1171 loculos
905 1114 1055 1170 interioris
1063 1114 1148 1185 grani
1160 1115 1235 1170 mul-

82 1201 299 1274 tiplicationem
313 1219 343 1258 1n
357 1205 492 1274 presenti
505 1219 651 1258 renouare
664 1203 820 1276 dignetur!
840 1202 1015 1274 Collataque
1027 1201 1235 1258 benedictione

82 1299 221 1362 patema,
247 1289 365 1347 Marthe
392 1291 545 1364 querelam
570 1291 698 1347 actiuam
722 1289 753 1346 in
780 1289 875 1346 Maria
898 1298 1023 1347 vacante
1055 1288 1235 1345 terminauit.
1253 1305 1282 1341 ιο

83 1377 340 1451 Considerataque
357 1379 458 1435 debita
474 1379 610 1435 eiusdem
625 1378 848 1434 mensuratione
867 1379 923 1434 sub
943 1377 1053 1448 modio,
1072 1394 1132 1433 non
1151 1378 1235 1434 latuit

83 1465 291 1538 placidissime
322 1465 458 1523 eiusdem
489 1465 727 1522 conuersationis
752 1465 930 1522 miraculosa
954 1465 1138 1534 contestatio,
1163 1466 1236 1521 dum

83 1553 271 1610 frumentum
293 1553 508 1610 benedictionis
527 1553 616 1627 adipe
637 1552 846 1626 inpinguatam
865 1553 997 1625 suscepit
1019 1552 1119 1610 decies
1138 1553 1236 1608 incre-

84 1649 233 1698 mentum.
259 1640 367 1698 Postea
380 1641 541 1698 conformis
552 1640 686 1697 miraculi
699 1640 816 1697 testatio
829 1648 1052 1697 sacrosanctum
1065 1639 1236 1712 magnificat

85 1727 302 1798 consessorem,
321 1747 390 1785 cum
408 1746 535 1803 paruum
554 1728 638 1786 ordei
657 1729 808 1785 cumulum
828 1728 901 1784 alias
923 1727 954 1784 in
980 1728 1236 1785 mensurationem
1251 1745 1280 1796 15

85 1815 276 1873 consimilem
289 1819 501 1890 augmentauit.
539 1816 586 1873 Ex
606 1815 663 1873 hiis
675 1815 765 1889 igitur
784 1825 813 1872 et
825 1815 890 1872 aliis
907 1815 1136 1888 quamplurimis
1154 1815 1236 1871 affir-

84 1903 268 1961 mationibus
276 1913 379 1960 nostre
392 1904 462 1960 fidei
475 1903 591 1960 sedenti
604 1921 697 1977 super
706 1903 859 1960 Cherubin
872 1903 977 1960 nudes
990 1903 1106 1960 debitas
1120 1903 1236 1975 persol-

84 2009 203 2062 uamus,
225 2001 255 2048 et
274 2009 314 2050 ex
333 1991 523 2048 interioribus
543 1993 641 2048 cordis
666 1991 807 2049 medullis
831 1990 888 2047 sibi
913 1990 1074 2046 offeramus
1094 1990 1237 2047 libamina

84 2078 321 2150 collaudationis,
347 2079 399 2153 qui
424 2089 574 2136 tantorum
599 2079 811 2136 miraculorum
841 2078 1072 2151 perlustratione
1101 2077 1236 2146 mirifica,

83 2167 166 2224 vitali
187 2167 329 2225 labilitate
350 2177 487 2224 nostrum
509 2177 645 2224 sanctum
668 2167 828 2237 decorauit,
851 2183 967 2238 nosque
988 2165 1019 2222 in
1043 2166 1235 2238 angularibus
1251 2183 1283 2220 ao

86 2257 193 2312 mundi
212 2255 345 2312 tenebris
361 2257 512 2312 desolatos
530 2256 706 2312 exuberanti
723 2255 926 2312 consolatione
944 2253 1083 2311 uisitauit.
1128 2253 1237 2324 Huius,

84 2344 219 2416 inquam,
244 2342 379 2400 miraculi
403 2343 578 2417 gratificatio
603 2344 682 2400 hunc
708 2343 820 2400 Christi
845 2343 1029 2415 vestigialem
1056 2341 1237 2400 imitatorem

86 2431 283 2488 conformiter
292 2430 471 2498 manifestat,
480 2433 551 2488 dum
564 2448 635 2488 vere
647 2430 823 2488 assertionis
835 2431 962 2487 indicio¹
975 2429 1112 2487 Christus
1124 2447 1237 2504 paucos

86 2536 184 2592 panes
214 2518 393 2575 miraculose
424 2520 627 2592 augmentauit
654 2520 692 2575 ad
717 2519 930 2575 saturationem
959 2519 1091 2591 quinque
1122 2518 1236 2576 milium

89 2607 256 2674 hominum,
269 2606 358 2663 huius
372 2607 428 2664 viri
445 2607 588 2664 sanctitas
607 2606 739 2663 inaudita
754 2606 868 2680 grana⁸
880 2607 1086 2679 multiplicauit
1101 2607 1177 2663 etin
1192 2607 1236 2664 rei
1252 2625 1282 2676 25

86 2693 244 2751 familiaris
255 2693 410 2752 utilitatem
427 2694 544 2752 beatius
560 2695 739 2767 preparauit.
778 2694 870 2751 Cuius
887 2694 1045 2752 manifesta
1062 2695 1237 2767 probatione

85 2780 247 2839 deductiue
266 2783 333 2839 elici
351 2782 460 2855 poterit
478 2784 559 2854 quod
578 2799 647 2838 cum
666 2781 786 2839 Christo
804 2782 959 2838 ardentius
978 2792 1075 2838 amato
1092 2783 1238 2840 stabiliter

85 2869 229 2928 adunitur
253 2870 283 2926 in
308 2888 420 2938 amore,
445 2870 566 2927 celestis
593 2869 741 2943 lampadis
768 2871 995 2926 choruscatione
1023 2871 1238 2942 perpetualiter

86 2957 283 3016 confortatus
320 2958 347 3015 Ο
361 2958 523 3032 spiritualis
535 2957 716 3015 fortitudinis
728 2958 876 3030 plantator
888 2957 1019 3030 egregie,
1032 2959 1081 3030 qui
1099 2958 1129 3013 in
1141 2958 1237 3030 prela·

85 3046 179 3103 tionis
196 3045 311 3102 honore
328 3055 359 3102 et
377 3046 607 3119 experimentali
623 3045 809 3102 solicitudine
828 3045 980 3118 angustias
999 3046 1163 3102 laboriosas
1182 3062 1237 3117 pro
1252 3071 1284 3124 30

86 3133 210 3192 Christo
230 3134 389 3191 tolerastis
409 3151 467 3192 nos
487 3135 616 3191 miseros
637 3134 723 3190 oculo
742 3133 920 3207 impassibili
942 3133 1133 3205 prospitiens,
1154 3133 1238 3207 lepra

85 3221 228 3279 vitiorum
246 3220 360 3294 pluries
378 3223 541 3279 maculatos
558 3221 618 3278 tuis
637 3221 748 3280 sanctis
767 3221 908 3278 subsidiis
925 3220 1039 3277 efficias
1056 3221 1161 3277 nociua
1177 3221 1238 3279 dis·

85 3310 228 3384 perdere,
249 3308 331 3366 vtilia
350 3311 562 3383 complantare,
581 3319 613 3368 vt
634 3311 685 3383 qui
704 3309 829 3382 gratiam
850 3309 925 3365 tanti
949 3308 1080 3366 nominis
1105 3317 1238 3366 contem-

87 3399 218 3470 plamur,
230 3397 354 3454 vlterius
367 3415 428 3453 non
442 3398 661 3470 distinguamur
678 3398 758 3454 mole
772 3396 955 3470 grauarninis
972 3405 1172 3469 peccatorum.
1210 3397 1238 3453 Ο

85 3484 230 3559 gaudium
244 3485 349 3541 salutis
368 3493 481 3552 eteme,
493 3484 651 3542 ecclesiam
667 3484 840 3541 confortans
857 3484 986 3542 nationis
1001 3485 1164 3558 anglicane,
1178 3503 1238 3558 que
1251 3507 1283 3560 35

87 3571 209 3630 nouella
221 3572 323 3644 proles
336 3581 492 3645 expectata
505 3573 601 3630 salute
609 3573 688 3629 inter
695 3573 802 3630 anxios
811 3573 964 3645 ploratus*
974 3573 1107 3629 mesticie
1116 3572 1237 3630 laudum

86 3660 233 3734 preconia
246 3677 305 3716 non
319 3669 417 3716 cessat
429 3661 597 3731 concinere,
605 3662 677 3717 dum
690 3660 833 3717 illustrata
846 3660 988 3717 miracula
1000 3671 1104 3718 nostre
1118 3660 1238 3734 Europe

85 3747 295 3806 extremitates
307 3757 464 3818 exornant,
478 3757 678 3821 preoccupant
691 3757 722 3805 et
734 3748 876 3805 letificant
888 3747 1052 3805 vniuersas.
1083 3748 1111 3806 O
1124 3749 1239 3820 primu·

85 3838 149 3894 lam
169 3835 275 3892 virenti
295 3835 365 3892 solio
383 3835 477 3908 gratie
495 3835 726 3907 circumtectam,
739 3837 790 3908 qui
803 3835 1000 3893 virescentis⁵
1013 3835 1133 3892 miserie
1151 3853 1238 3892 mun·

86 3923 178 3982 dialis
191 3924 301 3980 caduca
318 3923 463 3980 solamina
480 3941 627 3996 spernere
644 3923 808 3993 consueuit,
820 3941 911 3995 quern
929 3923 1050 3980 celestis
1066 3922 1195 3995 agricola
1207 3923 1238 3978 in
1251 3946 1284 3996 40

88 4015 180 4071 horto
200 4011 331 4085 paradisi
352 4011 536 4069 delectabilis
558 4011 713 4067 decentius
733 4011 955 4083 complantauit,
973 4009 1058 4067 cuius
1077 4009 1239 4066 odorabilis

87 4098 256 4160 redolentia
267 4107 416 4156 restaurat
428 4100 540 4171 gradus
553 4097 738 4156 rectissimos
748 4097 917 4172 sospitatis:
938 4101 1004 4154 eius
1023 4098 1239 4170 benignitatem

87 4185 234 4264 piissimis
249 4186 400 4260 suffragiis
417 4203 590 4256 exoremus,
607 4187 747 4259 quatinus
762 4194 831 4260 post
848 4188 970 4244 deserta
988 4185 1069 4242 exilii
1088 4185 1240 4258 presentis

120 4301 180 4351 ιΕ.
193 4301 316 4363 portioni.
405 4299 537 4351 ¹E.vero
547 4315 598 4351 ass.
611 4301 713 4352 iudicio.
802 4298 961 4363 'Egratia
1048 4299 1105 4350 ⁴E.
1118 4301 1239 4364 ploratos.

86 4370 97 4401 ⁸
113 4369 145 4419 Ε.
156 4367 354 4418 vincescentis,
