3048 4884
417 311 498 408 Do.
515 309 680 401 &mtto
705 308 945 408 &uitium
1185 331 1257 410 aso

99 508 320 584 impletionem,
334 512 389 570 sed
404 513 443 570 ad
459 509 707 572 sustentationem
724 511 771 572 sui
789 525 879 588 parce
894 522 924 570 et
940 512 1093 570 moderate
1109 511 1257 570 sumebat.

101 597 176 655 Post
189 599 302 656 multas
313 599 439 674 vigillas,
451 609 520 674 post
539 602 649 659 multos
666 601 794 671 labores,
807 617 846 658 ne
860 600 1002 660 deiiceret
1016 591 1138 675 sompni
1151 601 1256 673 pauiu·

101 685 164 742 inm
184 687 373 757 admittebat,
394 687 520 761 psalmis
540 697 571 746 et
595 687 718 746 canticis
737 687 943 762 spiritualibus
967 703 1091 762 semper
1114 687 1256 746 intentis.

103 771 249 830 Proximo
270 791 397 849 semper
420 785 562 848 tanquam
586 775 643 832 sibi
667 777 748 850 quod
766 775 847 846 vtile,
866 775 947 849 quod
971 775 1140 846 honestum,
1160 775 1255 849 pium,

101 869 242 918 sanctum
260 871 316 930 est,
329 864 466 921 modesto
485 870 515 922 et
533 863 638 920 humili
659 879 801 922 sermone
819 863 977 920 referebat
1050 851 1137 920 Vixit
1155 871 1285 926 antemi

102 946 211 1005 beatus
223 949 273 1006 dei
285 967 395 1007 seruus
407 949 624 1023 Swit[h]unus¹
639 967 734 1024 vsque
746 950 785 1007 ad
798 951 912 1008 exitum
924 949 984 1007 vite
996 948 1028 1007 in
1045 951 1255 1008 obseruatione

102 1051 176 1091 vera
194 1037 407 1095 mandatorum
420 1039 478 1108 dei,
490 1037 573 1094 omni
587 1037 722 1096 custodia
740 1053 925 1096 conseruans
944 1054 1102 1095 corsuum
1120 1037 1152 1094 in
1171 1037 1254 1094 omni

103 1121 252 1180 munditia
264 1133 294 1181 et
305 1123 435 1197 puritate
445 1125 592 1199 spirituali
605 1129 619 1196 ⁹,
631 1125 776 1184 catholice
788 1135 819 1182 et
830 1125 993 1198 apostolice
1005 1125 1140 1183 doctrine
1152 1134 1254 1182 custos

103 1208 232 1283 integer,
251 1211 381 1269 filiorum
402 1212 596 1287 spiritualiter
613 1211 905 1288 regenerator[um]⁸
923 1212 954 1268 in
973 1221 1076 1269 sancte
1094 1229 1254 1269 conuersa·

103 1295 194 1354 tionis
226 1299 326 1356 studio
350 1301 482 1358 eruditor
511 1300 638 1374 peruigil
668 1310 698 1358 et
729 1300 880 1374 magister.
927 1299 1094 1356 Humilitati
1118 1301 1199 1356 eninr
1225 1308 1254 1358 et
1270 1313 1301 1352 ro

104 1385 328 1443 mansuetudini
340 1387 487 1446 curiosius
504 1387 676 1459 inherebat;
694 1405 801 1462 pacem
819 1395 850 1444 et
869 1386 1094 1444 sanctimoniam
1113 1404 1255 1460 sequens,

103 1472 220 1532 iontem
232 1475 294 1531 vite
306 1483 337 1532 et
349 1474 539 1533 beatitudinis
551 1485 654 1534 eterne
667 1475 791 1533 sitiebat
829 1474 969 1548 Migrauit
981 1475 1019 1531 ab
1032 1475 1087 1532 hoc
1100 1475 1202 1532 seculo
1216 1475 1254 1532 ad

103 1562 242 1617 sidereas
264 1560 436 1620 mansiones
456 1571 544 1620 sexto
565 1579 660 1620 nonas
684 1563 756 1632 iulii,
773 1580 853 1619 anno
873 1561 986 1620 domini
1007 1561 1255 1636 octingentesimo

103 1647 297 1721 sexagesimo
314 1649 455 1708 secundo.
501 1649 569 1707 Non
588 1649 669 1708 enim
685 1649 763 1708 intra
781 1648 908 1707 ecclesie
926 1659 1021 1724 septa,
1034 1650 1089 1706 sed
1106 1659 1193 1706 extra
1207 1666 1254 1706 ec·

103 1735 230 1794 clesiam
242 1737 274 1794 in
286 1735 409 1812 indigno
421 1738 486 1795 loco
502 1746 532 1795 et
544 1737 595 1795 viii
611 1754 646 1794 se
658 1737 816 1795 tumulari*
828 1724 1122 1810 precepit—Post
1140 1737 1253 1794 obitum
1270 1751 1298 1804 ¹5
1334 1795 1336 1800 ,

103 1841 194 1880 suum
214 1823 315 1882 multis
333 1825 483 1882 miraculis
502 1824 709 1882 choruscauit:
729 1825 878 1898 interque
895 1825 1034 1898 apparuit
1048 1826 1166 1882 cuidam
1178 1825 1253 1896 viro,

102 1911 272 1970 incredibili
296 1913 467 1970 iniimiitate
492 1929 548 1986 per
572 1913 673 1970 omnia
698 1914 834 1970 membra
858 1929 1011 1987 percusso,
1030 1913 1199 1969 admonens
1222 1920 1254 1970 vt

104 1999 329 2057 Ethelwoldum
347 1999 502 2058 Wintonie
521 1999 696 2075 episcopum
715 2001 820 2071 adiret,
839 2000 985 2068 referens,
1006 1997 1108 2056 diuina
1130 1998 1253 2056 misera·

102 2087 185 2144 tione
210 2088 374 2160 prouisum,
398 2087 498 2162 ipsum
522 2104 540 2145 a
563 2088 628 2145 loco
651 2087 701 2144 vbi
725 2087 839 2144 iacebat
860 2087 972 2144 debere
993 2085 1086 2143 leuari
1105 2085 1156 2142 etl
1177 2087 1254 2143 intra

103 2174 264 2232 ecclesiam
287 2175 352 2232 loco
371 2175 499 2249 digniori
517 2174 762 2232 honorificentius
782 2175 998 2232 tumulandum.
1030 2173 1064 2232 Si
1085 2173 1210 2244 diffidat,
1226 2173 1253 2231 si
1268 2189 1299 2225 so

104 2262 224 2332 hesitet,
236 2261 356 2335 signum
368 2280 424 2336 pro
435 2261 605 2320 testimonio
621 2262 802 2332 habiturum,
815 2261 983 2320 molestiam
1000 2261 1182 2318 infirmitatis
1198 2278 1254 2318 sue

104 2367 163 2422 qua
178 2349 324 2407 hactenus
336 2350 533 2420 detinebatur,
546 2350 614 2423 ipsa
630 2352 736 2408 eadem
754 2350 828 2407 hora
843 2350 926 2407 illum
943 2349 1123 2419 relicturam,
1136 2349 1253 2406 salutis·

104 2454 163 2510 que
176 2436 303 2494 leticiam
315 2437 449 2511 perfecte
460 2453 661 2495 reuersurum.
697 2437 823 2495 Addidit
835 2437 925 2494 etiam
937 2445 969 2495 vt
984 2438 1022 2494 ad
1039 2437 1136 2493 locum
1153 2435 1253 2510 sepul·

103 2532 171 2581 ture
186 2525 296 2593 veniat,
307 2533 338 2582 et
348 2541 440 2582 vnum
449 2526 487 2582 de
498 2524 606 2583 ferreis
615 2525 722 2595 anulis,
735 2527 786 2598 qui
799 2525 890 2598 lapidi
903 2525 998 2582 adhuc
1011 2524 1095 2581 infixi
1104 2523 1253 2594 videntur,

103 2612 130 2667 si
142 2611 305 2680 abstrahat,
317 2629 385 2669 curn
397 2613 479 2669 omni
492 2611 631 2670 facilitate
647 2622 677 2670 et
695 2614 808 2686 absque
821 2613 903 2668 omni
920 2613 1028 2685 lapidis
1044 2611 1123 2668 illius
1138 2610 1253 2669 lesione
1267 2623 1299 2676 ss

104 2698 265 2766 eniminum,
278 2716 312 2755 ac
331 2699 440 2756 iterum
458 2701 565 2757 eadem
583 2700 732 2770 facilitate,
745 2700 853 2757 eodem
870 2699 1049 2772 integritatis
1065 2708 1172 2756 tenore
1191 2717 1253 2757 ser·

104 2793 183 2856 uato,
196 2787 227 2842 in
240 2785 338 2843 locum
351 2788 429 2844 vnde
442 2788 671 2845 abstrahebatur
682 2789 857 2845 rediturum.
894 2786 996 2859 Surgit
1008 2787 1107 2859 itaque
1119 2786 1252 2859 perfecte

104 2872 223 2930 sanitati
244 2874 395 2946 redditus;
420 2874 496 2932 sicut
516 2877 652 2949 predicta
673 2883 743 2932 sunt
758 2876 859 2931 omnia
877 2875 1019 2946 repperit,
1036 2881 1066 2931 et
1085 2881 1192 2930 cuncta
1212 2891 1252 2930 ex

104 2961 210 3018 ordine
222 2960 357 3034 pontifici
369 2961 525 3020 intimauit.
586 2950 757 3022 Curuatum
770 2962 940 3035 quendam·
951 2959 1025 3033 [et]⁷
1039 2961 1153 3018 bestiali
1167 2977 1253 3018 more

104 3048 134 3106 in
153 3058 266 3106 terram
288 3051 507 3123 respicientem,
526 3067 633 3108 sanum
655 3058 685 3109 et
702 3049 884 3106 incolumem
903 3047 1040 3105 reddidit
1113 3035 1250 3123 Quidam
1267 3063 1299 3112 so

103 3136 212 3194 nobilis
226 3145 257 3194 et
270 3137 357 3194 diues
373 3154 442 3195 cum
456 3148 593 3211 tempore
606 3137 772 3195 meridiano
788 3135 871 3193 iuxta
888 3135 983 3208 ripam
1001 3133 1134 3192 fluminis
1149 3136 1252 3193 deam·

103 3225 229 3295 basiaret,
249 3233 452 3299 apparuerunt
473 3225 501 3282 ei
525 3224 623 3282 subito
642 3233 705 3282 tres
729 3239 821 3298 supra
844 3224 966 3280 modum
991 3222 1140 3279 horrende
1164 3222 1251 3295 quasi

103 3312 256 3382 mulieres,
275 3321 306 3370 et
330 3311 493 3370 altitudinis
517 3311 674 3370 immense.
712 3311 778 3382 Que
802 3327 870 3368 cum
894 3310 1057 3384 fugientem
1081 3311 1252 3383 apprehen·

103 3399 220 3458 dissent
231 3398 280 3457 et⁸
292 3399 446 3473 multiplici
464 3399 602 3472 angustia
619 3397 794 3456 afflixissent
802 3398 821 3468 ⁹,
834 3405 864 3454 et
874 3399 884 3428 ⁸
895 3414 976 3471 pene
994 3415 1050 3454 suo
1068 3396 1141 3454 ilatu
1159 3397 1251 3455 sulfo-

103 3496 207 3546 cantes
219 3485 371 3560 pestifero‚
384 3487 507 3544 horrore
519 3485 686 3544 incredibili
699 3487 828 3542 similem
840 3486 947 3542 insano
958 3485 1163 3542 reddiderunt.
1194 3485 1250 3544 Cui
1265 3503 1297 3555 35

103 3576 140 3634 ad
162 3574 322 3632 ecclesiam
341 3575 470 3632 adducto
491 3583 577 3632 nocte
594 3573 732 3648 apparuit
754 3581 876 3630 sanctim
895 3572 1106 3646 Swit[h]unus‚
1123 3581 1154 3631 et
1169 3574 1251 3630 omni

103 3664 207 3720 dolore
227 3677 366 3730 excusso,
385 3677 454 3718 eum
473 3661 592 3720 sanitati
616 3660 752 3719 restituit.
824 3648 908 3720 Cum
927 3670 1027 3718 autem
1047 3659 1252 3718 Ethelwoldus

102 3750 265 3823 episcopus
276 3765 387 3822 corpus
399 3748 465 3806 eius
477 3749 516 3805 de
527 3757 608 3807 terra
621 3749 742 3816 leuaret,
754 3749 831 3806 mira
849 3749 950 3806 odoris
966 3746 1128 3820 fragrantia
1142 3763 1251 3804 omnes

102 3835 251 3910 perfudit:
271 3836 381 3894 mulier
394 3851 466 3893 ceca
477 3834 576 3893 visum
592 3836 715 3911 recepit,
728 3845 758 3893 et
776 3835 861 3893 multi
879 3833 1008 3892 diuersis
1026 3833 1250 3892 infirmitatibus

102 3924 244 3998 oppressi
262 3925 356 3982 sancti
375 3922 491 3981 meritis
508 3922 601 3980 curati
620 3931 698 3981 sunt.
735 3923 825 3981 Facta
841 3932 887 3981 est
903 3930 1004 3980 autem
1019 3921 1171 3978 translatio
1184 3936 1250 3980 cor·
1262 3937 1297 3988 40

102 4010 187 4088 poris
198 4011 265 4070 eius
276 4027 356 4068 anuo
367 4009 412 4068 a¹⁰
422 4008 602 4070 dormitione
614 4027 669 4068 sua
680 4009 845 4068 centesimo
857 4009 983 4080 decimo,
994 4017 1025 4066 et
1037 4005 1250 4068 incamationis

100 4097 251 4158 dominice
264 4097 493 4172 nongentesimo
504 4097 727 4172 septuagesimo
737 4097 846 4172 primo,
859 4095 932 4154 idus
943 4095 1015 4154 iulii.

133 4237 337 4288 ¹E.switunua
397 4236 453 4288 'iz
466 4237 527 4301 spir.
539 4237 657 4301 puritate.
723 4235 979 4300 'Eregeneraton
1048 4232 1105 4286 ⁴1¹3.
1117 4232 1250 4286 cumulari.

99 4301 283 4420 &ltfut-
355 4299 539 4420 ruffam
636 4300 794 4354 'osuini'n
892 4298 1074 4352 'ontnvrn
1170 4299 1251 4353 'Via
