3044 4894
266 317 341 409 Da
365 312 529 403 &anau
554 311 744 414 nomme
767 320 816 402 at
838 312 1079 401 brunam.
1199 337 1246 411 59

108 545 133 604 M
154 531 210 601 DE
228 559 343 600 SANCTO
365 529 506 600 IOHANNE
527 559 565 598 DE
586 529 778 599 Bauuaano
797 558 940 598 Episcopo
958 559 996 598 Er
1014 541 1236 599 courussoas¹.

104 663 339 791 BEatissimus
358 664 438 721 enim
453 664 605 722 Iohannes
621 663 865 737 archiepiscopus
877 663 1079 732 eboracensis,
1091 663 1170 720 intra
1181 664 1246 720 An-

202 752 318 824 glorum
332 752 460 809 confinia
473 761 560 808 natus
571 760 600 808 et
609 751 761 821 educatus,
769 768 837 808 curn
846 752 943 808 adhuc
951 751 1057 824 puerili
1067 753 1247 824 pubesceret

97 856 165 907 euo,
184 839 344 896 Theodoro
365 839 566 898 cantuariensi
585 838 810 912 archiepiscopo
829 839 1023 896 instruendus
1042 839 1245 896 committitur.

97 926 157 996 Qui
170 927 252 984 illum
266 928 346 984 omni
360 927 518 1002 probitatis
530 944 614 984 more
627 927 776 997 instruxit,
789 935 878 1000 atque
895 935 1066 984 sanctarum
1086 927 1246 1000 prudentia

96 1014 314 1087 scripturarum
345 1015 471 1073 edocuit.
521 1014 656 1087 Cumque
691 1014 751 1070 iam
782 1016 860 1071 bene
895 1015 1026 1072 imbutus
1056 1015 1274 1086 diuersorum5

95 1101 241 1158 librorum
267 1112 349 1160 esset
373 1103 487 1174 litteris,
512 1119 582 1159 rura
612 1101 726 1175 passim
751 1101 882 1174 regionis
912 1102 1084 1175 peragrauit
1108 1102 1246 1176 plurima,

97 1191 225 1247 verbum
236 1190 284 1246 dei
298 1191 377 1263 plebi
390 1191 553 1248 seminans.
591 1189 753 1263 Postquam
767 1190 848 1246 enim
862 1190 1022 1262 episcopus
1034 1190 1108 1246 Eata
1120 1207 1246 1247 venera·

97 1277 168 1334 bilis
187 1295 309 1334 cursum
329 1278 459 1335 humane
471 1279 531 1335 vite
550 1278 719 1350 compleuit,
732 1279 789 1334 deo
805 1277 984 1351 disponente
1003 1287 1033 1334 et
1045 1277 1162 1334 Allrido
1174 1295 1246 1351 rege

96 1375 252 1422 annuente
275 1367 442 1439 presulatus
465 1366 598 1439 suscepit
620 1367 766 1422 honorem
788 1365 868 1420 idem
892 1364 1042 1422 lohannes
1061 1365 1092 1421 in
1112 1365 1176 1423 loco
1195 1366 1246 1438 qui

99 1453 391 1526 Heghstoldisham’
407 1463 536 1524 vocatur,
554 1453 631 1510 Tina
649 1453 740 1510 fluuio
752 1469 769 1508 a
782 1461 868 1524 parte
882 1453 1005 1509 australi
1024 1453 1129 1510 subtus
1142 1453 1245 1510 decur·
1262 1473 1292 1509 ro

99 1550 199 1598 rente.
244 1541 356 1598 Multos
376 1551 476 1598 autern
492 1541 666 1598 diaconatus
685 1540 799 1609 ordine,
813 1548 843 1596 et
861 1539 1032 1612 presbiterii
1051 1540 1246 1598 sanctificauit

99 1629 234 1698 honorc;
254 1631 293 1686 de
305 1646 433 1702 quorum
452 1629 575 1702 collegio
594 1628 733 1685 sanctus³
752 1627 835 1684 Beda
853 1627 960 1695 extitit,
976 1626 1028 1700 qui
1046 1628 1139 1684 multa
1156 1645 1246 1701 apos·

95 1715 187 1772 tolice
198 1716 268 1772 fidei
278 1717 439 1774 cultoribus
449 1715 569 1790 scripsit
578 1715 748 1773 utilia—⁴
756 1715 802 1773 De
811 1724 914 1772 sancto
923 1715 1004 1772 enim
1019 1714 1152 1772 Iohanne
1160 1716 1247 1788 plura

97 1803 246 1860 virtutum
267 1804 409 1862 miracula
427 1805 478 1878 qui
500 1821 570 1860 eum
591 1802 775 1860 familiariter
797 1811 947 1860 nouerant
974 1803 1075 1860 dicere
1094 1803 1200 1873 solent,
1215 1813 1246 1860 et

97 1892 233 1948 maxime
244 1891 292 1948 vir
308 1892 572 1949 reuerentissimus
586 1891 767 1958 Berthunus,
779 1891 922 1947 diaconus
935 1891 1086 1962 quondam
1105 1889 1178 1957 eius,
1191 1892 1245 1948 sed
1262 1903 1290 1954 15

96 1988 206 2052 postea
235 1979 329 2036 abbas
360 1981 533 2036 monasterii
564 1979 644 2052 quod
674 1987 796 2036 vocatur
821 1977 990 2048 Deirwode,
1018 1978 1050 2034 id
1075 1988 1123 2035 est
1146 1978 1247 2035 ‘Silua

97 2065 349 2134 Deirorum—,’
370 2069 459 2123 modo
470 2085 542 2124 vero
562 2067 742 2124 Beuerlacus
761 2065 944 2139 appellatur;
970 2065 1129 2138 dequibus
1147 2065 1245 2139 aliqua

98 2155 248 2210 memorie
261 2156 381 2211 tradere
392 2155 463 2212 vtile
476 2155 557 2211 duxi.
613 2143 673 2211 Est
685 2163 785 2210 autem
798 2152 902 2211 locus⁵
915 2152 1037 2226 quidam
1049 2169 1109 2209 vno
1118 2152 1245 2209 miliario

96 2251 128 2299 et
143 2241 267 2297 dimidio
279 2242 317 2298 ab
331 2241 567 2315 Hagustaldensi
585 2241 720 2310 ecclesia,
732 2241 924 2298 interfluente
937 2241 1013 2298 Tine
1023 2257 1112 2299 amne
1125 2257 1244 2314 separa·

93 2340 155 2398 tus,
176 2329 291 2386 habens
316 2329 475 2387 oratorium
500 2329 594 2386 sancti
617 2328 781 2398 Michaelis,
801 2331 832 2385 in
852 2347 911 2402 quo
931 2329 979 2386 vir
1002 2329 1052 2385 dei
1077 2327 1189 2402 sepius,
1216 2337 1246 2384 et
1261 2343 1292 2378 20

99 2417 235 2475 maxime
252 2419 283 2474 in
303 2417 541 2490 quadragesima,
563 2434 687 2474 manere
709 2435 777 2473 cum
797 2416 909 2490 paucis,
926 2415 1051 2473 orationi
1072 2434 1105 2474 ac
1126 2415 1246 2473 lectioni

93 2523 210 2563 vacans
223 2505 233 2536 ⁶
248 2522 371 2578 operam
392 2507 466 2563 dare
486 2515 692 2563 consueuerat.
729 2504 806 2561 Cum
827 2513 928 2562 autem
944 2504 1106 2578 incipiente
1118 2506 1245 2576 quadra·

94 2593 216 2667 gesima
237 2593 347 2649 ibidem
370 2610 532 2650 mansurus
552 2593 715 2660 adueniret,
737 2592 824 2649 iussit
845 2592 908 2649 suis
931 2609 1058 2664 querere
1078 2609 1244 2665 pauperem

94 2681 230 2753 aliquem
250 2681 354 2737 maiori
373 2681 545 2738 infirmitate
559 2681 607 2737 vel
625 2680 725 2753 inopia
743 2689 909 2752 grauatum,
922 2679 970 2736 cui
988 2679 1045 2736 illis
1059 2679 1165 2735 diebus
1187 2680 1246 2735 ele·

94 2770 247 2827 mosinam
268 2769 367 2827 facere
389 2769 581 2842 posset—sic
604 2770 683 2825 enim
702 2785 826 2840 semper
839 2767 938 2824 sacere
959 2767 1080 2824 solebat
1118 2766 1177 2836 Qui
1195 2767 1244 2823 ad·
1261 2777 1290 2827 25

95 2859 251 2915 duxerunt
260 2858 288 2914 ei
295 2857 518 2913 adolescentem
528 2857 679 2929 quendam
690 2865 805 2912 mutum
813 2873 831 2912 a
840 2855 1002 2920 natiuitate,
1011 2857 1065 2912 sed
1073 2863 1103 2911 et
1112 2854 1244 2911 scabiem

95 2956 128 3003 et
143 2945 275 3003 furfures
289 2946 450 3002 habentem
464 2944 495 3000 in
508 2943 613 3016 capite,
625 2953 657 3001 vt
676 2944 718 3000 nil
731 2943 907 3016 capillorum
923 2943 1006 2999 nasci
1018 2942 1140 2999 valeret
1177 2942 1245 3011 Quo

96 3035 248 3106 ingresso,
267 3031 467 3105 apprehendit
486 3049 556 3088 eum
576 3041 607 3089 et
629 3031 748 3104 signum
767 3039 870 3087 sancte
882 3030 980 3087 crucis
993 3031 1094 3102 lingue
1112 3029 1179 3086 eius
1191 3029 1244 3084 im-

97 3122 245 3194 pn'mens,
256 3121 403 3193 loquelam
416 3120 549 3192 perfecte
561 3119 690 3176 restituit
699 3119 727 3176 ei
736 3119 756 3189 ⁷,
767 3118 944 3191 medicoque
954 3117 1058 3190 capitis
1068 3116 1133 3174 eius
1142 3133 1244 3173 curam

95 3207 257 3266 commisit.
303 3207 341 3264 Et
356 3207 517 3264 adiuuante
536 3206 744 3264 benedictione
760 3223 795 3262 ac
814 3223 904 3279 prece
922 3205 1062 3262 antistitis
1071 3205 1091 3274 ⁸,
1110 3213 1179 3260 nata
1198 3213 1244 3260 est
1260 3213 1291 3262 30

94 3314 168 3354 cum
196 3295 324 3352 sanitate
354 3295 439 3364 cutis,
464 3303 591 3352 venusta
622 3295 741 3367 species
768 3294 953 3366 capillorum.
999 3292 1023 3348 F
1024 3301 1168 3364 actusque
1198 3301 1245 3348 est

95 3383 217 3441 iuuenis
244 3382 386 3454 limpidus
411 3382 493 3438 vultu
519 3390 549 3440 et
571 3382 687 3455 loquela
712 3391 878 3454 promptus,
906 3380 1020 3453 capillis
1044 3380 1245 3453 pulcherrime

94 3470 216 3544 crispis,
234 3471 285 3543 qui
310 3479 379 3527 ante
399 3469 494 3527 fuerat
514 3469 665 3539 deformis,
685 3486 810 3543 pauper,
835 3478 865 3526 et
890 3478 999 3525 mutus.
1037 3455 1120 3527 Cum
1144 3476 1244 3524 autem

95 3558 236 3617 monialis
250 3559 380 3631 quedam
398 3558 429 3614 in
443 3557 625 3614 monasterio
638 3557 804 3626 Vetadun’,
819 3556 866 3612 cui
879 3564 950 3612 tunc
964 3556 1143 3629 Hereburga
1155 3555 1244 3612 abba-

94 3649 172 3704 tissa
191 3646 310 3720 prefuit,
331 3646 361 3702 in
386 3644 540 3718 prouincia
560 3643 735 3702 eboracensi
757 3643 863 3716 posito,
883 3643 1093 3700 sseubotomata
1115 3651 1197 3700 esset
1213 3643 1243 3699 in
1259 3659 1290 3709 35

96 3734 231 3804 brachio,
243 3742 320 3791 tacta
333 3742 380 3790 est
398 3732 571 3790 infirmitate
586 3733 698 3789 doloris
713 3731 872 3804 repentini,
885 3749 944 3804 quo
958 3747 1028 3787 mox
1040 3739 1244 3798 excrescente,

93 3823 173 3881 adeo
185 3821 341 3879 brachium
353 3821 384 3877 in
397 3830 546 3877 tumorem
558 3837 679 3877 versum
696 3829 751 3889 est,
764 3828 795 3876 vt
807 3820 860 3875 vix
876 3819 993 3875 duabus
1009 3818 1146 3874 manibus
1166 3835 1244 3874 com·

94 3909 188 3986 plecti
201 3917 312 3983 posset,
323 3919 353 3966 et
365 3910 424 3965 iam
433 3908 519 3982 quasi
532 3907 676 3965 moritura
684 3908 845 3965 videretur.
882 3906 958 3962 Cum
971 3914 1071 3962 autem
1084 3905 1245 3978 episcopus
1281 3951 1284 3958 .

95 4001 203 4058 horam
226 3997 400 4054 minutionis
418 3999 618 4070 cognouisset,
635 3997 692 4054 ait:
712 3994 856 4052 ‘Multum
876 3993 1054 4066 insipienter
1073 4002 1103 4050 et
1125 3992 1245 4051 indocte

129 4097 139 4128 ²
157 4095 290 4158 Abridged
309 4095 374 4145 from
396 4095 477 4154 Beda,
489 4095 519 4143 V.
537 4109 552 4143 a
569 4094 606 4154 ft,
618 4095 669 4143 and
687 4096 732 4142 the
747 4093 791 4142 life
809 4094 835 4142 in
855 4093 930 4143 MSS.
945 4093 1022 4154 Corp.
1035 4092 1096 4143 Cbr.
1110 4092 1173 4143 Coll.
1186 4093 1245 4142 Cbr.

97 4166 154 4222 161,
166 4162 221 4211 Tib.
235 4163 258 4210 D
272 4162 321 4220 111,
331 4162 429 4226 (which
446 4160 491 4210 lite
508 4161 530 4209 is
550 4161 679 4222 compiled
697 4162 762 4208 from
775 4160 848 4208 Beda
862 4159 913 4208 and
931 4157 1060 4207 Polcard’s
1074 4157 1134 4207 Vita
1145 4159 1172 4206 in
1189 4159 1245 4210 MS.

96 4229 221 4278 Faustina
237 4228 260 4276 Β
274 4227 339 4292 Ν);
355 4227 420 4276 with
442 4227 571 4304 additions
592 4227 657 4274 imm
677 4227 721 4275 the
743 4224 866 4274 Miracula
879 4225 905 4272 in
924 4224 1006 4274 ASS.
1023 4223 1117 4286 sott7
1136 4223 1197 4286 May
1211 4225 1244 4302 ll,
