3012 4898
268 292 340 383 3²3
579 289 710 378 litim
735 291 925 390 meliust
948 285 1101 390 antlia

266 487 405 546 latentur.
440 488 572 546 Currunt
593 489 711 558 (omnes
732 489 772 545 ad
793 489 867 557 tam)
886 488 1001 561 grande
1020 487 1224 560 spectaculum
1247 495 1281 544 et
1300 487 1431 546 ueniam

266 577 419 650 postulant
438 575 609 649 ignoramie
627 585 658 632 et
675 574 782 634 delicti
814 575 949 647 Corpore
961 584 1062 632 autem
1072 574 1432 632 honoriliceinecelssia

266 664 393 737 sepulto,
406 663 577 720 iniamatrix
589 665 655 720 eius
667 679 685 720 a
698 665 827 720 demone
843 662 994 736 arripitur,
1007 671 1037 719 et
1054 663 1154 718 scelus
1166 679 1259 718 suum
1272 664 1432 720 confitens
1487 657 1488 686 ³

266 751 304 808 ad
321 752 494 824 sepulcrum
511 749 635 824 uirginis
651 750 778 808 ueniens
795 750 947 807 liberatur.
983 749 1032 807 Ad
1045 749 1130 807 cuius
1145 750 1300 807 tumulum
1319 751 1432 824 populi

238 857 253 908 ⁵
267 837 400 912 undique
412 837 566 896 conlluunt
578 847 609 895 et
621 837 715 895 multa
727 837 871 895 miracula
882 836 979 910 fiunt}
1071 835 1077 842 '

407 1015 433 1076 il
453 1001 508 1072 Da
527 1030 642 1072 saucro
661 999 833 1072 chuasno
851 1029 994 1070 sarscoro
1011 1029 1049 1070 ετ
1066 1029 1269 1071 consessores.

303 1135 327 1176 1.
346 1117 425 1177 Text
437 1117 467 1175 in
482 1118 552 1176 E.¹:

268 1223 420 1354 SAncte
438 1232 648 1298 perpetueque
667 1221 814 1280 memorie
834 1220 1014 1293 Richardus,
1032 1221 1151 1279 natione
1168 1222 1333 1294 Anglicus‚
1347 1223 1431 1297 Wy·

356 1309 553 1383 gomfiensis]
573 1309 713 1380 diocesis,
732 1310 803 1366 villa
820 1326 880 1382 que
899 1327 918 1366 a
936 1319 1026 1382 puteo
1044 1309 1115 1367 salis
1132 1309 1244 1366 ibidem
1257 1310 1361 1369 wine
1381 1313 1431 1368 vel

265 1397 389 1472 Wych.¹
406 1398 583 1472 appellatur,
602 1397 778 1471 parentibus
802 1397 968 1454 secundum
994 1397 1086 1454 seculi
1110 1406 1219 1454 stanno
1244 1415 1308 1454 non
1339 1400 1431 1473 igno-

266 1485 383 1556 bilibus,
403 1494 489 1559 patre
509 1484 670 1554 Richardo,
688 1493 783 1542 matre
800 1501 873 1541 vero
892 1483 988 1541 Alicia
1006 1483 1136 1553 nornine,
1148 1484 1243 1542 extitit
1263 1486 1431 1545 oriundus

223 1593 254 1630 ιο
267 1572 330 1650 Qui¹
351 1572 468 1630 iuuenis
489 1573 625 1638 choreas,
645 1571 782 1646 tripudia,
803 1581 833 1628 et
851 1589 930 1628 vana
953 1571 1151 1629 consimilium
1175 1575 1429 1645 spectaculorum

266 1677 379 1734 genera
403 1661 446 1718 sic
468 1661 645 1718 detestando
660 1660 802 1734 fugiebat,
821 1670 853 1717 vt
871 1677 926 1716 nec
948 1660 1105 1718 blandiciis
1126 1677 1182 1718 nec
1203 1671 1429 1720 coetaneorum

265 1748 415 1819 suasione,
437 1757 538 1805 contra
563 1757 700 1805 naturam
724 1747 821 1818 etatis,
843 1749 880 1804 ad
902 1765 938 1804 ea
959 1747 1037 1805 ilecti
1058 1757 1175 1821 poterat
1194 1749 1291 1822 ve[l]³
1309 1749 1429 1808 induci.

265 1835 462 1909 Omnesque*
484 1846 644 1894 coetaneos
673 1845 704 1893 et
734 1835 953 1909 condiscipulos
983 1853 1054 1893 suos
1084 1836 1168 1893 breui
1192 1845 1335 1910 tempore
1363 1849 1427 1896 tam

265 1923 442 1981 eruditionis
470 1941 561 1998 quam
585 1926 823 1981 conuersationis
851 1933 882 1980 et
913 1941 1030 1981 morum
1062 1923 1230 1981 maturitate
1260 1927 1428 1998 precessit

223 2009 451 2084 15Fraterque⁸
473 2010 569 2085 ipsius
599 2011 708 2079 senior,
739 2011 769 2067 in
800 2011 933 2068 custodia
963 2011 1038 2068 inira
1068 2021 1177 2068 etatem
1207 2011 1361 2080 existens,
1388 2016 1427 2071 ad

266 2100 388 2171 plenam
412 2107 521 2156 etatem
547 2115 632 2156 suam
657 2099 695 2155 de
720 2099 854 2156 custodia
878 2097 993 2166 exiens,
1013 2100 1112 2156 nudus
1135 2108 1166 2156 et
1190 2117 1309 2173 pauper
1328 2103 1428 2158 nimis

265 2197 377 2244 terram
402 2204 488 2244 suam
510 2187 683 2260 ingreditur.
718 2185 835 2244 Videns
859 2187 948 2259 igitur
969 2185 1139 2244 Richardus
1163 2187 1262 2244 fratris
1287 2205 1426 2264 pauper-

266 2283 367 2346 tatem,
383 2292 451 2331 cum
469 2273 542 2330 nihil
554 2274 679 2332 haberet
690 2274 770 2332 vnde
790 2273 872 2347 s[ibi]
882 2275 894 2306 ¹
906 2272 1027 2347 posset⁷
1044 2275 1214 2344 subuenire,
1230 2275 1375 2349 seipsum
1394 2278 1425 2334 in

266 2361 451 2419 seruientem
482 2361 540 2418 sibi
565 2361 701 2419 tradidit:
732 2361 783 2418 vbi
808 2379 865 2436 per
889 2370 1025 2434 tempora
1049 2379 1111 2418 non
1134 2361 1253 2419 modica
1275 2364 1311 2420 in
1335 2366 1424 2422 omni

223 2475 254 2509 20
266 2448 416 2522 patientia,
428 2458 605 2522 paupertate
618 2458 649 2506 et
660 2448 827 2507 deiectione
845 2465 961 2523 magna,
975 2466 1055 2506 nunc
1068 2450 1105 2506 ad
1124 2458 1266 2520 aratrum,
1279 2468 1368 2510 nunc
1386 2454 1423 2510 ad

267 2535 374 2610 bigam,
394 2554 474 2594 nunc
493 2538 531 2593 ad
553 2537 611 2594 alia
632 2536 803 2594 huiusmodi
822 2554 914 2610 opera
934 2553 1041 2594 manus
1063 2536 1193 2607 mittens,
1212 2537 1374 2597 humiliter
1395 2551 1425 2598 et

268 2626 404 2682 modeste
428 2624 558 2682 seruiuit.
595 2624 684 2682 Vnde
706 2626 799 2682 irater
819 2643 890 2682 eum
910 2624 940 2681 in
962 2633 1043 2681 tanta
1063 2623 1236 2682 affectione'
1255 2627 1425 2702 recollegit,

267 2713 348 2785 quod
367 2719 459 2768 totam
480 2711 676 2770 hereditatem
696 2729 782 2769 suam
805 2711 861 2768 sibi
886 2730 941 2769 sua
966 2721 1046 2768 carta
1065 2712 1261 2770 confirmauit.
1309 2714 1425 2774 Postea

268 2815 337 2856 cum
358 2799 527 2857 Richardus
549 2808 641 2856 totam
666 2799 862 2856 hereditatem
886 2799 1009 2872 pacifice
1034 2799 1220 2870 obtinuisset,
1239 2802 1331 2858 amici
1355 2805 1424 2860 eius

223 2915 252 2963 ²5
268 2888 404 2944 carnales
422 2888 461 2943 de
474 2889 603 2961 quadarn
623 2887 713 2943 nobili
732 2897 762 2944 et
779 2905 927 2960 generosa
945 2886 1045 2960 puella
1066 2887 1094 2944 ei
1116 2886 1424 2964 matrimonial[iter]'

268 2974 437 3048 copulanda
453 2983 582 3032 tractare
600 2985 752 3047 ceperunt.
789 2975 877 3046 Quod
892 2993 959 3031 cum
977 2976 1069 3031 irater
1084 2977 1150 3032 eius
1166 2974 1381 3050 intellexisset,
1394 2991 1422 3036 ct

265 3061 326 3118 iam
349 3061 533 3120 Richardum
556 3063 665 3119 dictam
687 3063 818 3120 nobilem
840 3062 970 3135 puellam
992 3079 1060 3119 cum
1080 3062 1182 3120 multis
1203 3065 1291 3122 bonis
1313 3083 1422 3140 recep-

265 3159 383 3206 turum:
403 3151 442 3207 de
452 3151 608 3208 collatione
617 3159 696 3207 terre
706 3168 760 3208 sue
770 3149 904 3224 penituit,
912 3159 943 3207 et
952 3149 1030 3223 cepit
1040 3149 1215 3207 contristari
1247 3151 1423 3212 Richardus

266 3246 366 3294 autem
386 3238 442 3293 hoc
462 3237 640 3311 intelligens,
656 3237 731 3294 dixit
749 3237 830 3294 sratri
849 3254 921 3294 suo:
941 3237 1035 3306 ‘Non,
1048 3237 1223 3295 charissime
1241 3238 1346 3308 irater,
1361 3259 1421 3298 non

221 3353 254 3402 30
267 3334 394 3398 propter
405 3325 461 3381 hoc
477 3327 615 3383 turbetur
627 3342 679 3382 cor
691 3335 792 3396 tuum;
811 3341 882 3381 nam
898 3327 974 3382 adeo
992 3324 1111 3382 curialis
1123 3335 1155 3382 vt
1170 3325 1251 3383 suisti
1269 3345 1347 3401 erga
1364 3347 1422 3397 me,

267 3429 320 3469 ero
341 3421 371 3468 et
393 3429 449 3485 ego
472 3430 544 3486 erga
568 3422 606 3470 te.
657 3412 735 3471 Ecce
763 3413 888 3470 restituo
909 3411 963 3469 tibi
987 3421 1096 3469 terram
1119 3422 1150 3469 et
1170 3421 1293 3484 cartam,
1312 3419 1372 3474 sed
1394 3429 1423 3475 et

267 3499 407 3573 puellam,
426 3499 452 3557 si
472 3499 528 3557 sibi
547 3509 578 3557 et
600 3499 704 3557 amicis
722 3500 786 3557 suis
804 3500 967 3572 placuerit:
993 3517 1146 3573 nunquam
1165 3499 1246 3557 enim
1265 3519 1302 3558 os
1320 3503 1421 3577 ipsius

265 3587 456 3644 deosculatus
476 3589 562 3644 sum?
599 3587 765 3645 Confestim
785 3587 874 3660 igitur
892 3587 1012 3660 reliquit
1032 3587 1201 3646 Richardus
1222 3597 1285 3644 tam
1305 3598 1420 3650 terram

267 3691 358 3748 quam
378 3675 514 3746 puellam,
527 3685 557 3732 et
575 3691 683 3732 omnes
701 3675 821 3746 amicos,
841 3683 870 3731 et
889 3676 927 3731 ad
946 3673 1077 3732 studium
1096 3675 1300 3734 uniuersitatis
1319 3681 1422 3750 primo

222 3771 252 3820 ³⁵
268 3762 396 3833 Oxonie,
405 3762 516 3819 deinde
527 3761 659 3820 Parisios
667 3780 700 3820 se
710 3762 868 3833 transtulit,
875 3762 924 3819 vbi
935 3761 1075 3836 Logicam
1084 3761 1233 3820 addidicit.
1258 3762 1421 3840 Tantaque

267 3850 321 3908 luit
333 3849 391 3908 sibi
403 3849 578 3908 addiscendi
585 3850 608 3884 ¹⁰
618 3849 743 3921 affectio,
756 3849 835 3923 quod
849 3850 888 3907 de
900 3851 980 3907 victu
993 3859 1043 3906 aut
1053 3850 1233 3908 vestimento
1245 3867 1358 3924 parurn
1371 3865 1422 3911 aut

298 3966 307 3995 ¹
325 3965 372 4014 Ed
386 3965 414 4014 in
426 3965 457 4013 Α.
474 3963 522 4014 SS.
539 3961 605 4012 Boll.
620 3963 682 4027 Apr.
700 3963 721 4022 1,
738 3979 762 4026 p.
779 3964 827 4024 ²78
844 3965 913 4026 (and,
926 3964 1054 4024 modified,
1068 3963 1094 4012 in
1107 3964 1219 4026 Sarius).
1254 3963 1312 4014 MS.
1325 3963 1356 4015 Τ.
1369 3970 1420 4016 and

266 4031 371 4081 Tanner
386 4031 452 4080 have
467 4046 483 4078 a
498 4029 603 4078 shorter
615 4029 680 4090 Life,
693 4030 737 4079 but
753 4030 798 4078 the
812 4045 882 4078 same
894 4029 1011 4078 miracles
1022 4031 1074 4078 and
1093 4029 1218 4078 Narratio.
1252 4029 1311 4079 'l'he
1323 4039 1383 4080 text
1394 4035 1419 4081 in

267 4097 296 4147 E.
305 4099 326 4146 is
334 4097 458 4158 abridged
469 4096 514 4158 (by
521 4095 655 4158 Capgrave
664 4097 684 4158 i)
694 4095 758 4144 irorn
770 4095 815 4144 the
822 4093 882 4144 Vita
893 4095 928 4157 by
940 4095 1061 4158 Radulph
1073 4095 1212 4158 (Bocking)
1225 4095 1256 4142 ol
1262 4095 1421 4148 Chichester

266 4164 293 4212 iu
311 4162 367 4212 MS.
380 4161 476 4212 Sloaue
490 4175 552 4222 1772
565 4159 736 4224 (imperiectly
747 4162 789 4210 ed.
800 4161 827 4209 in
840 4159 906 4210 Boll
924 4175 950 4224 p.
962 4161 1033 4225 aba),
1043 4161 1131 4210 which
1141 4175 1197 4209 was
1207 4161 1314 4210 written
1327 4177 1364 4211 ou
1376 4165 1421 4214 the

266 4227 454 4278 canonization.
484 4227 514 4276 T.
526 4227 549 4276 is
560 4226 612 4276 abr.
624 4227 708 4290 partly
720 4226 785 4275 from
796 4227 840 4274 the
851 4225 1095 4276 canonizationbull
1107 4225 1137 4274 oi
1145 4225 1235 4274 Urbau
1248 4225 1294 4287 lV,
1305 4226 1369 4287 Jnn.
1378 4244 1419 4290 aa,

269 4295 338 4344 raba.
380 4292 445 4344 ²51.
453 4291 563 4354 Wycba.
603 4291 713 4343 'Eue
751 4289 969 4354 ‘Bollquoque
1001 4291 1143 4342 ³130an
1157 4291 1268 4340 interim.
1310 4291 1369 4345 ‘E
1383 4310 1419 4345 ae

265 4357 310 4410 ’s
327 4358 418 4422 posu.
459 4356 509 4409 'a
522 4357 666 4408 erectione.
707 4356 988 4410 mummolinum.
1045 4357 1141 4408 1⁹suu.
1149 4372 1199 4408 om.
1208 4357 1274 4420 su,
1290 4358 1419 4414 osma.
