3054 4904
416 284 937 388 &temeritatibus
1199 313 1247 382 99

97 487 178 543 enim
203 485 285 542 Bana
303 485 350 543 vir
367 487 453 545 sortis
472 487 597 556 viribus,¹
615 499 645 546 et
666 488 755 545 totius
777 488 909 561 nequitie
929 497 1072 545 executor
1100 489 1247 546 assiduus.

99 573 250 632 luthware
259 575 343 648 virgo
356 576 387 632 in
400 585 570 633 sanctorum
583 576 731 645 natalitiis,
740 576 869 650 sumptis
882 593 985 633 secum
995 575 1092 647 sociis,
1099 577 1247 634 interesse

98 661 209 718 diuinis
227 664 350 736 curauit,
370 675 472 722 noctes
487 665 648 738 peruigiles
666 666 797 736 ducens;
818 664 957 720 studebat
968 673 1105 737 preterea
1121 664 1246 736 ieiuniis,

98 750 282 808 emtionibus
294 761 324 809 et
335 752 507 809 elemosinis
517 770 632 822 vacare,
642 762 673 808 vt
685 752 793 808 talibus
806 751 957 826 obsequiis
970 751 1077 820 dedita,
1091 751 1248 809 illecebras

98 837 199 894 camis
210 838 336 896 vincens
348 840 527 914 subiugaret.
566 839 684 896 Mortuo
696 841 818 897 tandem
835 848 921 913 patre
937 839 1011 910 eius,
1030 839 1128 913 pallor
1139 839 1246 912 virgini
1262 857 1276 906 5

99 925 138 980 ob
148 924 267 998 vigilias
276 927 406 996 crebras,
417 926 526 983 ieiunia
534 927 795 1000 solicitudinesque
804 927 835 983 in
843 927 908 984 dies
916 937 1041 1000 augetur
1050 927 1068 986 ¹.
1098 926 1248 1000 Malignus

99 1011 191 1084 igitur
207 1013 298 1070 totius
314 1015 385 1070 mali
401 1015 537 1072 incentor
554 1032 714 1072 nouercam
734 1014 857 1088 virginis
872 1014 1012 1085 incitauit,
1025 1032 1175 1072 venenum
1188 1031 1247 1087 quo

99 1118 168 1157 eam
187 1102 327 1174 perderet
345 1103 502 1175 inspirans
540 1103 606 1173 Que
628 1120 793 1176 suppresso
814 1102 946 1176 nequitie
967 1103 1036 1159 dolo
1061 1111 1091 1159 et
1113 1111 1248 1159 materno

98 1188 208 1245 affectu
238 1189 384 1259 simulato,
408 1191 553 1264 virginem
578 1201 710 1248 sanctam
741 1190 876 1248 dulcibus
906 1190 1044 1264 alloquiis
1067 1190 1247 1264 aggreditur,

99 1277 226 1333 causas'
243 1278 366 1350 palloris
384 1280 546 1351 inquirens.
584 1277 743 1350 luthwara,
762 1278 835 1335 nihil
856 1279 925 1336 mali
945 1277 1103 1352 suspicata,
1123 1288 1248 1351 paterne
1263 1296 1295 1332 ro

99 1364 184 1420 necis
197 1365 409 1422 detrimentum
429 1365 626 1440 conqueritur,
643 1367 773 1424 honores
790 1367 878 1423 huius
895 1367 988 1424 seculi
1008 1385 1069 1423 non
1086 1368 1213 1424 multum
1231 1385 1248 1424 a

99 1470 134 1508 se
156 1452 246 1526 diligi,
264 1472 369 1511 causas
392 1453 436 1510 sui
457 1454 579 1528 palloris
600 1455 730 1529 pectoris
749 1454 869 1512 dolores
889 1454 1004 1512 asserit.
1042 1454 1110 1512 Hiis
1130 1455 1247 1524 auditis,

99 1558 233 1601 nouerca
256 1541 463 1598 medicaminis
486 1543 623 1600 solatium
643 1560 677 1600 se
697 1543 879 1616 quesituram
904 1543 1062 1612 mentitur;
1082 1545 1157 1600 duas
1179 1561 1247 1617 par·

99 1629 206 1686 ticulas
234 1629 364 1686 recentis
397 1630 476 1687 casei
505 1631 601 1688 adhuc
632 1630 770 1688 stillantis
803 1648 935 1700 sumens,
968 1649 1061 1705 super
1090 1640 1248 1706 utramque

100 1717 265 1774 mamillam
286 1718 369 1774 eunti
393 1720 431 1775 ad
455 1719 613 1776 ecclesiam
643 1737 757 1792 ponere
782 1721 884 1788 suasit,
908 1728 940 1777 vt
965 1719 1114 1776 medicina
1135 1719 1186 1776 tali
1211 1723 1248 1777 ab
1266 1735 1295 1783 ¹5

99 1805 183 1862 omni
205 1804 335 1878 pectoris
359 1807 500 1880 languore
522 1805 661 1863 liberari³
684 1816 795 1880 posset.
832 1808 908 1865 Cum
933 1807 1054 1864 monitis
1076 1809 1141 1864 eius
1164 1806 1249 1881 virgo

99 1894 232 1968 simplex
265 1894 468 1951 circumuenta
500 1904 590 1964 esset,
623 1894 735 1952 Banam
769 1895 962 1969 priuignum*
990 1912 1119 1952 nouerca
1149 1895 1220 1951 adiit
1230 1895 1249 1966 ⁵,

100 1999 238 2039 sororem
251 1981 316 2039 eius
328 1993 526 2056 pregnantern
538 1991 684 2057 concepto
697 1983 757 2040 fetu
771 1985 923 2052 mentitur,
937 1992 1026 2056 atque
1043 1983 1074 2038 in
1091 1999 1249 2055 argumen-

99 2080 167 2126 tum
185 2069 256 2126 fidei
275 2069 431 2127 intemlam
452 2071 551 2144 puelle
570 2089 588 2127 a
606 2081 728 2144 pectore
748 2072 813 2128 eius
829 2070 989 2127 extrahere
1011 2070 1125 2138 suadet,
1145 2071 1250 2126 dicens

99 2174 170 2214 eam
194 2156 365 2230 prossuente
395 2160 434 2216 de
464 2159 603 2215 mamillis
634 2159 710 2216 lacte
742 2159 892 2216 madidam
921 2157 994 2214 sore.
1044 2157 1101 2227 Qui
1128 2157 1249 2214 iuuenili
1266 2174 1297 2208 ro

100 2246 223 2302 leuitate
248 2247 401 2318 deceptus,
425 2263 560 2303 sororem
585 2247 623 2303 de
648 2246 776 2304 ecclesia
805 2246 1011 2319 egredientem
1041 2261 1142 2300 comm
1168 2247 1249 2302 omni

99 2333 216 2406 populo
227 2332 384 2405 arripiens,
398 2334 437 2390 de
448 2351 509 2406 quo
521 2333 644 2406 grauida
656 2342 738 2392 esset
751 2333 912 2407 inquisiuit
947 2332 1084 2405 Cumque
1096 2331 1145 2388 illa
1157 2341 1250 2389 staret

99 2421 227 2478 attonita
248 2429 278 2476 et
300 2437 335 2477 se
353 2421 508 2494 grauidam
528 2429 659 2494 negaret,
679 2420 838 2477 intemlam
862 2419 937 2490 eius,
958 2428 990 2477 vt
1015 2421 1120 2478 doetus
1144 2419 1250 2489 suerat,

100 2507 241 2566 extraxit.
295 2507 393 2578 Quam
424 2509 574 2566 madidam
605 2508 771 2576 inueniens,
801 2507 914 2580 impetu
943 2506 1052 2563 furoris
1083 2507 1250 2565 inconsulte

101 2596 234 2669 agitatus
259 2595 389 2668 gladium
414 2595 544 2653 extraxit
567 2605 598 2652 et
622 2595 789 2652 innocentis
814 2605 903 2668 caput
926 2593 1054 2667 virginis
1076 2593 1249 2667 amputauit.
1266 2611 1296 2662 ²5

102 2684 168 2740 Nec
194 2699 289 2752 mora,
309 2683 394 2755 virgo
418 2691 522 2740 sancta
546 2692 635 2756 caput
658 2681 815 2756 proprium
841 2681 904 2739 suis
928 2682 1066 2739 manibus
1090 2681 1250 2755 accipiens,

101 2773 143 2828 de
164 2779 245 2827 terra
266 2769 384 2839 leuauit,
403 2779 433 2828 et
455 2772 485 2826 in
507 2769 665 2828 ecclesiam
686 2771 766 2827 vnde
788 2770 911 2834 exierat,
933 2769 1109 2826 mirantibus
1127 2771 1250 2840 cunctis,

101 2857 253 2915 inoffenso
272 2858 366 2930 gradu
387 2857 524 2930 portauit.
559 2857 609 2914 Ad
637 2858 891 2930 comprobandam
916 2857 1021 2914 dilecte
1041 2857 1170 2914 martiris
1197 2875 1251 2915 sue

101 2945 304 3016 sanctitatem,
317 2944 465 3017 benignus
483 2946 558 3003 deus
571 2945 685 3002 sontem
699 2945 839 3002 continuo
851 2945 890 3001 de
905 2954 987 3001 terra
1005 2961 1164 3016 erumpere
1184 2945 1252 3003 fecit

98 3033 153 3092 vbi
177 3033 356 3089 innocenter
377 3040 560 3105 amputatum
584 3032 694 3106 [caput]
721 3032 844 3102 cecidit;
869 3039 899 3089 et
920 3048 1013 3105 super
1031 3031 1143 3088 fontem
1163 3035 1253 3089 arbor
1266 3045 1299 3094 30

100 3123 235 3195 quedam
247 3119 390 3176 diuinitus
403 3137 540 3177 crescere
553 3120 640 3192 cepit„
678 3118 796 3191 Elapsis
808 3128 877 3193 post
891 3120 946 3175 hec
958 3119 1045 3176 annis
1058 3119 1168 3189 multis,
1180 3137 1251 3176 con-

99 3208 171 3282 tigit
188 3209 328 3264 arborem
347 3207 427 3264 iilam
447 3206 539 3264 nimio
556 3215 715 3265 ventorum
735 3206 808 3266 ilatu
827 3223 921 3280 super
939 3208 1062 3264 domum
1083 3208 1251 3279 proximam

100 3298 222 3365 cadere,
236 3311 450 3368 ramorumque
469 3296 534 3351 eius
553 3294 700 3352 densitate
719 3293 906 3368 ingrediendi
926 3293 1095 3351 facultatem
1113 3294 1252 3353 omnibus

100 3386 266 3456 denegare.
304 3381 438 3455 Cumque
463 3382 604 3440 dominus
628 3383 736 3438 domus
757 3399 825 3440 eam
847 3381 940 3438 ramis
961 3381 1081 3454 priuare
1100 3381 1253 3453 niteretur,

100 3471 206 3530 statim
228 3469 371 3527 diuinitus
392 3477 493 3526 erecta
513 3469 652 3528 iuuenem
673 3487 777 3530 secum
800 3469 831 3528 in
851 3470 945 3528 altum
970 3471 1044 3538 tulit,
1066 3472 1115 3543 qui
1141 3472 1253 3529 herens
1268 3485 1299 3534 35

99 3560 133 3618 in
154 3575 249 3626 ramo,
268 3575 360 3630 quem
377 3558 554 3615 abscindere
573 3567 702 3631 ceperat,
721 3557 837 3616 vicinos
855 3559 893 3614 ad
912 3557 1055 3615 auxilium
1074 3559 1254 3618 clamoribus

100 3647 250 3704 inuitauit.
288 3643 346 3715 Qui
365 3644 521 3702 confestim
539 3655 740 3715 accurrentes,
755 3654 785 3702 et
800 3647 911 3718 gratias
929 3646 986 3703 deo
1005 3655 1137 3718 agentes,
1150 3657 1252 3704 sancte

102 3736 258 3793 luthware
270 3731 386 3790 meritis
398 3732 455 3790 hoc
467 3732 644 3806 prouenisse
657 3734 841 3790 asserebant
909 3720 991 3792 Cum
1005 3734 1113 3789 mulier
1124 3736 1253 3806 quedam

101 3823 201 3880 filiurn
219 3829 283 3877 toto
301 3837 427 3893 corpore
446 3820 575 3878 debilem
593 3819 772 3894 peperisset,
788 3838 845 3894 per
858 3819 958 3878 visum
975 3820 1128 3877 admonita
1149 3833 1254 3880 sancte

99 3907 232 3982 virginis
261 3906 455 3980 sepulchmm
487 3907 565 3978 adiit,
593 3916 623 3964 et
653 3907 747 3964 filium
779 3907 896 3964 sariitati
926 3907 1095 3966 restitutum
1119 3910 1254 3982 gaudens
1269 3924 1303 3972 40

101 3994 229 4070 recepit
316 3982 413 4051 Miles
436 3995 557 4067 quidam
582 3995 706 4052 claudus
730 4003 760 4051 et
784 3995 897 4053 baculis
921 3996 1037 4052 duobus
1062 4004 1254 4065 sustentatus,

100 4085 144 4148 ad
175 4082 370 4156 sepulchrum
401 4091 503 4139 sancte
532 4081 657 4155 virginis
687 4083 834 4140 deuotus⁰
864 4082 1009 4140 accessit:
1037 4091 1068 4140 et
1097 4083 1255 4156 gressibus

102 4171 263 4246 reparatis,
275 4187 345 4228 cum
358 4169 462 4240 salute,
474 4169 584 4243 gratias
596 4171 654 4227 deo
666 4187 760 4243 agens
772 4171 810 4226 ad
822 4187 877 4228 sua
889 4171 983 4228 rediit.

138 4309 340 4372 ¹iungentur.
394 4309 449 4359 Ἐ
460 4317 537 4373 atque
548 4325 570 4361 c.
619 4310 677 4360 ’Β
691 4311 807 4361 liberare.
857 4309 1086 4374 *Epreuignum
1136 4311 1255 4364 sradit.

100 4377 111 4406 ‘
132 4377 165 4427 E.
176 4377 287 4437 deuote;
303 4377 332 4426 T.
346 4375 464 4427 deuotus.

662 4473 714 4514 fla
