<?xml version="1.0" encoding="UTF-8"?>
<!DOCTYPE html PUBLIC "-//W3C//DTD XHTML 1.0 Transitional//EN"
    "http://www.w3.org/TR/xhtml1/DTD/xhtml1-transitional.dtd">
<html xmlns="http://www.w3.org/1999/xhtml" xml:lang="en" lang="en">
 <head>
  <title>
</title>
<meta http-equiv="Content-Type" content="text/html;charset=utf-8" />
  <meta name='ocr-system' content='tesseract 3.04.00' />
  <meta name='ocr-capabilities' content='ocr_page ocr_carea ocr_par ocr_line ocrx_word'/>
</head>
<body>
  <div class='ocr_page' id='page_1' title='image "./novalegendaangl00wordgoog/novalegendaangl00wordgoog_0308.png"; bbox 0 0 3012 4898; ppageno 0'>
   <div class='ocr_carea' id='block_1_1' title="bbox 81 0 771 5">
    <p class='ocr_par' dir='ltr' id='par_1_1' title="bbox 81 0 771 5">
     <span class='ocr_line' id='line_1_1' title="bbox 81 0 771 5; baseline 0 0"><span class='ocrx_word' id='word_1_1' title='bbox 81 0 771 5; x_wconf 95' lang='lat' dir='ltr'> </span> 
     </span>
    </p>
   </div>
   <div class='ocr_carea' id='block_1_2' title="bbox 58 292 1222 396">
    <p class='ocr_par' dir='ltr' id='par_1_2' title="bbox 58 292 1222 396">
     <span class='ocr_line' id='line_1_2' title="bbox 58 292 1222 396; baseline 0.022 -35"><span class='ocrx_word' id='word_1_2' title='bbox 58 311 213 378; x_wconf 58' lang='lat' dir='ltr'>asan]</span> <span class='ocrx_word' id='word_1_3' title='bbox 382 292 922 396; x_wconf 62' lang='lat' dir='ltr'>manutenuerunt.</span> <span class='ocrx_word' id='word_1_4' title='bbox 1151 317 1222 387; x_wconf 87' lang='lat'>299</span> 
     </span>
    </p>
   </div>
   <div class='ocr_carea' id='block_1_3' title="bbox 56 495 1270 3931">
    <p class='ocr_par' dir='ltr' id='par_1_3' title="bbox 56 495 1270 3931">
     <span class='ocr_line' id='line_1_3' title="bbox 56 495 1223 560; baseline -0.004 -11"><span class='ocrx_word' id='word_1_5' title='bbox 56 498 196 550; x_wconf 69' lang='lat' dir='ltr'>celestem</span> <span class='ocrx_word' id='word_1_6' title='bbox 218 496 377 548; x_wconf 63' lang='lat' dir='ltr'>ascendunt?</span> <span class='ocrx_word' id='word_1_7' title='bbox 419 497 452 548; x_wconf 80' lang='lat' dir='ltr'>Et</span> <span class='ocrx_word' id='word_1_8' title='bbox 469 499 598 548; x_wconf 82' lang='lat' dir='ltr'>duxerunt</span> <span class='ocrx_word' id='word_1_9' title='bbox 615 513 674 548; x_wconf 85' lang='lat' dir='ltr'>eum</span> <span class='ocrx_word' id='word_1_10' title='bbox 690 497 827 560; x_wconf 76' lang='lat' dir='ltr'>pontifices</span> <span class='ocrx_word' id='word_1_11' title='bbox 844 497 871 546; x_wconf 91' lang='lat' dir='ltr'>in</span> <span class='ocrx_word' id='word_1_12' title='bbox 888 503 1001 547; x_wconf 85' lang='lat' dir='ltr'>montem</span> <span class='ocrx_word' id='word_1_13' title='bbox 1018 511 1105 558; x_wconf 87' lang='lat' dir='ltr'>unum,</span> <span class='ocrx_word' id='word_1_14' title='bbox 1128 501 1155 546; x_wconf 91' lang='lat' dir='ltr'>et</span> <span class='ocrx_word' id='word_1_15' title='bbox 1172 495 1223 545; x_wconf 87' lang='lat' dir='ltr'>ius·</span> 
     </span>
     <span class='ocr_line' id='line_1_4' title="bbox 57 574 1220 640; baseline -0.002 -14"><span class='ocrx_word' id='word_1_16' title='bbox 57 587 161 626; x_wconf 87' lang='lat' dir='ltr'>serunt</span> <span class='ocrx_word' id='word_1_17' title='bbox 179 577 217 625; x_wconf 88' lang='lat' dir='ltr'>illi</span> <span class='ocrx_word' id='word_1_18' title='bbox 237 577 367 640; x_wconf 83' lang='lat' dir='ltr'>respicere</span> <span class='ocrx_word' id='word_1_19' title='bbox 383 592 492 627; x_wconf 86' lang='lat' dir='ltr'>sursum.</span> <span class='ocrx_word' id='word_1_20' title='bbox 529 577 563 626; x_wconf 89' lang='lat' dir='ltr'>Et</span> <span class='ocrx_word' id='word_1_21' title='bbox 578 576 642 626; x_wconf 90' lang='lat' dir='ltr'>uidit</span> <span class='ocrx_word' id='word_1_22' title='bbox 658 577 741 625; x_wconf 90' lang='lat' dir='ltr'>celum</span> <span class='ocrx_word' id='word_1_23' title='bbox 759 575 841 625; x_wconf 88' lang='lat' dir='ltr'>simile</span> <span class='ocrx_word' id='word_1_24' title='bbox 863 591 927 626; x_wconf 86' lang='lat' dir='ltr'>auro</span> <span class='ocrx_word' id='word_1_25' title='bbox 946 576 972 624; x_wconf 91' lang='lat' dir='ltr'>in</span> <span class='ocrx_word' id='word_1_26' title='bbox 991 574 1095 624; x_wconf 82' lang='lat' dir='ltr'>fornace</span> <span class='ocrx_word' id='word_1_27' title='bbox 1112 575 1220 624; x_wconf 78' lang='lat' dir='ltr'><strong>ardenti.</strong></span> 
     </span>
     <span class='ocr_line' id='line_1_5' title="bbox 59 652 1223 718; baseline -0.003 -14"><span class='ocrx_word' id='word_1_28' title='bbox 59 655 206 704; x_wconf 83' lang='lat' dir='ltr'>Dixernnt</span> <span class='ocrx_word' id='word_1_29' title='bbox 221 655 351 718; x_wconf 90' lang='lat' dir='ltr'>episcopi:</span> <span class='ocrx_word' id='word_1_30' title='bbox 372 654 449 704; x_wconf 86' lang='lat' dir='ltr'>‘Hoc</span> <span class='ocrx_word' id='word_1_31' title='bbox 465 656 534 718; x_wconf 91' lang='lat' dir='ltr'>quod</span> <span class='ocrx_word' id='word_1_32' title='bbox 552 670 620 704; x_wconf 91' lang='lat' dir='ltr'>nunc</span> <span class='ocrx_word' id='word_1_33' title='bbox 637 655 720 714; x_wconf 91' lang='lat' dir='ltr'>uides,</span> <span class='ocrx_word' id='word_1_34' title='bbox 737 661 777 703; x_wconf 88' lang='lat' dir='ltr'>est</span> <span class='ocrx_word' id='word_1_35' title='bbox 792 655 911 704; x_wconf 85' lang='lat' dir='ltr'>introitus</span> <span class='ocrx_word' id='word_1_36' title='bbox 925 653 973 703; x_wconf 89' lang='lat' dir='ltr'>celi</span> <span class='ocrx_word' id='word_1_37' title='bbox 989 659 1016 702; x_wconf 89' lang='lat' dir='ltr'>et</span> <span class='ocrx_word' id='word_1_38' title='bbox 1032 660 1106 716; x_wconf 86' lang='lat' dir='ltr'>porta</span> <span class='ocrx_word' id='word_1_39' title='bbox 1119 652 1223 702; x_wconf 84' lang='lat' dir='ltr'>celestis</span> 
     </span>
     <span class='ocr_line' id='line_1_6' title="bbox 59 731 1224 796; baseline -0.003 -14"><span class='ocrx_word' id='word_1_40' title='bbox 59 733 202 796; x_wconf 77' lang='lat' dir='ltr'>paradisi3</span> <span class='ocrx_word' id='word_1_41' title='bbox 218 735 321 795; x_wconf 89' lang='lat' dir='ltr'>quando</span> <span class='ocrx_word' id='word_1_42' title='bbox 336 733 415 796; x_wconf 85' lang='lat' dir='ltr'>aliqui</span> <span class='ocrx_word' id='word_1_43' title='bbox 431 749 448 782; x_wconf 89' lang='lat' dir='ltr'>a</span> <span class='ocrx_word' id='word_1_44' title='bbox 463 733 539 782; x_wconf 87' lang='lat' dir='ltr'>uobis</span> <span class='ocrx_word' id='word_1_45' title='bbox 556 734 698 793; x_wconf 90' lang='lat' dir='ltr'>discedunt,</span> <span class='ocrx_word' id='word_1_46' title='bbox 709 733 751 782; x_wconf 88' lang='lat' dir='ltr'>bic</span> <span class='ocrx_word' id='word_1_47' title='bbox 766 733 793 782; x_wconf 88' lang='lat' dir='ltr'>in</span> <span class='ocrx_word' id='word_1_48' title='bbox 810 731 894 781; x_wconf 89' lang='lat' dir='ltr'>celum</span> <span class='ocrx_word' id='word_1_49' title='bbox 909 732 1059 782; x_wconf 86' lang='lat' dir='ltr'>ascendunt.</span> <span class='ocrx_word' id='word_1_50' title='bbox 1095 731 1224 792; x_wconf 75' lang='lat' dir='ltr'>Quamdiu</span> 
     </span>
     <span class='ocr_line' id='line_1_7' title="bbox 57 807 1252 874; baseline -0.003 -14"><span class='ocrx_word' id='word_1_51' title='bbox 57 820 157 860; x_wconf 88' lang='lat' dir='ltr'>autem</span> <span class='ocrx_word' id='word_1_52' title='bbox 178 810 222 860; x_wconf 92' lang='lat' dir='ltr'>hic</span> <span class='ocrx_word' id='word_1_53' title='bbox 243 812 408 873; x_wconf 86' lang='lat' dir='ltr'>manebimus,</span> <span class='ocrx_word' id='word_1_54' title='bbox 428 813 521 860; x_wconf 81' lang='lat' dir='ltr'>cotidie</span> <span class='ocrx_word' id='word_1_55' title='bbox 539 812 620 874; x_wconf 81' lang='lat' dir='ltr'>pascit</span> <span class='ocrx_word' id='word_1_56' title='bbox 639 827 688 860; x_wconf 85' lang='lat' dir='ltr'>nos</span> <span class='ocrx_word' id='word_1_57' title='bbox 709 811 790 860; x_wconf 88' lang='lat' dir='ltr'>semel</span> <span class='ocrx_word' id='word_1_58' title='bbox 810 810 868 859; x_wconf 90' lang='lat' dir='ltr'>cibo</span> <span class='ocrx_word' id='word_1_59' title='bbox 888 810 977 859; x_wconf 76' lang='lat' dir='ltr'>celesti</span> <span class='ocrx_word' id='word_1_60' title='bbox 999 807 1133 859; x_wconf 70' lang='lat' dir='ltr'>dominus!</span> <span class='ocrx_word' id='word_1_61' title='bbox 1172 807 1252 872; x_wconf 80' lang='lat' dir='ltr'>Vix5</span> 
     </span>
     <span class='ocr_line' id='line_1_8' title="bbox 58 886 1222 951; baseline -0.002 -13"><span class='ocrx_word' id='word_1_62' title='bbox 58 904 221 938; x_wconf 88' lang='lat' dir='ltr'>sermonem</span> <span class='ocrx_word' id='word_1_63' title='bbox 240 888 340 938; x_wconf 85' lang='lat' dir='ltr'>finierat</span> <span class='ocrx_word' id='word_1_64' title='bbox 357 897 384 938; x_wconf 90' lang='lat' dir='ltr'>et</span> <span class='ocrx_word' id='word_1_65' title='bbox 400 904 461 938; x_wconf 91' lang='lat' dir='ltr'>ecce</span> <span class='ocrx_word' id='word_1_66' title='bbox 478 889 579 938; x_wconf 79' lang='lat' dir='ltr'>flemma</span> <span class='ocrx_word' id='word_1_67' title='bbox 596 889 662 951; x_wconf 84' lang='lat' dir='ltr'>ignis</span> <span class='ocrx_word' id='word_1_68' title='bbox 679 889 713 938; x_wconf 92' lang='lat' dir='ltr'>de</span> <span class='ocrx_word' id='word_1_69' title='bbox 729 889 786 937; x_wconf 90' lang='lat' dir='ltr'>celo</span> <span class='ocrx_word' id='word_1_70' title='bbox 804 889 947 947; x_wconf 89' lang='lat' dir='ltr'>descendit,</span> <span class='ocrx_word' id='word_1_71' title='bbox 964 903 1024 950; x_wconf 89' lang='lat' dir='ltr'>que,</span> <span class='ocrx_word' id='word_1_72' title='bbox 1043 896 1071 936; x_wconf 92' lang='lat' dir='ltr'>ut</span> <span class='ocrx_word' id='word_1_73' title='bbox 1087 886 1136 936; x_wconf 93' lang='lat' dir='ltr'>sibi</span> <span class='ocrx_word' id='word_1_74' title='bbox 1153 886 1222 936; x_wconf 90' lang='lat' dir='ltr'>uide·</span> 
     </span>
     <span class='ocr_line' id='line_1_9' title="bbox 59 965 1223 1029; baseline -0.003 -13"><span class='ocrx_word' id='word_1_75' title='bbox 59 967 154 1026; x_wconf 85' lang='lat' dir='ltr'>batur,</span> <span class='ocrx_word' id='word_1_76' title='bbox 178 967 288 1028; x_wconf 87' lang='lat' dir='ltr'>patriam</span> <span class='ocrx_word' id='word_1_77' title='bbox 310 967 443 1029; x_wconf 87' lang='lat' dir='ltr'>cooperuit</span> <span class='ocrx_word' id='word_1_78' title='bbox 466 973 492 1016; x_wconf 93' lang='lat' dir='ltr'>et</span> <span class='ocrx_word' id='word_1_79' title='bbox 514 967 588 1028; x_wconf 87' lang='lat' dir='ltr'>quasi</span> <span class='ocrx_word' id='word_1_80' title='bbox 610 982 658 1029; x_wconf 90' lang='lat' dir='ltr'>per</span> <span class='ocrx_word' id='word_1_81' title='bbox 679 967 765 1016; x_wconf 85' lang='lat' dir='ltr'>radios</span> <span class='ocrx_word' id='word_1_82' title='bbox 789 981 869 1028; x_wconf 87' lang='lat' dir='ltr'>super</span> <span class='ocrx_word' id='word_1_83' title='bbox 890 965 1048 1027; x_wconf 83' lang='lat' dir='ltr'>singulorum</span> <span class='ocrx_word' id='word_1_84' title='bbox 1072 965 1157 1027; x_wconf 82' lang='lat' dir='ltr'>capita</span> <span class='ocrx_word' id='word_1_85' title='bbox 1179 965 1223 1013; x_wconf 91' lang='lat' dir='ltr'>de·</span> 
     </span>
     <span class='ocr_line' id='line_1_10' title="bbox 58 1043 1224 1107; baseline -0.003 -13"><span class='ocrx_word' id='word_1_86' title='bbox 58 1045 211 1102; x_wconf 87' lang='lat' dir='ltr'>scendens,</span> <span class='ocrx_word' id='word_1_87' title='bbox 223 1046 327 1094; x_wconf 84' lang='lat' dir='ltr'>tandem</span> <span class='ocrx_word' id='word_1_88' title='bbox 344 1045 371 1093; x_wconf 90' lang='lat' dir='ltr'>in</span> <span class='ocrx_word' id='word_1_89' title='bbox 389 1045 426 1094; x_wconf 85' lang='lat' dir='ltr'>eis</span> <span class='ocrx_word' id='word_1_90' title='bbox 440 1052 494 1094; x_wconf 81' lang='lat' dir='ltr'>tota</span> <span class='ocrx_word' id='word_1_91' title='bbox 510 1045 622 1094; x_wconf 86' lang='lat' dir='ltr'>intrauit.</span> <span class='ocrx_word' id='word_1_92' title='bbox 656 1044 742 1107; x_wconf 85' lang='lat' dir='ltr'>Super</span> <span class='ocrx_word' id='word_1_93' title='bbox 758 1044 845 1094; x_wconf 87' lang='lat' dir='ltr'>militis</span> <span class='ocrx_word' id='word_1_94' title='bbox 862 1050 938 1106; x_wconf 83' lang='lat' dir='ltr'>caput</span> <span class='ocrx_word' id='word_1_95' title='bbox 953 1043 1033 1092; x_wconf 86' lang='lat' dir='ltr'>eciam</span> <span class='ocrx_word' id='word_1_96' title='bbox 1048 1043 1182 1092; x_wconf 89' lang='lat' dir='ltr'>descendit</span> <span class='ocrx_word' id='word_1_97' title='bbox 1197 1049 1224 1090; x_wconf 92' lang='lat' dir='ltr'>et</span> 
     </span>
     <span class='ocr_line' id='line_1_11' title="bbox 59 1121 1225 1186; baseline -0.003 -14"><span class='ocrx_word' id='word_1_98' title='bbox 59 1125 92 1172; x_wconf 92' lang='lat' dir='ltr'>in</span> <span class='ocrx_word' id='word_1_99' title='bbox 107 1139 141 1172; x_wconf 94' lang='lat' dir='ltr'>eo</span> <span class='ocrx_word' id='word_1_100' title='bbox 153 1124 223 1172; x_wconf 90' lang='lat' dir='ltr'>sicut</span> <span class='ocrx_word' id='word_1_101' title='bbox 240 1124 266 1171; x_wconf 93' lang='lat' dir='ltr'>in</span> <span class='ocrx_word' id='word_1_102' title='bbox 282 1124 338 1172; x_wconf 89' lang='lat' dir='ltr'>aliis</span> <span class='ocrx_word' id='word_1_103' title='bbox 356 1124 468 1174; x_wconf 89' lang='lat' dir='ltr'>intrauit.</span> <span class='ocrx_word' id='word_1_104' title='bbox 501 1123 609 1172; x_wconf 74' lang='lat' dir='ltr'>Tantam</span> <span class='ocrx_word' id='word_1_105' title='bbox 625 1123 686 1172; x_wconf 93' lang='lat' dir='ltr'>inde</span> <span class='ocrx_word' id='word_1_106' title='bbox 701 1121 902 1186; x_wconf 56' lang='lat' dir='ltr'>detlectationis)</span> <span class='ocrx_word' id='word_1_107' title='bbox 917 1121 1092 1186; x_wconf 85' lang='lat' dir='ltr'>suauit(atem)</span> <span class='ocrx_word' id='word_1_108' title='bbox 1107 1121 1133 1169; x_wconf 90' lang='lat' dir='ltr'>in</span> <span class='ocrx_word' id='word_1_109' title='bbox 1147 1121 1225 1170; x_wconf 92' lang='lat' dir='ltr'>corde</span> 
     </span>
     <span class='ocr_line' id='line_1_12' title="bbox 60 1200 1270 1265; baseline -0.003 -15"><span class='ocrx_word' id='word_1_110' title='bbox 60 1211 94 1251; x_wconf 89' lang='lat' dir='ltr'>et</span> <span class='ocrx_word' id='word_1_111' title='bbox 107 1217 223 1264; x_wconf 87' lang='lat' dir='ltr'>corpore</span> <span class='ocrx_word' id='word_1_112' title='bbox 236 1201 325 1265; x_wconf 83' lang='lat' dir='ltr'>sensit,</span> <span class='ocrx_word' id='word_1_113' title='bbox 340 1209 367 1250; x_wconf 88' lang='lat' dir='ltr'>ut</span> <span class='ocrx_word' id='word_1_114' title='bbox 380 1203 459 1265; x_wconf 77' lang='lat' dir='ltr'>(pene</span> <span class='ocrx_word' id='word_1_115' title='bbox 471 1201 583 1251; x_wconf 89' lang='lat' dir='ltr'>nesciret</span> <span class='ocrx_word' id='word_1_116' title='bbox 597 1207 681 1250; x_wconf 87' lang='lat' dir='ltr'>utrum</span> <span class='ocrx_word' id='word_1_117' title='bbox 695 1201 769 1250; x_wconf 91' lang='lat' dir='ltr'>uiuus</span> <span class='ocrx_word' id='word_1_118' title='bbox 783 1211 829 1260; x_wconf 78' lang='lat' dir='ltr'>an)</span> <span class='ocrx_word' id='word_1_119' title='bbox 844 1208 960 1249; x_wconf 87' lang='lat' dir='ltr'>mortuus</span> <span class='ocrx_word' id='word_1_120' title='bbox 978 1200 1067 1250; x_wconf 84' lang='lat' dir='ltr'>suerat.</span> <span class='ocrx_word' id='word_1_121' title='bbox 1102 1200 1149 1250; x_wconf 91' lang='lat' dir='ltr'>Set</span> <span class='ocrx_word' id='word_1_122' title='bbox 1160 1200 1224 1248; x_wconf 84' lang='lat' dir='ltr'>hora</span> <span class='ocrx_word' id='word_1_123' title='bbox 1239 1212 1270 1247; x_wconf 88' lang='lat' dir='ltr'>ro</span> 
     </span>
     <span class='ocr_line' id='line_1_13' title="bbox 61 1275 1224 1342; baseline -0.002 -14"><span class='ocrx_word' id='word_1_124' title='bbox 61 1280 112 1328; x_wconf 81' lang='lat' dir='ltr'>illa</span> <span class='ocrx_word' id='word_1_125' title='bbox 137 1281 193 1328; x_wconf 88' lang='lat' dir='ltr'>cito</span> <span class='ocrx_word' id='word_1_126' title='bbox 215 1281 322 1330; x_wconf 81' lang='lat' dir='ltr'>transiit.</span> <span class='ocrx_word' id='word_1_127' title='bbox 365 1280 544 1342; x_wconf 86' lang='lat' dir='ltr'>Dixeruntque</span> <span class='ocrx_word' id='word_1_128' title='bbox 566 1279 695 1342; x_wconf 86' lang='lat' dir='ltr'>episcopi:</span> <span class='ocrx_word' id='word_1_129' title='bbox 726 1279 871 1341; x_wconf 82' lang='lat' dir='ltr'>‘Quoniam</span> <span class='ocrx_word' id='word_1_130' title='bbox 898 1294 933 1328; x_wconf 83' lang='lat' dir='ltr'>ex</span> <span class='ocrx_word' id='word_1_131' title='bbox 959 1286 1032 1340; x_wconf 87' lang='lat' dir='ltr'>parte</span> <span class='ocrx_word' id='word_1_132' title='bbox 1060 1278 1111 1328; x_wconf 85' lang='lat' dir='ltr'>iarn</span> <span class='ocrx_word' id='word_1_133' title='bbox 1138 1275 1224 1326; x_wconf 85' lang='lat' dir='ltr'>uidisti</span> 
     </span>
     <span class='ocr_line' id='line_1_14' title="bbox 61 1356 1224 1421; baseline 0.001 -15"><span class='ocrx_word' id='word_1_134' title='bbox 61 1357 190 1420; x_wconf 85' lang='lat' dir='ltr'>requiem</span> <span class='ocrx_word' id='word_1_135' title='bbox 208 1357 340 1407; x_wconf 86' lang='lat' dir='ltr'>beatorum</span> <span class='ocrx_word' id='word_1_136' title='bbox 363 1365 389 1408; x_wconf 91' lang='lat' dir='ltr'>et</span> <span class='ocrx_word' id='word_1_137' title='bbox 412 1365 540 1408; x_wconf 85' lang='lat' dir='ltr'>tormenta</span> <span class='ocrx_word' id='word_1_138' title='bbox 562 1358 694 1421; x_wconf 82' lang='lat' dir='ltr'>malorum,</span> <span class='ocrx_word' id='word_1_139' title='bbox 718 1363 821 1420; x_wconf 87' lang='lat' dir='ltr'>oportet</span> <span class='ocrx_word' id='word_1_140' title='bbox 843 1357 894 1407; x_wconf 84' lang='lat' dir='ltr'>iarn</span> <span class='ocrx_word' id='word_1_141' title='bbox 916 1365 945 1405; x_wconf 92' lang='lat' dir='ltr'>ut</span> <span class='ocrx_word' id='word_1_142' title='bbox 967 1371 1035 1406; x_wconf 91' lang='lat' dir='ltr'>nunc</span> <span class='ocrx_word' id='word_1_143' title='bbox 1055 1357 1154 1406; x_wconf 89' lang='lat' dir='ltr'>redeas.</span> <span class='ocrx_word' id='word_1_144' title='bbox 1188 1356 1224 1408; x_wconf 83' lang='lat' dir='ltr'>At</span> 
     </span>
     <span class='ocr_line' id='line_1_15' title="bbox 60 1435 1224 1500; baseline 0 -16"><span class='ocrx_word' id='word_1_145' title='bbox 60 1438 89 1485; x_wconf 88' lang='lat' dir='ltr'>si</span> <span class='ocrx_word' id='word_1_146' title='bbox 114 1437 187 1485; x_wconf 88' lang='lat' dir='ltr'>bene</span> <span class='ocrx_word' id='word_1_147' title='bbox 209 1438 303 1486; x_wconf 86' lang='lat' dir='ltr'>amodo</span> <span class='ocrx_word' id='word_1_148' title='bbox 324 1437 427 1498; x_wconf 82' lang='lat' dir='ltr'>uixeris,</span> <span class='ocrx_word' id='word_1_149' title='bbox 447 1439 480 1487; x_wconf 81' lang='lat' dir='ltr'>ad</span> <span class='ocrx_word' id='word_1_150' title='bbox 502 1452 551 1488; x_wconf 90' lang='lat' dir='ltr'>nos</span> <span class='ocrx_word' id='word_1_151' title='bbox 571 1443 631 1500; x_wconf 90' lang='lat' dir='ltr'>post</span> <span class='ocrx_word' id='word_1_152' title='bbox 649 1443 759 1486; x_wconf 88' lang='lat' dir='ltr'>mortem</span> <span class='ocrx_word' id='word_1_153' title='bbox 779 1435 934 1494; x_wconf 77' lang='lat' dir='ltr'>reuerteris3</span> <span class='ocrx_word' id='word_1_154' title='bbox 957 1436 997 1484; x_wconf 88' lang='lat' dir='ltr'>sin</span> <span class='ocrx_word' id='word_1_155' title='bbox 1017 1444 1111 1498; x_wconf 85' lang='lat' dir='ltr'>autern,</span> <span class='ocrx_word' id='word_1_156' title='bbox 1136 1435 1224 1484; x_wconf 91' lang='lat' dir='ltr'>uidisti</span> 
     </span>
     <span class='ocr_line' id='line_1_16' title="bbox 61 1511 1225 1578; baseline 0 -14"><span class='ocrx_word' id='word_1_157' title='bbox 61 1523 168 1578; x_wconf 86' lang='lat' dir='ltr'>quanta</span> <span class='ocrx_word' id='word_1_158' title='bbox 180 1522 208 1563; x_wconf 94' lang='lat' dir='ltr'>te</span> <span class='ocrx_word' id='word_1_159' title='bbox 218 1523 357 1578; x_wconf 84' lang='lat' dir='ltr'>expectent</span> <span class='ocrx_word' id='word_1_160' title='bbox 369 1523 504 1566; x_wconf 85' lang='lat' dir='ltr'>tormenta.</span> <span class='ocrx_word' id='word_1_161' title='bbox 539 1515 569 1564; x_wconf 92' lang='lat' dir='ltr'>ln</span> <span class='ocrx_word' id='word_1_162' title='bbox 587 1515 671 1565; x_wconf 88' lang='lat' dir='ltr'>reditu</span> <span class='ocrx_word' id='word_1_163' title='bbox 689 1521 733 1564; x_wconf 92' lang='lat' dir='ltr'>tuo</span> <span class='ocrx_word' id='word_1_164' title='bbox 745 1515 870 1563; x_wconf 84' lang='lat' dir='ltr'>demones</span> <span class='ocrx_word' id='word_1_165' title='bbox 884 1529 1044 1577; x_wconf 84' lang='lat' dir='ltr'>nequaquam</span> <span class='ocrx_word' id='word_1_166' title='bbox 1060 1511 1225 1564; x_wconf 62' lang='lat' dir='ltr'>formidabis)</span> 
     </span>
     <span class='ocr_line' id='line_1_17' title="bbox 63 1593 1268 1662; baseline 0.003 -20"><span class='ocrx_word' id='word_1_167' title='bbox 63 1593 142 1642; x_wconf 88' lang='lat' dir='ltr'>Hinc</span> <span class='ocrx_word' id='word_1_168' title='bbox 166 1593 243 1642; x_wconf 86' lang='lat' dir='ltr'>miles</span> <span class='ocrx_word' id='word_1_169' title='bbox 264 1594 365 1656; x_wconf 77' lang='lat' dir='ltr'>lugens,</span> <span class='ocrx_word' id='word_1_170' title='bbox 383 1594 543 1654; x_wconf 87' lang='lat' dir='ltr'>‘Decedere,</span> <span class='ocrx_word' id='word_1_171' title='bbox 564 1594 610 1656; x_wconf 90' lang='lat' dir='ltr'>ait,</span> <span class='ocrx_word' id='word_1_172' title='bbox 629 1609 682 1642; x_wconf 91' lang='lat' dir='ltr'>non</span> <span class='ocrx_word' id='word_1_173' title='bbox 702 1601 802 1656; x_wconf 90' lang='lat' dir='ltr'>potero,</span> <span class='ocrx_word' id='word_1_174' title='bbox 823 1609 857 1642; x_wconf 92' lang='lat' dir='ltr'>ne</span> <span class='ocrx_word' id='word_1_175' title='bbox 878 1608 926 1656; x_wconf 92' lang='lat' dir='ltr'>per</span> <span class='ocrx_word' id='word_1_176' title='bbox 946 1593 1108 1655; x_wconf 79' lang='lat' dir='ltr'>fragilitatem</span> <span class='ocrx_word' id='word_1_177' title='bbox 1127 1593 1223 1655; x_wconf 87' lang='lat' dir='ltr'>aliquid</span> <span class='ocrx_word' id='word_1_178' title='bbox 1239 1610 1268 1662; x_wconf 85' lang='lat'>15</span> 
     </span>
     <span class='ocr_line' id='line_1_18' title="bbox 62 1669 1223 1735; baseline 0.001 -16"><span class='ocrx_word' id='word_1_179' title='bbox 62 1672 207 1720; x_wconf 83' lang='lat' dir='ltr'>admittam</span> <span class='ocrx_word' id='word_1_180' title='bbox 223 1672 292 1734; x_wconf 91' lang='lat' dir='ltr'>quod</span> <span class='ocrx_word' id='word_1_181' title='bbox 309 1673 433 1735; x_wconf 88' lang='lat' dir='ltr'>impedire</span> <span class='ocrx_word' id='word_1_182' title='bbox 450 1673 535 1722; x_wconf 84' lang='lat' dir='ltr'>ualeat</span> <span class='ocrx_word' id='word_1_183' title='bbox 550 1672 600 1721; x_wconf 91' lang='lat' dir='ltr'>huc</span> <span class='ocrx_word' id='word_1_184' title='bbox 618 1669 780 1734; x_wconf 82' lang='lat' dir='ltr'>ingressum&#39;</span> <span class='ocrx_word' id='word_1_185' title='bbox 814 1671 891 1720; x_wconf 83' lang='lat' dir='ltr'>‘Non</span> <span class='ocrx_word' id='word_1_186' title='bbox 908 1671 976 1720; x_wconf 91' lang='lat' dir='ltr'>sicut</span> <span class='ocrx_word' id='word_1_187' title='bbox 992 1678 1020 1720; x_wconf 90' lang='lat' dir='ltr'>tu</span> <span class='ocrx_word' id='word_1_188' title='bbox 1037 1672 1084 1730; x_wconf 88' lang='lat' dir='ltr'>uis,</span> <span class='ocrx_word' id='word_1_189' title='bbox 1096 1672 1223 1733; x_wconf 90' lang='lat' dir='ltr'>inquiunt,</span> 
     </span>
     <span class='ocr_line' id='line_1_19' title="bbox 62 1747 1223 1812; baseline 0.002 -15"><span class='ocrx_word' id='word_1_190' title='bbox 62 1750 128 1805; x_wconf 88' lang='lat' dir='ltr'>en&#39;t,</span> <span class='ocrx_word' id='word_1_191' title='bbox 140 1755 184 1797; x_wconf 89' lang='lat' dir='ltr'>set</span> <span class='ocrx_word' id='word_1_192' title='bbox 195 1749 263 1798; x_wconf 91' lang='lat' dir='ltr'>sicut</span> <span class='ocrx_word' id='word_1_193' title='bbox 279 1749 324 1799; x_wconf 88' lang='lat' dir='ltr'>iile</span> <span class='ocrx_word' id='word_1_194' title='bbox 340 1750 383 1812; x_wconf 92' lang='lat' dir='ltr'>qui</span> <span class='ocrx_word' id='word_1_195' title='bbox 400 1758 428 1799; x_wconf 91' lang='lat' dir='ltr'>et</span> <span class='ocrx_word' id='word_1_196' title='bbox 442 1766 491 1800; x_wconf 89' lang='lat' dir='ltr'>nos</span> <span class='ocrx_word' id='word_1_197' title='bbox 506 1757 534 1799; x_wconf 91' lang='lat' dir='ltr'>et</span> <span class='ocrx_word' id='word_1_198' title='bbox 549 1757 575 1800; x_wconf 91' lang='lat' dir='ltr'>te</span> <span class='ocrx_word' id='word_1_199' title='bbox 589 1749 650 1799; x_wconf 86' lang='lat' dir='ltr'>iecit</span> <span class='ocrx_word' id='word_1_200' title='bbox 665 1747 793 1798; x_wconf 61' lang='lat' dir='ltr'>uoluerit?</span> <span class='ocrx_word' id='word_1_201' title='bbox 827 1748 931 1798; x_wconf 71' lang='lat' dir='ltr'>Herem</span> <span class='ocrx_word' id='word_1_202' title='bbox 948 1749 1026 1811; x_wconf 73' lang='lat' dir='ltr'>igitur</span> <span class='ocrx_word' id='word_1_203' title='bbox 1039 1757 1066 1798; x_wconf 96' lang='lat' dir='ltr'>et</span> <span class='ocrx_word' id='word_1_204' title='bbox 1082 1749 1173 1811; x_wconf 85' lang='lat' dir='ltr'>lugens</span> <span class='ocrx_word' id='word_1_205' title='bbox 1189 1751 1223 1799; x_wconf 86' lang='lat' dir='ltr'>ad</span> 
     </span>
     <span class='ocr_line' id='line_1_20' title="bbox 64 1827 1223 1890; baseline 0.002 -14"><span class='ocrx_word' id='word_1_206' title='bbox 64 1835 175 1889; x_wconf 84' lang='lat' dir='ltr'>portam</span> <span class='ocrx_word' id='word_1_207' title='bbox 194 1827 332 1887; x_wconf 85' lang='lat' dir='ltr'>reducitur,</span> <span class='ocrx_word' id='word_1_208' title='bbox 350 1835 376 1877; x_wconf 90' lang='lat' dir='ltr'>et</span> <span class='ocrx_word' id='word_1_209' title='bbox 394 1827 452 1890; x_wconf 88' lang='lat' dir='ltr'>ipso</span> <span class='ocrx_word' id='word_1_210' title='bbox 472 1843 587 1890; x_wconf 74' lang='lat' dir='ltr'>egresso,</span> <span class='ocrx_word' id='word_1_211' title='bbox 604 1828 688 1878; x_wconf 88' lang='lat' dir='ltr'>statim</span> <span class='ocrx_word' id='word_1_212' title='bbox 711 1835 770 1890; x_wconf 88' lang='lat' dir='ltr'>post</span> <span class='ocrx_word' id='word_1_213' title='bbox 788 1842 847 1876; x_wconf 84' lang='lat' dir='ltr'>euin</span> <span class='ocrx_word' id='word_1_214' title='bbox 865 1827 1004 1876; x_wconf 74' lang='lat' dir='ltr'>clauditur:</span> <span class='ocrx_word' id='word_1_215' title='bbox 1027 1827 1116 1890; x_wconf 84' lang='lat' dir='ltr'>sicque</span> <span class='ocrx_word' id='word_1_216' title='bbox 1138 1828 1223 1890; x_wconf 89' lang='lat' dir='ltr'>rediit,</span> 
     </span>
     <span class='ocr_line' id='line_1_21' title="bbox 63 1903 1223 1969; baseline 0 -14"><span class='ocrx_word' id='word_1_217' title='bbox 63 1913 93 1955; x_wconf 90' lang='lat' dir='ltr'>et</span> <span class='ocrx_word' id='word_1_218' title='bbox 111 1905 148 1953; x_wconf 84' lang='lat' dir='ltr'>ad</span> <span class='ocrx_word' id='word_1_219' title='bbox 165 1905 249 1954; x_wconf 84' lang='lat' dir='ltr'>auiam</span> <span class='ocrx_word' id='word_1_220' title='bbox 268 1907 407 1968; x_wconf 84' lang='lat' dir='ltr'>predictam</span> <span class='ocrx_word' id='word_1_221' title='bbox 425 1906 552 1969; x_wconf 85' lang='lat' dir='ltr'>peruenit.</span> <span class='ocrx_word' id='word_1_222' title='bbox 594 1906 727 1955; x_wconf 86' lang='lat' dir='ltr'>Demones</span> <span class='ocrx_word' id='word_1_223' title='bbox 744 1905 775 1954; x_wconf 85' lang='lat' dir='ltr'>ab</span> <span class='ocrx_word' id='word_1_224' title='bbox 793 1920 825 1954; x_wconf 91' lang='lat' dir='ltr'>eo</span> <span class='ocrx_word' id='word_1_225' title='bbox 843 1906 964 1955; x_wconf 86' lang='lat' dir='ltr'>timentes</span> <span class='ocrx_word' id='word_1_226' title='bbox 980 1903 1109 1966; x_wconf 77' lang='lat' dir='ltr'>sugerunt,</span> <span class='ocrx_word' id='word_1_227' title='bbox 1127 1912 1154 1954; x_wconf 88' lang='lat' dir='ltr'>et</span> <span class='ocrx_word' id='word_1_228' title='bbox 1171 1913 1223 1956; x_wconf 91' lang='lat' dir='ltr'>tor-</span> 
     </span>
     <span class='ocr_line' id='line_1_22' title="bbox 64 1983 1269 2047; baseline 0.003 -15"><span class='ocrx_word' id='word_1_229' title='bbox 64 1991 160 2032; x_wconf 87' lang='lat' dir='ltr'>menta</span> <span class='ocrx_word' id='word_1_230' title='bbox 171 1983 209 2031; x_wconf 90' lang='lat' dir='ltr'>illi</span> <span class='ocrx_word' id='word_1_231' title='bbox 221 1999 275 2032; x_wconf 89' lang='lat' dir='ltr'>non</span> <span class='ocrx_word' id='word_1_232' title='bbox 286 1993 436 2034; x_wconf 88' lang='lat' dir='ltr'>nocuerunt.</span> <span class='ocrx_word' id='word_1_233' title='bbox 470 1983 623 2046; x_wconf 85' lang='lat' dir='ltr'>Quindecim</span> <span class='ocrx_word' id='word_1_234' title='bbox 635 1999 697 2033; x_wconf 87' lang='lat' dir='ltr'>uero</span> <span class='ocrx_word' id='word_1_235' title='bbox 708 1983 816 2047; x_wconf 85' lang='lat' dir='ltr'>predicti</span> <span class='ocrx_word' id='word_1_236' title='bbox 828 1983 876 2032; x_wconf 91' lang='lat' dir='ltr'>uiri</span> <span class='ocrx_word' id='word_1_237' title='bbox 887 1983 920 2032; x_wconf 91' lang='lat' dir='ltr'>de</span> <span class='ocrx_word' id='word_1_238' title='bbox 931 1999 978 2032; x_wconf 88' lang='lat' dir='ltr'>sua</span> <span class='ocrx_word' id='word_1_239' title='bbox 989 1983 1137 2033; x_wconf 77' lang='lat' dir='ltr'>constancia</span> <span class='ocrx_word' id='word_1_240' title='bbox 1146 1985 1223 2034; x_wconf 89' lang='lat' dir='ltr'>deum</span> <span class='ocrx_word' id='word_1_241' title='bbox 1239 2002 1269 2039; x_wconf 81' lang='lat' dir='ltr'>ro</span> 
     </span>
     <span class='ocr_line' id='line_1_23' title="bbox 62 2061 1222 2126; baseline 0.003 -16"><span class='ocrx_word' id='word_1_242' title='bbox 62 2063 210 2110; x_wconf 72' lang='lat' dir='ltr'>laudantes</span> <span class='ocrx_word' id='word_1_243' title='bbox 228 2062 362 2114; x_wconf 88' lang='lat' dir='ltr'>dixerunt:</span> <span class='ocrx_word' id='word_1_244' title='bbox 387 2063 457 2112; x_wconf 88' lang='lat' dir='ltr'>‘Per</span> <span class='ocrx_word' id='word_1_245' title='bbox 473 2063 587 2112; x_wconf 80' lang='lat' dir='ltr'>laborem</span> <span class='ocrx_word' id='word_1_246' title='bbox 607 2078 683 2125; x_wconf 86' lang='lat' dir='ltr'>quem</span> <span class='ocrx_word' id='word_1_247' title='bbox 699 2062 852 2121; x_wconf 84' lang='lat' dir='ltr'>sustinuisti,</span> <span class='ocrx_word' id='word_1_248' title='bbox 870 2077 886 2110; x_wconf 90' lang='lat' dir='ltr'>a</span> <span class='ocrx_word' id='word_1_249' title='bbox 908 2061 1020 2124; x_wconf 82' lang='lat' dir='ltr'>peccatis</span> <span class='ocrx_word' id='word_1_250' title='bbox 1043 2077 1072 2111; x_wconf 87' lang='lat' dir='ltr'>es</span> <span class='ocrx_word' id='word_1_251' title='bbox 1092 2069 1222 2126; x_wconf 78' lang='lat' dir='ltr'>purgatus.</span> 
     </span>
     <span class='ocr_line' id='line_1_24' title="bbox 66 2140 1223 2204; baseline 0 -14"><span class='ocrx_word' id='word_1_252' title='bbox 66 2140 128 2190; x_wconf 86' lang='lat' dir='ltr'>lam</span> <span class='ocrx_word' id='word_1_253' title='bbox 146 2155 209 2189; x_wconf 91' lang='lat' dir='ltr'>ecce</span> <span class='ocrx_word' id='word_1_254' title='bbox 227 2140 310 2190; x_wconf 90' lang='lat' dir='ltr'>intua</span> <span class='ocrx_word' id='word_1_255' title='bbox 327 2140 410 2204; x_wconf 87' lang='lat' dir='ltr'>patria</span> <span class='ocrx_word' id='word_1_256' title='bbox 425 2142 489 2191; x_wconf 91' lang='lat' dir='ltr'>lucis</span> <span class='ocrx_word' id='word_1_257' title='bbox 500 2141 619 2191; x_wconf 88' lang='lat' dir='ltr'>clarescit</span> <span class='ocrx_word' id='word_1_258' title='bbox 634 2157 740 2192; x_wconf 79' lang='lat' dir='ltr'>eurora:</span> <span class='ocrx_word' id='word_1_259' title='bbox 761 2147 789 2190; x_wconf 89' lang='lat' dir='ltr'>et</span> <span class='ocrx_word' id='word_1_260' title='bbox 804 2141 854 2190; x_wconf 91' lang='lat' dir='ltr'>nisi</span> <span class='ocrx_word' id='word_1_261' title='bbox 868 2140 940 2203; x_wconf 90' lang='lat' dir='ltr'>prior</span> <span class='ocrx_word' id='word_1_262' title='bbox 953 2147 1054 2203; x_wconf 87' lang='lat' dir='ltr'>portam</span> <span class='ocrx_word' id='word_1_263' title='bbox 1065 2141 1185 2204; x_wconf 74' lang='lat' dir='ltr'>aperiens</span> <span class='ocrx_word' id='word_1_264' title='bbox 1196 2147 1223 2190; x_wconf 91' lang='lat' dir='ltr'>te</span> 
     </span>
     <span class='ocr_line' id='line_1_25' title="bbox 65 2217 1223 2282; baseline 0.003 -16"><span class='ocrx_word' id='word_1_265' title='bbox 65 2218 212 2275; x_wconf 85' lang='lat' dir='ltr'>inuenerit,</span> <span class='ocrx_word' id='word_1_266' title='bbox 224 2219 257 2268; x_wconf 91' lang='lat' dir='ltr'>de</span> <span class='ocrx_word' id='word_1_267' title='bbox 269 2219 353 2268; x_wconf 91' lang='lat' dir='ltr'>reditu</span> <span class='ocrx_word' id='word_1_268' title='bbox 363 2227 408 2270; x_wconf 86' lang='lat' dir='ltr'>tuo</span> <span class='ocrx_word' id='word_1_269' title='bbox 418 2221 484 2271; x_wconf 90' lang='lat' dir='ltr'>ultra</span> <span class='ocrx_word' id='word_1_270' title='bbox 494 2221 622 2279; x_wconf 88' lang='lat' dir='ltr'>diffidens,</span> <span class='ocrx_word' id='word_1_271' title='bbox 634 2220 766 2269; x_wconf 89' lang='lat' dir='ltr'>obserrata</span> <span class='ocrx_word' id='word_1_272' title='bbox 773 2225 849 2282; x_wconf 80' lang='lat' dir='ltr'>porta</span> <span class='ocrx_word' id='word_1_273' title='bbox 860 2217 967 2268; x_wconf 80' lang='lat' dir='ltr'>redibit’</span> <span class='ocrx_word' id='word_1_274' title='bbox 1001 2219 1126 2282; x_wconf 86' lang='lat' dir='ltr'>Percepta</span> <span class='ocrx_word' id='word_1_275' title='bbox 1137 2228 1223 2269; x_wconf 86' lang='lat' dir='ltr'>autem</span> 
     </span>
     <span class='ocr_line' id='line_1_26' title="bbox 63 2296 1223 2361; baseline 0.002 -15"><span class='ocrx_word' id='word_1_276' title='bbox 63 2297 102 2346; x_wconf 82' lang='lat' dir='ltr'>ab</span> <span class='ocrx_word' id='word_1_277' title='bbox 119 2298 160 2345; x_wconf 85' lang='lat' dir='ltr'>eis</span> <span class='ocrx_word' id='word_1_278' title='bbox 176 2296 366 2358; x_wconf 89' lang='lat' dir='ltr'>benedictione,</span> <span class='ocrx_word' id='word_1_279' title='bbox 384 2300 473 2348; x_wconf 85' lang='lat' dir='ltr'>eadem</span> <span class='ocrx_word' id='word_1_280' title='bbox 490 2299 555 2348; x_wconf 89' lang='lat' dir='ltr'>hora</span> <span class='ocrx_word' id='word_1_281' title='bbox 571 2313 622 2360; x_wconf 85' lang='lat' dir='ltr'>qua</span> <span class='ocrx_word' id='word_1_282' title='bbox 638 2305 739 2361; x_wconf 85' lang='lat' dir='ltr'>portam</span> <span class='ocrx_word' id='word_1_283' title='bbox 754 2298 826 2360; x_wconf 85' lang='lat' dir='ltr'>prior</span> <span class='ocrx_word' id='word_1_284' title='bbox 840 2298 940 2359; x_wconf 84' lang='lat' dir='ltr'>aperuit</span> <span class='ocrx_word' id='word_1_285' title='bbox 957 2297 1031 2348; x_wconf 89' lang='lat' dir='ltr'>rniles</span> <span class='ocrx_word' id='word_1_286' title='bbox 1047 2299 1179 2361; x_wconf 59' lang='lat' dir='ltr'>appendu</span> <span class='ocrx_word' id='word_1_287' title='bbox 1197 2305 1223 2348; x_wconf 95' lang='lat' dir='ltr'>et</span> 
     </span>
     <span class='ocr_line' id='line_1_27' title="bbox 64 2375 1267 2444; baseline 0.002 -20"><span class='ocrx_word' id='word_1_288' title='bbox 64 2375 209 2424; x_wconf 72' lang='lat' dir='ltr'>ecclesiam</span> <span class='ocrx_word' id='word_1_289' title='bbox 227 2375 334 2436; x_wconf 87' lang='lat' dir='ltr'>intrans,</span> <span class='ocrx_word' id='word_1_290' title='bbox 346 2376 491 2440; x_wconf 91' lang='lat' dir='ltr'>quindecim</span> <span class='ocrx_word' id='word_1_291' title='bbox 509 2377 598 2426; x_wconf 86' lang='lat' dir='ltr'>diebus</span> <span class='ocrx_word' id='word_1_292' title='bbox 616 2377 643 2426; x_wconf 91' lang='lat' dir='ltr'>in</span> <span class='ocrx_word' id='word_1_293' title='bbox 659 2376 781 2426; x_wconf 90' lang='lat' dir='ltr'>oracione</span> <span class='ocrx_word' id='word_1_294' title='bbox 798 2376 947 2438; x_wconf 84' lang='lat' dir='ltr'>permansit.</span> <span class='ocrx_word' id='word_1_295' title='bbox 988 2376 1021 2426; x_wconf 88' lang='lat' dir='ltr'>Et</span> <span class='ocrx_word' id='word_1_296' title='bbox 1037 2384 1097 2440; x_wconf 88' lang='lat' dir='ltr'>post</span> <span class='ocrx_word' id='word_1_297' title='bbox 1113 2376 1162 2426; x_wconf 87' lang='lat' dir='ltr'>hec</span> <span class='ocrx_word' id='word_1_298' title='bbox 1179 2377 1223 2426; x_wconf 92' lang='lat' dir='ltr'>diu</span> <span class='ocrx_word' id='word_1_299' title='bbox 1237 2391 1267 2444; x_wconf 75' lang='lat'>²5</span> 
     </span>
     <span class='ocr_line' id='line_1_28' title="bbox 66 2439 1223 2518; baseline 0.002 -16"><span class='ocrx_word' id='word_1_300' title='bbox 66 2453 174 2515; x_wconf 88' lang='lat' dir='ltr'>uiuens,</span> <span class='ocrx_word' id='word_1_301' title='bbox 188 2453 214 2502; x_wconf 91' lang='lat' dir='ltr'>in</span> <span class='ocrx_word' id='word_1_302' title='bbox 227 2453 302 2503; x_wconf 92' lang='lat' dir='ltr'>bonis</span> <span class='ocrx_word' id='word_1_303' title='bbox 313 2455 433 2517; x_wconf 87' lang='lat' dir='ltr'>operibus</span> <span class='ocrx_word' id='word_1_304' title='bbox 439 2453 524 2506; x_wconf 72' lang='lat' dir='ltr'>uitam</span> <span class='ocrx_word' id='word_1_305' title='bbox 535 2455 645 2504; x_wconf 78' lang='lat' dir='ltr'>feliciter</span> <span class='ocrx_word' id='word_1_306' title='bbox 655 2439 976 2504; x_wconf 70' lang='lat' dir='ltr'>consummante-Locus</span> <span class='ocrx_word' id='word_1_307' title='bbox 987 2463 1074 2504; x_wconf 85' lang='lat' dir='ltr'>autem</span> <span class='ocrx_word' id='word_1_308' title='bbox 1082 2455 1223 2518; x_wconf 78' lang='lat' dir='ltr'>purgatorii</span> 
     </span>
     <span class='ocr_line' id='line_1_29' title="bbox 64 2519 1223 2596; baseline 0.001 -15"><span class='ocrx_word' id='word_1_309' title='bbox 64 2531 156 2581; x_wconf 85' lang='lat' dir='ltr'>sancti</span> <span class='ocrx_word' id='word_1_310' title='bbox 173 2531 278 2582; x_wconf 89' lang='lat' dir='ltr'>Patricii</span> <span class='ocrx_word' id='word_1_311' title='bbox 291 2533 380 2595; x_wconf 77' lang='lat' dir='ltr'>Regiis</span> <span class='ocrx_word' id='word_1_312' title='bbox 397 2534 556 2585; x_wconf 82' lang='lat' dir='ltr'>nominatur:</span> <span class='ocrx_word' id='word_1_313' title='bbox 580 2540 607 2582; x_wconf 91' lang='lat' dir='ltr'>et</span> <span class='ocrx_word' id='word_1_314' title='bbox 623 2539 684 2582; x_wconf 91' lang='lat' dir='ltr'>sunt</span> <span class='ocrx_word' id='word_1_315' title='bbox 701 2533 735 2582; x_wconf 91' lang='lat' dir='ltr'>ibi</span> <span class='ocrx_word' id='word_1_316' title='bbox 752 2532 869 2582; x_wconf 86' lang='lat' dir='ltr'>canonici</span> <span class='ocrx_word' id='word_1_317' title='bbox 886 2533 1024 2596; x_wconf 80' lang='lat' dir='ltr'>regulares.</span> <span class='ocrx_word' id='word_1_318' title='bbox 1093 2519 1223 2583; x_wconf 79' lang='lat' dir='ltr'>Patricius</span> 
     </span>
     <span class='ocr_line' id='line_1_30' title="bbox 64 2610 1223 2674; baseline 0.002 -15"><span class='ocrx_word' id='word_1_319' title='bbox 64 2617 168 2670; x_wconf 86' lang='lat' dir='ltr'>autem,</span> <span class='ocrx_word' id='word_1_320' title='bbox 184 2610 260 2674; x_wconf 85' lang='lat' dir='ltr'>(sicut</span> <span class='ocrx_word' id='word_1_321' title='bbox 279 2611 351 2674; x_wconf 86' lang='lat' dir='ltr'>dicit)</span> <span class='ocrx_word' id='word_1_322' title='bbox 370 2611 490 2661; x_wconf 85' lang='lat' dir='ltr'>Giraldus</span> <span class='ocrx_word' id='word_1_323' title='bbox 508 2612 535 2660; x_wconf 89' lang='lat' dir='ltr'>ia</span> <span class='ocrx_word' id='word_1_324' title='bbox 553 2610 735 2674; x_wconf 73' lang='lat' dir='ltr'>Topographia</span> <span class='ocrx_word' id='word_1_325' title='bbox 753 2610 887 2672; x_wconf 88' lang='lat' dir='ltr'>Hibernie,</span> <span class='ocrx_word' id='word_1_326' title='bbox 904 2611 973 2660; x_wconf 91' lang='lat' dir='ltr'>inter</span> <span class='ocrx_word' id='word_1_327' title='bbox 989 2619 1076 2661; x_wconf 89' lang='lat' dir='ltr'>cetera</span> <span class='ocrx_word' id='word_1_328' title='bbox 1090 2612 1223 2674; x_wconf 82' lang='lat' dir='ltr'>signorum</span> 
     </span>
     <span class='ocr_line' id='line_1_31' title="bbox 64 2688 1224 2753; baseline 0.002 -15"><span class='ocrx_word' id='word_1_329' title='bbox 64 2703 178 2738; x_wconf 84' lang='lat' dir='ltr'>suorum</span> <span class='ocrx_word' id='word_1_330' title='bbox 195 2703 274 2751; x_wconf 78' lang='lat' dir='ltr'>opere</span> <span class='ocrx_word' id='word_1_331' title='bbox 291 2689 372 2739; x_wconf 79' lang='lat' dir='ltr'>fertur</span> <span class='ocrx_word' id='word_1_332' title='bbox 387 2697 503 2753; x_wconf 76' lang='lat' dir='ltr'>patrasse</span> <span class='ocrx_word' id='word_1_333' title='bbox 520 2691 569 2740; x_wconf 87' lang='lat' dir='ltr'>tn&#39;a</span> <span class='ocrx_word' id='word_1_334' title='bbox 585 2690 764 2740; x_wconf 86' lang='lat' dir='ltr'>memoranda:</span> <span class='ocrx_word' id='word_1_335' title='bbox 785 2688 879 2748; x_wconf 89' lang='lat' dir='ltr'>Vnum,</span> <span class='ocrx_word' id='word_1_336' title='bbox 896 2690 966 2752; x_wconf 91' lang='lat' dir='ltr'>quod</span> <span class='ocrx_word' id='word_1_337' title='bbox 983 2698 1074 2739; x_wconf 89' lang='lat' dir='ltr'>cuncta</span> <span class='ocrx_word' id='word_1_338' title='bbox 1091 2705 1224 2740; x_wconf 86' lang='lat' dir='ltr'>uenenosa</span> 
     </span>
     <span class='ocr_line' id='line_1_32' title="bbox 65 2767 1269 2834; baseline 0.002 -18"><span class='ocrx_word' id='word_1_339' title='bbox 65 2767 216 2816; x_wconf 86' lang='lat' dir='ltr'>animancia</span> <span class='ocrx_word' id='word_1_340' title='bbox 228 2783 285 2817; x_wconf 88' lang='lat' dir='ltr'>cum</span> <span class='ocrx_word' id='word_1_341' title='bbox 297 2767 387 2818; x_wconf 86' lang='lat' dir='ltr'>bacuio</span> <span class='ocrx_word' id='word_1_342' title='bbox 398 2783 447 2818; x_wconf 92' lang='lat' dir='ltr'>suo</span> <span class='ocrx_word' id='word_1_343' title='bbox 458 2770 492 2819; x_wconf 92' lang='lat' dir='ltr'>de</span> <span class='ocrx_word' id='word_1_344' title='bbox 504 2776 573 2818; x_wconf 91' lang='lat' dir='ltr'>terra</span> <span class='ocrx_word' id='word_1_345' title='bbox 585 2768 711 2817; x_wconf 87' lang='lat' dir='ltr'>Hibernie</span> <span class='ocrx_word' id='word_1_346' title='bbox 722 2767 834 2818; x_wconf 88' lang='lat' dir='ltr'>eiecerit.</span> <span class='ocrx_word' id='word_1_347' title='bbox 869 2767 954 2826; x_wconf 84' lang='lat' dir='ltr'>Aliud,</span> <span class='ocrx_word' id='word_1_348' title='bbox 967 2769 1036 2830; x_wconf 89' lang='lat' dir='ltr'>quod</span> <span class='ocrx_word' id='word_1_349' title='bbox 1048 2769 1222 2831; x_wconf 77' lang='lat' dir='ltr'>purgatorium</span> <span class='ocrx_word' id='word_1_350' title='bbox 1236 2785 1269 2834; x_wconf 75' lang='lat'>30</span> 
     </span>
     <span class='ocr_line' id='line_1_33' title="bbox 65 2845 1223 2909; baseline 0.003 -16"><span class='ocrx_word' id='word_1_351' title='bbox 65 2860 148 2894; x_wconf 84' lang='lat' dir='ltr'>snum</span> <span class='ocrx_word' id='word_1_352' title='bbox 170 2845 264 2895; x_wconf 86' lang='lat' dir='ltr'>ibidem</span> <span class='ocrx_word' id='word_1_353' title='bbox 287 2846 434 2897; x_wconf 88' lang='lat' dir='ltr'>instituerit.</span> <span class='ocrx_word' id='word_1_354' title='bbox 477 2846 605 2907; x_wconf 76' lang='lat' dir='ltr'>Tertium,</span> <span class='ocrx_word' id='word_1_355' title='bbox 628 2845 747 2909; x_wconf 88' lang='lat' dir='ltr'>precibus</span> <span class='ocrx_word' id='word_1_356' title='bbox 768 2845 859 2908; x_wconf 76' lang='lat' dir='ltr'>suisa</span> <span class='ocrx_word' id='word_1_357' title='bbox 881 2846 931 2894; x_wconf 88' lang='lat' dir='ltr'>deo</span> <span class='ocrx_word' id='word_1_358' title='bbox 953 2847 1111 2909; x_wconf 86' lang='lat' dir='ltr'>optinuit-ut</span> <span class='ocrx_word' id='word_1_359' title='bbox 1138 2848 1223 2897; x_wconf 89' lang='lat' dir='ltr'>nuilus</span> 
     </span>
     <span class='ocr_line' id='line_1_34' title="bbox 68 2912 1223 2988; baseline -0.001 -12"><span class='ocrx_word' id='word_1_360' title='bbox 68 2925 231 2976; x_wconf 86' lang='lat' dir='ltr'>Hibernicus</span> <span class='ocrx_word' id='word_1_361' title='bbox 251 2925 390 2974; x_wconf 86' lang='lat' dir='ltr'>aduentum</span> <span class='ocrx_word' id='word_1_362' title='bbox 406 2925 560 2974; x_wconf 79' lang='lat' dir='ltr'>Antichristi</span> <span class='ocrx_word' id='word_1_363' title='bbox 577 2925 730 2988; x_wconf 83' lang='lat' dir='ltr'>expectabit.</span> <span class='ocrx_word' id='word_1_364' title='bbox 798 2912 870 2986; x_wconf 74' lang='lat' dir='ltr'>Legi</span> <span class='ocrx_word' id='word_1_365' title='bbox 887 2924 968 2973; x_wconf 87' lang='lat' dir='ltr'>eciam</span> <span class='ocrx_word' id='word_1_366' title='bbox 986 2925 1013 2974; x_wconf 89' lang='lat' dir='ltr'>in</span> <span class='ocrx_word' id='word_1_367' title='bbox 1030 2925 1141 2987; x_wconf 84' lang='lat' dir='ltr'>quodam</span> <span class='ocrx_word' id='word_1_368' title='bbox 1157 2925 1223 2975; x_wconf 90' lang='lat' dir='ltr'>libro</span> 
     </span>
     <span class='ocr_line' id='line_1_35' title="bbox 66 3002 1223 3066; baseline 0.002 -14"><span class='ocrx_word' id='word_1_369' title='bbox 66 3002 262 3064; x_wconf 81' lang='lat' dir='ltr'>antiquissimo,</span> <span class='ocrx_word' id='word_1_370' title='bbox 275 3009 349 3065; x_wconf 75' lang='lat' dir='ltr'>gesta</span> <span class='ocrx_word' id='word_1_371' title='bbox 366 3004 490 3052; x_wconf 88' lang='lat' dir='ltr'>nonnulla</span> <span class='ocrx_word' id='word_1_372' title='bbox 506 3003 588 3054; x_wconf 89' lang='lat' dir='ltr'>sancti</span> <span class='ocrx_word' id='word_1_373' title='bbox 600 3003 702 3054; x_wconf 88' lang='lat' dir='ltr'>Patricii</span> <span class='ocrx_word' id='word_1_374' title='bbox 719 3003 877 3065; x_wconf 86' lang='lat' dir='ltr'>continente,</span> <span class='ocrx_word' id='word_1_375' title='bbox 894 3004 964 3066; x_wconf 88' lang='lat' dir='ltr'>quod</span> <span class='ocrx_word' id='word_1_376' title='bbox 981 3011 1085 3052; x_wconf 85' lang='lat' dir='ltr'>sanctus</span> <span class='ocrx_word' id='word_1_377' title='bbox 1097 3003 1223 3054; x_wconf 88' lang='lat' dir='ltr'>Patricius</span> 
     </span>
     <span class='ocr_line' id='line_1_36' title="bbox 67 3081 1224 3146; baseline 0.001 -16"><span class='ocrx_word' id='word_1_378' title='bbox 67 3081 189 3130; x_wconf 78' lang='lat' dir='ltr'>fundauit</span> <span class='ocrx_word' id='word_1_379' title='bbox 210 3081 334 3132; x_wconf 77' lang='lat' dir='ltr'>ecclesias</span> <span class='ocrx_word' id='word_1_380' title='bbox 355 3081 382 3130; x_wconf 90' lang='lat' dir='ltr'>in</span> <span class='ocrx_word' id='word_1_381' title='bbox 406 3082 532 3132; x_wconf 84' lang='lat' dir='ltr'>Hibernia</span> <span class='ocrx_word' id='word_1_382' title='bbox 554 3089 683 3132; x_wconf 84' lang='lat' dir='ltr'>trecentas</span> <span class='ocrx_word' id='word_1_383' title='bbox 708 3083 844 3145; x_wconf 78' lang='lat' dir='ltr'>sexaginta</span> <span class='ocrx_word' id='word_1_384' title='bbox 866 3083 987 3146; x_wconf 87' lang='lat' dir='ltr'>quinque,</span> <span class='ocrx_word' id='word_1_385' title='bbox 1013 3091 1040 3131; x_wconf 93' lang='lat' dir='ltr'>et</span> <span class='ocrx_word' id='word_1_386' title='bbox 1063 3084 1224 3132; x_wconf 86' lang='lat' dir='ltr'>consecrauit</span> 
     </span>
     <span class='ocr_line' id='line_1_37' title="bbox 67 3160 1267 3228; baseline 0.002 -20"><span class='ocrx_word' id='word_1_387' title='bbox 67 3160 210 3222; x_wconf 86' lang='lat' dir='ltr'>episcopos</span> <span class='ocrx_word' id='word_1_388' title='bbox 230 3166 361 3209; x_wconf 84' lang='lat' dir='ltr'>trecentos</span> <span class='ocrx_word' id='word_1_389' title='bbox 378 3161 515 3223; x_wconf 81' lang='lat' dir='ltr'>sexaginta</span> <span class='ocrx_word' id='word_1_390' title='bbox 531 3163 644 3224; x_wconf 88' lang='lat' dir='ltr'>quinque</span> <span class='ocrx_word' id='word_1_391' title='bbox 664 3168 690 3210; x_wconf 91' lang='lat' dir='ltr'>et</span> <span class='ocrx_word' id='word_1_392' title='bbox 706 3175 739 3210; x_wconf 88' lang='lat' dir='ltr'>eo</span> <span class='ocrx_word' id='word_1_393' title='bbox 756 3161 873 3223; x_wconf 86' lang='lat' dir='ltr'>amplius,</span> <span class='ocrx_word' id='word_1_394' title='bbox 890 3160 917 3209; x_wconf 90' lang='lat' dir='ltr'>in</span> <span class='ocrx_word' id='word_1_395' title='bbox 936 3160 1028 3223; x_wconf 90' lang='lat' dir='ltr'>quibus</span> <span class='ocrx_word' id='word_1_396' title='bbox 1044 3169 1100 3210; x_wconf 90' lang='lat' dir='ltr'>erat</span> <span class='ocrx_word' id='word_1_397' title='bbox 1117 3161 1223 3223; x_wconf 86' lang='lat' dir='ltr'>spin&#39;tus</span> <span class='ocrx_word' id='word_1_398' title='bbox 1236 3175 1267 3228; x_wconf 76' lang='lat'>35</span> 
     </span>
     <span class='ocr_line' id='line_1_38' title="bbox 68 3230 1223 3302; baseline 0.002 -16"><span class='ocrx_word' id='word_1_399' title='bbox 68 3237 129 3296; x_wconf 88' lang='lat' dir='ltr'>dei;</span> <span class='ocrx_word' id='word_1_400' title='bbox 146 3238 304 3300; x_wconf 67' lang='lat' dir='ltr'>presbiteros</span> <span class='ocrx_word' id='word_1_401' title='bbox 316 3245 402 3288; x_wconf 87' lang='lat' dir='ltr'>autem</span> <span class='ocrx_word' id='word_1_402' title='bbox 414 3239 544 3289; x_wconf 84' lang='lat' dir='ltr'>ordinauit</span> <span class='ocrx_word' id='word_1_403' title='bbox 554 3239 603 3288; x_wconf 85' lang='lat' dir='ltr'>tria</span> <span class='ocrx_word' id='word_1_404' title='bbox 613 3238 689 3288; x_wconf 85' lang='lat' dir='ltr'>milia.</span> <span class='ocrx_word' id='word_1_405' title='bbox 758 3230 835 3292; x_wconf 89' lang='lat' dir='ltr'>Dicit</span> <span class='ocrx_word' id='word_1_406' title='bbox 845 3253 948 3302; x_wconf 88' lang='lat' dir='ltr'>quoque</span> <span class='ocrx_word' id='word_1_407' title='bbox 958 3238 1114 3288; x_wconf 88' lang='lat' dir='ltr'>Vincencius</span> <span class='ocrx_word' id='word_1_408' title='bbox 1132 3239 1157 3287; x_wconf 92' lang='lat' dir='ltr'>in</span> <span class='ocrx_word' id='word_1_409' title='bbox 1175 3254 1223 3288; x_wconf 91' lang='lat' dir='ltr'>suo</span> 
     </span>
     <span class='ocr_line' id='line_1_39' title="bbox 67 3315 1221 3381; baseline 0.002 -15"><span class='ocrx_word' id='word_1_410' title='bbox 67 3315 399 3379; x_wconf 82' lang='lat' dir='ltr'>Speculohistoriaiiquod</span> <span class='ocrx_word' id='word_1_411' title='bbox 407 3317 553 3368; x_wconf 89' lang='lat' dir='ltr'>historiade</span> <span class='ocrx_word' id='word_1_412' title='bbox 561 3317 710 3380; x_wconf 77' lang='lat' dir='ltr'>purgatorio</span> <span class='ocrx_word' id='word_1_413' title='bbox 717 3317 1024 3366; x_wconf 87' lang='lat' dir='ltr'>sanctiPatriciiamuitis</span> <span class='ocrx_word' id='word_1_414' title='bbox 1031 3333 1084 3368; x_wconf 90' lang='lat' dir='ltr'>non</span> <span class='ocrx_word' id='word_1_415' title='bbox 1092 3319 1221 3381; x_wconf 87' lang='lat' dir='ltr'>recipitur,</span> 
     </span>
     <span class='ocr_line' id='line_1_40' title="bbox 70 3394 1223 3459; baseline 0.002 -15"><span class='ocrx_word' id='word_1_416' title='bbox 70 3401 180 3457; x_wconf 88' lang='lat' dir='ltr'>propter</span> <span class='ocrx_word' id='word_1_417' title='bbox 196 3394 259 3444; x_wconf 89' lang='lat' dir='ltr'>iilud</span> <span class='ocrx_word' id='word_1_418' title='bbox 276 3395 388 3445; x_wconf 83' lang='lat' dir='ltr'>maxime</span> <span class='ocrx_word' id='word_1_419' title='bbox 406 3397 474 3459; x_wconf 89' lang='lat' dir='ltr'>quod</span> <span class='ocrx_word' id='word_1_420' title='bbox 495 3396 530 3446; x_wconf 92' lang='lat' dir='ltr'>ibi</span> <span class='ocrx_word' id='word_1_421' title='bbox 547 3397 643 3446; x_wconf 88' lang='lat' dir='ltr'>dictum</span> <span class='ocrx_word' id='word_1_422' title='bbox 661 3403 701 3446; x_wconf 86' lang='lat' dir='ltr'>est</span> <span class='ocrx_word' id='word_1_423' title='bbox 719 3395 818 3446; x_wconf 73' lang='lat' dir='ltr'>animas</span> <span class='ocrx_word' id='word_1_424' title='bbox 836 3411 851 3444; x_wconf 90' lang='lat' dir='ltr'>a</span> <span class='ocrx_word' id='word_1_425' title='bbox 868 3396 1016 3458; x_wconf 78' lang='lat' dir='ltr'>purgatorio</span> <span class='ocrx_word' id='word_1_426' title='bbox 1032 3396 1153 3446; x_wconf 83' lang='lat' dir='ltr'>liberatas</span> <span class='ocrx_word' id='word_1_427' title='bbox 1170 3412 1223 3446; x_wconf 89' lang='lat' dir='ltr'>non</span> 
     </span>
     <span class='ocr_line' id='line_1_41' title="bbox 69 3473 1223 3539; baseline 0.001 -16"><span class='ocrx_word' id='word_1_428' title='bbox 69 3473 159 3523; x_wconf 83' lang='lat' dir='ltr'>statim</span> <span class='ocrx_word' id='word_1_429' title='bbox 170 3474 203 3523; x_wconf 87' lang='lat' dir='ltr'>ad</span> <span class='ocrx_word' id='word_1_430' title='bbox 216 3474 298 3523; x_wconf 88' lang='lat' dir='ltr'>celum</span> <span class='ocrx_word' id='word_1_431' title='bbox 307 3474 419 3530; x_wconf 85' lang='lat' dir='ltr'>euolare,</span> <span class='ocrx_word' id='word_1_432' title='bbox 426 3481 467 3524; x_wconf 86' lang='lat' dir='ltr'>set</span> <span class='ocrx_word' id='word_1_433' title='bbox 478 3475 504 3523; x_wconf 91' lang='lat' dir='ltr'>in</span> <span class='ocrx_word' id='word_1_434' title='bbox 519 3475 638 3537; x_wconf 86' lang='lat' dir='ltr'>paradiso</span> <span class='ocrx_word' id='word_1_435' title='bbox 648 3473 789 3539; x_wconf 76' lang='lat' dir='ltr'>ter[r]estri</span> <span class='ocrx_word' id='word_1_436' title='bbox 801 3481 922 3535; x_wconf 89' lang='lat' dir='ltr'>tanquam</span> <span class='ocrx_word' id='word_1_437' title='bbox 933 3474 959 3522; x_wconf 93' lang='lat' dir='ltr'>in</span> <span class='ocrx_word' id='word_1_438' title='bbox 971 3474 1029 3524; x_wconf 91' lang='lat' dir='ltr'>loco</span> <span class='ocrx_word' id='word_1_439' title='bbox 1039 3475 1134 3537; x_wconf 88' lang='lat' dir='ltr'>quietis</span> <span class='ocrx_word' id='word_1_440' title='bbox 1145 3476 1223 3524; x_wconf 91' lang='lat' dir='ltr'>inter·</span> 
     </span>
     <span class='ocr_line' id='line_1_42' title="bbox 70 3551 1270 3623; baseline 0.003 -23"><span class='ocrx_word' id='word_1_441' title='bbox 70 3551 159 3600; x_wconf 86' lang='lat' dir='ltr'>medio</span> <span class='ocrx_word' id='word_1_442' title='bbox 171 3552 347 3614; x_wconf 87' lang='lat' dir='ltr'>temporaliter</span> <span class='ocrx_word' id='word_1_443' title='bbox 362 3567 533 3614; x_wconf 83' lang='lat' dir='ltr'>commanere,</span> <span class='ocrx_word' id='word_1_444' title='bbox 546 3560 572 3602; x_wconf 91' lang='lat' dir='ltr'>et</span> <span class='ocrx_word' id='word_1_445' title='bbox 589 3553 650 3602; x_wconf 91' lang='lat' dir='ltr'>inde</span> <span class='ocrx_word' id='word_1_446' title='bbox 666 3559 764 3602; x_wconf 87' lang='lat' dir='ltr'>statuto</span> <span class='ocrx_word' id='word_1_447' title='bbox 780 3558 897 3615; x_wconf 84' lang='lat' dir='ltr'>tempore</span> <span class='ocrx_word' id='word_1_448' title='bbox 913 3553 946 3601; x_wconf 87' lang='lat' dir='ltr'>ad</span> <span class='ocrx_word' id='word_1_449' title='bbox 961 3553 1010 3602; x_wconf 90' lang='lat' dir='ltr'>celi</span> <span class='ocrx_word' id='word_1_450' title='bbox 1027 3553 1125 3616; x_wconf 80' lang='lat' dir='ltr'>palacia</span> <span class='ocrx_word' id='word_1_451' title='bbox 1140 3561 1222 3603; x_wconf 87' lang='lat' dir='ltr'>trans·</span> <span class='ocrx_word' id='word_1_452' title='bbox 1235 3570 1270 3623; x_wconf 77' lang='lat'>40</span> 
     </span>
     <span class='ocr_line' id='line_1_43' title="bbox 71 3630 1222 3695; baseline 0.002 -16"><span class='ocrx_word' id='word_1_453' title='bbox 71 3645 169 3690; x_wconf 86' lang='lat' dir='ltr'>meare,</span> <span class='ocrx_word' id='word_1_454' title='bbox 180 3645 239 3679; x_wconf 88' lang='lat' dir='ltr'>cum</span> <span class='ocrx_word' id='word_1_455' title='bbox 256 3638 363 3680; x_wconf 86' lang='lat' dir='ltr'>econtra</span> <span class='ocrx_word' id='word_1_456' title='bbox 374 3631 459 3680; x_wconf 90' lang='lat' dir='ltr'>nullus</span> <span class='ocrx_word' id='word_1_457' title='bbox 476 3631 597 3681; x_wconf 79' lang='lat' dir='ltr'>credetur</span> <span class='ocrx_word' id='word_1_458' title='bbox 612 3645 672 3680; x_wconf 87' lang='lat' dir='ltr'>esse</span> <span class='ocrx_word' id='word_1_459' title='bbox 685 3630 758 3680; x_wconf 90' lang='lat' dir='ltr'>locus</span> <span class='ocrx_word' id='word_1_460' title='bbox 775 3631 875 3680; x_wconf 88' lang='lat' dir='ltr'>rnedius</span> <span class='ocrx_word' id='word_1_461' title='bbox 890 3631 1032 3690; x_wconf 75' lang='lat' dir='ltr'>animarum</span> <span class='ocrx_word' id='word_1_462' title='bbox 1047 3632 1116 3681; x_wconf 90' lang='lat' dir='ltr'>inter</span> <span class='ocrx_word' id='word_1_463' title='bbox 1132 3647 1222 3695; x_wconf 79' lang='lat' dir='ltr'>purga·</span> 
     </span>
     <span class='ocr_line' id='line_1_44' title="bbox 70 3708 1225 3774; baseline 0.001 -16"><span class='ocrx_word' id='word_1_464' title='bbox 70 3710 168 3758; x_wconf 87' lang='lat' dir='ltr'>torium</span> <span class='ocrx_word' id='word_1_465' title='bbox 179 3715 206 3758; x_wconf 91' lang='lat' dir='ltr'>et</span> <span class='ocrx_word' id='word_1_466' title='bbox 221 3708 319 3758; x_wconf 87' lang='lat' dir='ltr'>celeste</span> <span class='ocrx_word' id='word_1_467' title='bbox 331 3709 485 3774; x_wconf 85' lang='lat' dir='ltr'>paradisum.</span> <span class='ocrx_word' id='word_1_468' title='bbox 520 3709 589 3758; x_wconf 87' lang='lat' dir='ltr'>Huic</span> <span class='ocrx_word' id='word_1_469' title='bbox 601 3717 687 3758; x_wconf 88' lang='lat' dir='ltr'>tamen</span> <span class='ocrx_word' id='word_1_470' title='bbox 701 3708 817 3772; x_wconf 91' lang='lat' dir='ltr'>opinioni</span> <span class='ocrx_word' id='word_1_471' title='bbox 832 3708 964 3758; x_wconf 90' lang='lat' dir='ltr'>Vincencii</span> <span class='ocrx_word' id='word_1_472' title='bbox 979 3711 1108 3759; x_wconf 85' lang='lat' dir='ltr'>contraria</span> <span class='ocrx_word' id='word_1_473' title='bbox 1122 3710 1225 3759; x_wconf 89' lang='lat' dir='ltr'>uidetur</span> 
     </span>
     <span class='ocr_line' id='line_1_45' title="bbox 70 3787 1224 3852; baseline 0 -14"><span class='ocrx_word' id='word_1_474' title='bbox 70 3788 140 3838; x_wconf 87' lang='lat' dir='ltr'>nisio</span> <span class='ocrx_word' id='word_1_475' title='bbox 159 3787 294 3850; x_wconf 87' lang='lat' dir='ltr'>illaquam</span> <span class='ocrx_word' id='word_1_476' title='bbox 311 3787 401 3837; x_wconf 86' lang='lat' dir='ltr'>scribit</span> <span class='ocrx_word' id='word_1_477' title='bbox 418 3787 572 3837; x_wconf 86' lang='lat' dir='ltr'>uenerabilis</span> <span class='ocrx_word' id='word_1_478' title='bbox 590 3787 719 3849; x_wconf 88' lang='lat' dir='ltr'>presbiter</span> <span class='ocrx_word' id='word_1_479' title='bbox 736 3788 777 3838; x_wconf 89' lang='lat' dir='ltr'>De</span> <span class='ocrx_word' id='word_1_480' title='bbox 793 3788 874 3850; x_wconf 72' lang='lat' dir='ltr'>gestis</span> <span class='ocrx_word' id='word_1_481' title='bbox 890 3787 1033 3850; x_wconf 78' lang='lat' dir='ltr'>Anglorum</span> <span class='ocrx_word' id='word_1_482' title='bbox 1049 3788 1115 3844; x_wconf 89' lang='lat' dir='ltr'>libro</span> <span class='ocrx_word' id='word_1_483' title='bbox 1132 3789 1224 3852; x_wconf 90' lang='lat' dir='ltr'>quinto</span> 
     </span>
     <span class='ocr_line' id='line_1_46' title="bbox 70 3865 1102 3931; baseline -0.001 -13"><span class='ocrx_word' id='word_1_484' title='bbox 70 3866 185 3931; x_wconf 83' lang='lat' dir='ltr'>capitulo</span> <span class='ocrx_word' id='word_1_485' title='bbox 196 3865 359 3926; x_wconf 86' lang='lat' dir='ltr'>duodecimo,</span> <span class='ocrx_word' id='word_1_486' title='bbox 371 3874 399 3917; x_wconf 88' lang='lat' dir='ltr'>ut</span> <span class='ocrx_word' id='word_1_487' title='bbox 410 3865 518 3916; x_wconf 85' lang='lat' dir='ltr'>habetur</span> <span class='ocrx_word' id='word_1_488' title='bbox 528 3881 606 3930; x_wconf 85' lang='lat' dir='ltr'>supra</span> <span class='ocrx_word' id='word_1_489' title='bbox 616 3866 642 3914; x_wconf 91' lang='lat' dir='ltr'>in</span> <span class='ocrx_word' id='word_1_490' title='bbox 654 3865 707 3916; x_wconf 83' lang='lat' dir='ltr'>fine</span> <span class='ocrx_word' id='word_1_491' title='bbox 719 3866 772 3916; x_wconf 86' lang='lat' dir='ltr'>uite</span> <span class='ocrx_word' id='word_1_492' title='bbox 783 3867 867 3916; x_wconf 68' lang='lat' dir='ltr'>uncti</span> <span class='ocrx_word' id='word_1_493' title='bbox 877 3865 986 3917; x_wconf 80' lang='lat' dir='ltr'>Adriani</span> <span class='ocrx_word' id='word_1_494' title='bbox 996 3867 1102 3918; x_wconf 80' lang='lat' dir='ltr'>abbatis.</span> 
     </span>
    </p>
   </div>
   <div class='ocr_carea' id='block_1_4' title="bbox 433 4045 855 4120">
    <p class='ocr_par' dir='ltr' id='par_1_4' title="bbox 433 4045 855 4120">
     <span class='ocr_line' id='line_1_47' title="bbox 433 4045 855 4120; baseline 0.005 -25"><span class='ocrx_word' id='word_1_495' title='bbox 433 4061 457 4120; x_wconf 58' lang='lat' dir='ltr'>a</span> <span class='ocrx_word' id='word_1_496' title='bbox 475 4045 517 4096; x_wconf 80' lang='lat' dir='ltr'>Dr</span> <span class='ocrx_word' id='word_1_497' title='bbox 533 4060 691 4096; x_wconf 74' lang='lat' dir='ltr'>nnrrrucut</span> <span class='ocrx_word' id='word_1_498' title='bbox 705 4045 855 4098; x_wconf 68' lang='lat' dir='ltr'>Tunnaul</span> 
     </span>
    </p>
   </div>
   <div class='ocr_carea' id='block_1_5' title="bbox 134 4140 1267 4286">
    <p class='ocr_par' dir='ltr' id='par_1_5' title="bbox 134 4140 1267 4286">
     <span class='ocr_line' id='line_1_48' title="bbox 134 4140 1224 4205; baseline 0.002 -13"><span class='ocrx_word' id='word_1_499' title='bbox 134 4140 191 4192; x_wconf 86' lang='lat' dir='ltr'>lrea</span> <span class='ocrx_word' id='word_1_500' title='bbox 210 4156 306 4192; x_wconf 84' lang='lat' dir='ltr'>annum</span> <span class='ocrx_word' id='word_1_501' title='bbox 326 4141 424 4192; x_wconf 87' lang='lat' dir='ltr'>domini</span> <span class='ocrx_word' id='word_1_502' title='bbox 445 4141 607 4191; x_wconf 77' lang='lat' dir='ltr'>millesimum</span> <span class='ocrx_word' id='word_1_503' title='bbox 626 4141 794 4192; x_wconf 76' lang='lat' dir='ltr'>centesimum</span> <span class='ocrx_word' id='word_1_504' title='bbox 813 4141 1034 4205; x_wconf 79' lang='lat' dir='ltr'>quadragesimum</span> <span class='ocrx_word' id='word_1_505' title='bbox 1052 4149 1179 4204; x_wconf 85' lang='lat' dir='ltr'>octauum,</span> <span class='ocrx_word' id='word_1_506' title='bbox 1196 4151 1224 4195; x_wconf 90' lang='lat' dir='ltr'>et</span> 
     </span>
     <span class='ocr_line' id='line_1_49' title="bbox 166 4219 1267 4286; baseline 0.002 -16"><span class='ocrx_word' id='word_1_507' title='bbox 166 4221 235 4284; x_wconf 72' lang='lat' dir='ltr'>regis</span> <span class='ocrx_word' id='word_1_508' title='bbox 244 4219 371 4283; x_wconf 85' lang='lat' dir='ltr'>Stephani</span> <span class='ocrx_word' id='word_1_509' title='bbox 380 4219 568 4281; x_wconf 86' lang='lat' dir='ltr'>duodecimum,</span> <span class='ocrx_word' id='word_1_510' title='bbox 577 4219 670 4272; x_wconf 88' lang='lat' dir='ltr'>accidit</span> <span class='ocrx_word' id='word_1_511' title='bbox 678 4220 721 4270; x_wconf 85' lang='lat' dir='ltr'>illa</span> <span class='ocrx_word' id='word_1_512' title='bbox 729 4219 838 4271; x_wconf 89' lang='lat' dir='ltr'>Tundali</span> <span class='ocrx_word' id='word_1_513' title='bbox 845 4219 912 4271; x_wconf 80' lang='lat' dir='ltr'>itisio</span> <span class='ocrx_word' id='word_1_514' title='bbox 920 4221 976 4271; x_wconf 87' lang='lat' dir='ltr'>siue</span> <span class='ocrx_word' id='word_1_515' title='bbox 984 4221 1138 4284; x_wconf 83' lang='lat' dir='ltr'>penitencia,</span> <span class='ocrx_word' id='word_1_516' title='bbox 1148 4221 1226 4272; x_wconf 84' lang='lat' dir='ltr'>mira·</span> <span class='ocrx_word' id='word_1_517' title='bbox 1235 4233 1267 4286; x_wconf 75' lang='lat'>45</span> 
     </span>
    </p>
   </div>
   <div class='ocr_carea' id='block_1_6' title="bbox 105 4360 1224 4430">
    <p class='ocr_par' dir='ltr' id='par_1_6' title="bbox 105 4360 1224 4430">
     <span class='ocr_line' id='line_1_50' title="bbox 105 4360 1224 4430; baseline 0.002 -17"><span class='ocrx_word' id='word_1_518' title='bbox 105 4361 115 4394; x_wconf 83' lang='lat'><strong>¹</strong></span> <span class='ocrx_word' id='word_1_519' title='bbox 132 4360 229 4414; x_wconf 83' lang='lat' dir='ltr'>Tbisis</span> <span class='ocrx_word' id='word_1_520' title='bbox 241 4361 288 4414; x_wconf 86' lang='lat' dir='ltr'>the</span> <span class='ocrx_word' id='word_1_521' title='bbox 298 4361 401 4414; x_wconf 85' lang='lat' dir='ltr'>libellus</span> <span class='ocrx_word' id='word_1_522' title='bbox 412 4361 445 4414; x_wconf 88' lang='lat' dir='ltr'>de</span> <span class='ocrx_word' id='word_1_523' title='bbox 456 4368 530 4428; x_wconf 86' lang='lat' dir='ltr'>raptu</span> <span class='ocrx_word' id='word_1_524' title='bbox 541 4363 642 4414; x_wconf 82' lang='lat' dir='ltr'>animae</span> <span class='ocrx_word' id='word_1_525' title='bbox 653 4361 763 4414; x_wconf 83' lang='lat' dir='ltr'>Tundali</span> <span class='ocrx_word' id='word_1_526' title='bbox 775 4369 803 4414; x_wconf 88' lang='lat' dir='ltr'>et</span> <span class='ocrx_word' id='word_1_527' title='bbox 817 4361 873 4414; x_wconf 87' lang='lat' dir='ltr'>eins</span> <span class='ocrx_word' id='word_1_528' title='bbox 883 4363 991 4427; x_wconf 84' lang='lat' dir='ltr'>visione,</span> <span class='ocrx_word' id='word_1_529' title='bbox 1004 4369 1095 4415; x_wconf 83' lang='lat' dir='ltr'>extant</span> <span class='ocrx_word' id='word_1_530' title='bbox 1107 4363 1134 4414; x_wconf 89' lang='lat' dir='ltr'>ln</span> <span class='ocrx_word' id='word_1_531' title='bbox 1146 4379 1224 4430; x_wconf 70' lang='lat' dir='ltr'>many</span> 
     </span>
    </p>
   </div>
   <div class='ocr_carea' id='block_1_7' title="bbox 0 0 1532 4898">
    <p class='ocr_par' dir='ltr' id='par_1_7' title="bbox 0 0 1532 4898">
     <span class='ocr_line' id='line_1_51' title="bbox 0 0 1532 4898; baseline 0 0"><span class='ocrx_word' id='word_1_532' title='bbox 0 0 1532 4898; x_wconf 95' lang='lat' dir='ltr'> </span> 
     </span>
    </p>
   </div>
  </div>
 </body>
</html>
