3044 4894
446 301 521 395 be
546 299 713 390 saroa
737 301 902 404 borna.
1199 328 1241 380 21

95 499 232 574 elapsam
242 501 382 560 exaltauit
392 511 422 558 et
433 502 617 576 glorificauit
655 502 785 576 Insuper
795 512 825 560 et
834 501 925 559 trium
939 511 1110 560 sanctorum
1124 503 1244 578 Regum

95 605 232 661 corpora,
254 589 359 662 Iaspar
377 590 523 660 videlicet,
549 589 693 648 Melchior
718 599 748 647 et
773 589 939 662 Baithasar,
965 608 983 648 a
1006 591 1191 664 principibus
1216 603 1245 650 et

95 676 220 748 prelatis
246 686 394 734 terrarum
421 677 538 734 illarum
565 695 625 734 non
651 686 712 734 tarn
731 677 865 734 studiose
887 693 977 750 quam
996 678 1173 736 miraculose
1189 680 1245 736 im·

95 765 233 836 petrauit
269 765 395 836 Quibus,
412 773 442 822 et
460 765 586 822 aliorum
598 765 689 822 variis
708 764 828 822 suffulta
850 764 992 838 reliquiis,
1012 768 1147 839 gaudens
1167 766 1245 824 Con-

95 851 323 924 stantinopolim
340 853 428 909 rediit
443 853 480 908 ad
494 851 597 923 filium,
611 851 770 924 paulopost
788 853 825 919 ad
843 852 962 908 celestis
980 853 1065 926 regni
1083 853 1245 910 transitura
1259 871 1273 924 5

95 937 253 1010 palacium.
291 939 357 1010 Que
380 941 574 1012 postmodum
592 940 704 1012 aliquot
723 939 830 997 diebus
854 938 967 1011 elapsis
985 939 1165 998 valefaciens
1184 940 1245 997 filio

96 1025 222 1099 (quippe
235 1045 295 1100 que
314 1027 412 1084 obitus
425 1027 472 1084 sui
485 1025 539 1083 suit
552 1027 683 1098 conscia)
697 1043 731 1083 ac
750 1026 853 1083 limina
871 1027 1010 1083 deuotius
1021 1026 1147 1084 visitans
1159 1045 1244 1101 apos·

94 1114 235 1184 tolorum,
255 1123 373 1186 partem
397 1131 516 1188 quoque
537 1113 634 1171 crucis
659 1113 771 1172 Christi
803 1129 871 1170 cum
896 1113 1028 1170 maxima
1052 1115 1246 1172 veneratione
1275 1137 1277 1142 ’

94 1217 200 1256 secum
220 1202 324 1258 detulit
345 1210 376 1258 et
400 1201 431 1258 in
452 1201 573 1259 basilica
591 1210 699 1280 ¹sancte
720 1201 833 1272 Crucis,
851 1217 940 1274 quam
961 1201 1039 1258 lilius
1059 1201 1125 1258 eius
1141 1211 1245 1275 rogatu

94 1287 296 1356 edificauerat,
309 1289 471 1345 collocauit.
501 1287 616 1359 Quibus
629 1287 732 1360 gestie,
745 1289 824 1360 quod
838 1288 985 1361 reliquum
999 1297 1120 1362 tempus
1138 1306 1243 1363 super-
1259 1311 1290 1349 ro

92 1375 179 1444 uixit,
193 1375 306 1433 ibidem
318 1376 508 1433 sanctissime
527 1376 644 1449 exegit;
667 1393 797 1449 semper,
810 1378 907 1449 quoad
919 1376 1003 1446 vixit,
1016 1378 1162 1434 ortodoxe
1173 1377 1244 1434 fidei

92 1461 240 1519 acerrima
252 1463 416 1535 protectrix
429 1463 490 1534 fuit,
503 1472 533 1520 et
546 1480 636 1536 quam
656 1464 787 1520 maxime
806 1480 973 1536 pauperum
992 1473 1022 1520 et
1038 1465 1242 1536 orphanorum

94 1567 201 1606 curam
213 1551 317 1624 gessit,
325 1568 401 1623 quos
410 1551 512 1624 vtique
519 1559 600 1607 tanta
609 1551 846 1624 prosequebatur
854 1551 1037 1608 humanitate
1045 1569 1079 1608 ac
1092 1551 1243 1619 charitate,

92 1646 127 1693 vt
146 1655 219 1694 vere
238 1638 372 1694 omnium
392 1646 488 1695 mater
506 1637 605 1695 vocari
625 1647 799 1694 mereretur.
837 1637 1016 1695 Beatissima
1034 1637 1123 1712 igitur
1141 1640 1245 1713 regIna

92 1724 215 1781 Helena
235 1724 334 1782 Rome
351 1725 518 1796 constituta,
537 1725 597 1781 iam
616 1734 645 1781 et
665 1725 752 1781 annis
771 1733 801 1783 et
818 1724 933 1783 meritis
952 1736 1076 1796 matura,
1092 1727 1130 1783 ad
1148 1727 1244 1783 instar
1259 1748 1288 1799 15

90 1812 175 1868 illius
194 1811 385 1868 sanctissime
397 1813 489 1869 Anne
508 1812 691 1884 euangelice,
710 1813 771 1868 filie
789 1812 933 1882 Phanuel,
951 1829 969 1870 a
986 1814 1099 1887 templo
1118 1813 1243 1871 minime

89 1899 265 1970 recedebat,
279 1900 333 1956 sed
346 1899 464 1956 ieiuniis
476 1908 507 1957 et
522 1899 705 1956 orationibus
721 1900 850 1956 instabat
868 1899 917 1956 die
930 1917 963 1956 ac
979 1909 1086 1957 nocte:
1105 1900 1243 1974 cupiebat

88 1988 175 2044 enim
196 1985 320 2043 dissolui
340 1995 370 2044 et
392 2004 461 2044 esse
483 2004 551 2044 curn
567 1986 696 2056 Christo,
716 1986 876 2060 ipsumque
896 1987 1000 2044 videre
1016 2004 1118 2060 regern
1138 2005 1243 2061 regum

88 2074 121 2130 in
145 2075 255 2130 decore
274 2092 338 2132 suo.
384 2074 446 2131 Nec
466 2083 512 2131 est
532 2073 582 2130 illa
608 2073 679 2130 felix
700 2075 803 2146 virago
828 2074 968 2132 frustrata
991 2073 1143 2131 desiderio
1168 2092 1242 2132 suo:

88 2161 241 2234 dispersis
258 2178 389 2235 namque
409 2161 473 2219 suis
493 2162 524 2218 in
545 2179 697 2235 pauperes
715 2161 826 2218 Christi
851 2161 1009 2230 thesauris,
1026 2161 1242 2236 dominicisque
1258 2187 1289 2222 ao

91 2249 213 2306 munita
237 2249 441 2318 sacramentis,
464 2258 565 2306 erecta
595 2249 749 2305 oculorum
773 2249 835 2305 acie
860 2248 933 2305 vidit
958 2249 1039 2305 celos
1063 2259 1194 2321 apertos,
1213 2259 1242 2306 et

90 2337 219 2393 ihesum
254 2345 384 2392 stantem
414 2353 483 2393 cum
521 2337 696 2410 angelorum
727 2335 924 2404 multitudine,
952 2354 1131 2410 crucemque
1161 2337 1243 2395 illius

88 2423 210 2497 fulgore
223 2423 365 2480 ineffabili
379 2423 566 2481 choruscare.
603 2422 670 2494 Qua
682 2440 767 2480 sacra
774 2423 890 2480 visione
902 2424 940 2480 ad
953 2424 1075 2481 celestia
1088 2424 1242 2482 ardentius

86 2511 224 2578 inuitata,
243 2511 447 2568 innolescente
468 2511 573 2567 morbo
592 2512 716 2568 tandem
734 2509 832 2584 (regni
851 2512 1025 2584 temporalis
1043 2512 1241 2570 amministra-

87 2599 175 2654 tione
196 2598 339 2671 prescisa,
359 2599 406 2655 cui
426 2607 546 2672 petente
565 2598 628 2655 filio
649 2607 738 2671 atque
765 2607 880 2669 senatu,
903 2597 1104 2672 flagitantibus
1123 2617 1241 2674 quoque
1257 2625 1287 2676 ²5

87 2686 221 2760 populis,
235 2703 269 2742 se
282 2685 418 2759 pluribus
431 2685 490 2742 iam
503 2685 589 2742 annis
601 2685 725 2742 viriliter
741 2703 776 2742 ac
795 2694 917 2742 strenue
932 2685 1158 2758 immiscuerat),
1170 2687 1241 2744 felix

86 2785 118 2831 et
136 2773 217 2831 inter
232 2773 352 2846 reginas
371 2772 561 2847 predicabilis
579 2781 610 2830 et
627 2771 794 2842 victoriosa,
807 2790 863 2829 nec
882 2773 1027 2831 absimilis
1041 2773 1120 2830 illius
1138 2783 1241 2832 sancte

86 2859 283 2935 prophetisse
298 2860 429 2917 Delbore
442 2879 501 2934 que
517 2861 662 2934 populum
682 2860 775 2917 Israel
793 2869 855 2916 tam
874 2861 1036 2918 strenuiter
1054 2861 1194 2918 iudicauit
1211 2871 1241 2918 et

85 2947 339 3022 gubernauit,via
360 2949 493 3005 lauicana
516 2937 739 3021 decimoquinto
758 2948 903 3004 kalendas
923 2949 1104 3020 septembris
1125 2947 1241 3006 dulcius

86 3037 230 3109 migrauit
256 3036 293 3091 ad
319 3035 482 3092 Christum.
518 3034 611 3092 Cuius
635 3052 754 3091 sacrum
778 3052 888 3108 corpus
915 3052 933 3092 a
957 3053 1075 3092 summo
1100 3036 1239 3108 pontifice
1254 3058 1286 3108 30

85 3123 348 3196 lachrymantibus
361 3123 479 3195 populis
492 3121 641 3195 condigne
653 3123 779 3179 traditur
792 3123 962 3195 sepulture;
983 3123 1028 3179 cui
1042 3133 1148 3196 postea
1159 3123 1238 3182 iilius

86 3212 156 3269 eius
179 3209 395 3267 Constantinus
415 3209 619 3266 mausoleum¹
637 3209 757 3282 erigens
773 3213 804 3266 in
824 3209 1050 3284 porph[i]retico
1069 3212 1239 3284 sepulchro,

86 3315 202 3372 corpus
219 3297 285 3353 eius
299 3299 341 3367 (vt
355 3297 470 3366 dicitur,
484 3296 774 3370 Constantinopolim
792 3299 980 3369 translatum)
995 3299 1239 3356 honorificentius

86 3386 262 3454 collocauit;
282 3401 362 3440 nunc
375 3393 477 3440 tamen
484 3383 633 3440 Venecias
646 3383 677 3439 in
687 3384 813 3442 ecclesia
825 3385 1027 3458 pulcherrima
1040 3388 1104 3442 eius
1117 3386 1239 3444 nomine

86 3474 225 3531 dedicata
256 3473 411 3528 humatum
443 3473 526 3542 iacet,
551 3471 721 3529 innumeris
745 3472 900 3546 hucusque
930 3473 1048 3529 clarens
1078 3474 1237 3531 miraculis.
1252 3495 1283 3544 35

85 3561 202 3618 Anima
214 3575 288 3616 vero
307 3558 402 3630 ipsius
419 3557 451 3615 in
470 3560 568 3615 celum
587 3575 642 3631 per
655 3559 779 3632 angelos
791 3568 839 3616 est
850 3561 985 3630 deducta,
999 3559 1101 3617 diuine
1113 3560 1238 3618 visionis

85 3649 184 3723 gloria
196 3663 264 3703 cum
282 3645 378 3702 beatis
390 3645 545 3719 spiritibus
557 3646 754 3719 perhenniter
772 3647 906 3704 fruitura.
944 3647 1010 3718 Que
1028 3657 1058 3704 et
1076 3665 1131 3721 pro
1150 3649 1238 3706 nobis

85 3735 208 3793 miseris
220 3749 331 3808 preces
345 3733 486 3807 dignetur
500 3731 665 3804 effundere,
678 3733 818 3808 quatinus
836 3735 901 3791 eius
920 3736 1012 3792 sacris
1031 3735 1154 3806 meritis,
1168 3753 1237 3809 pre-

85 3823 166 3881 senti
190 3819 328 3878 Iordanis
350 3820 478 3878 incolatu
500 3819 577 3878 felici
600 3839 689 3878 cursu
715 3821 902 3893 transmisso,
926 3839 1097 3879 mereamur
1115 3823 1235 3880 celestia

57 3939 60 3944 ·
86 3918 256 3986 penetrare.
292 3908 404 3967 Amen.
1249 3930 1282 3980 40

545 4031 553 4060 ¹
571 4029 600 4082 E.
613 4030 780 4082 mausoleum.
