3054 4904
198 381 204 395 .
274 351 342 403 102
582 327 713 413 llisslid
739 321 929 427 stigma
953 321 1105 426 fiilssll'ss.

271 529 374 600 gratia,
392 537 423 584 et
435 526 543 584 videns
562 541 710 598 capream,
724 524 914 598 molos[s]um
936 541 1024 582 suum
1043 523 1195 598 instigauit
1211 530 1243 581 vt
1261 525 1422 597 occuparet

271 633 347 672 eam.
385 615 452 684 Que
471 616 507 671 ad
527 615 621 670 sancti
639 613 726 670 Kebii
742 613 875 670 casulam
893 611 999 686 refugii
1016 614 1111 684 gratia
1124 613 1267 670 velociter
1282 613 1422 680 cucurrit,

272 720 344 775 rege
369 719 437 758 eam
462 712 616 774 sequente.
656 701 692 756 Et
713 701 754 756 ait
774 717 845 757 rex:
867 699 1007 757 ‘Dimitte
1029 700 1126 756 illam?
1163 700 1218 757 Cui
1243 699 1313 758 ille:
1334 701 1422 756 ‘Non

272 790 428 860 dimittam,
451 789 507 846 nisi
527 790 648 846 dederis
665 789 692 845 ei
709 788 769 845 vite
791 787 955 861 refugium!
995 787 1044 844 ‘Si
1065 805 1124 844 non
1145 787 1305 858 dimiseris,
1326 788 1423 862 iuquit

243 890 257 943 5
272 895 336 945 rex,
349 878 388 933 de
400 886 480 933 terra
493 893 560 934 mea
573 887 603 933 te
616 875 747 932 eiiciam.’
785 875 839 932 Vir
851 875 899 932 dei
912 877 952 933 ait
965 894 972 932 :
993 877 1000 905 ‘
1013 875 1080 932 Non
1093 883 1140 932 est
1156 875 1187 931 in
1204 885 1255 932 tua
1273 885 1423 948 potestate

272 975 303 1022 vt
324 964 425 1022 elicias
447 983 496 1020 me
516 965 555 1020 de
576 973 655 1020 terra
675 963 741 1032 ista,
764 963 818 1019 sed
843 963 874 1019 in
900 971 1046 1034 potestate
1070 962 1119 1019 dei
1144 971 1199 1022 est.
1236 963 1298 1020 Sed
1319 972 1422 1020 tamen

271 1051 418 1108 dimittam
439 1051 491 1108 tibi
511 1051 600 1119 illam,
619 1051 644 1107 si
663 1050 868 1106 immolaueris
888 1051 945 1106 deo
965 1049 1162 1123 omnipotenti
1182 1059 1212 1107 et
1232 1049 1305 1106 mihi
1329 1057 1423 1107 totam

271 1149 383 1197 terram
403 1157 493 1213 quam
513 1139 661 1196 circuierit
678 1147 747 1194 ante
767 1137 913 1194 molosum
934 1139 1035 1193 tuum’
1072 1137 1161 1208 Quod
1179 1155 1247 1194 cum
1264 1137 1424 1194 annuisset

273 1245 336 1297 rex,
355 1236 500 1301 sequutus
516 1235 562 1284 est
583 1225 717 1282 molosus
734 1225 815 1281 illam
836 1242 891 1297 per
909 1223 1050 1281 territorii
1070 1225 1233 1293 circuitum,
1252 1235 1282 1281 et
1299 1243 1423 1282 reuersa

229 1335 259 1370 ιο
273 1325 319 1372 est
336 1317 373 1372 ad
391 1316 523 1372 casulam
541 1313 635 1370 sancti
653 1313 702 1370 dei
720 1313 838 1368 itemm.
875 1312 967 1368 Ortus
985 1321 1031 1369 est
1047 1321 1151 1384 postea
1169 1312 1326 1370 conflictus
1344 1313 1424 1369 inter

273 1421 377 1476 regem
395 1412 425 1458 et
437 1403 534 1459 virum
547 1402 604 1469 dei,
618 1401 672 1457 sed
688 1399 715 1456 ei
734 1401 878 1456 resistere
890 1417 950 1456 non
967 1408 1091 1472 poterat.
1128 1399 1260 1457 Contulit
1272 1419 1345 1472 ergo
1356 1400 1424 1457 viro

272 1491 321 1546 dei
331 1491 364 1560 (Ξ)
379 1489 534 1546 castellum
556 1505 653 1555 suum,
665 1489 722 1544 deo
738 1495 767 1543 et
784 1495 888 1544 sancto
908 1487 1005 1544 Kebio
1019 1487 1050 1542 in
1064 1496 1253 1561 perpetuum.
1290 1487 1346 1544 Vir
1357 1497 1424 1544 tan·

273 1578 344 1634 dem
357 1577 407 1634 dei
424 1579 453 1632 in
467 1585 621 1632 senectute
634 1577 720 1644 bona,
735 1576 878 1648 operibus
890 1575 977 1630 bonis
989 1574 1107 1647 plenus,
1118 1584 1205 1632 sexto
1218 1575 1285 1632 idus
1298 1592 1424 1632 nouem-

274 1664 338 1721 bris
350 1664 490 1737 migrauit
502 1664 540 1720 ad
553 1663 716 1719 dominum.

310 1801 381 1873 [ns.
393 1801 458 1859 Tib.
471 1803 565 1858 adas:
765 1783 903 1839 Narrat'v
914 1783 931 1840 ¹·

230 1909 258 1959 ¹⁵
312 1879 419 1950 Senex
439 1889 561 1964 quidam
584 1891 695 1946 sedens
720 1888 751 1946 in
777 1889 921 1962 spelunca
946 1889 1048 1945 habuit
1069 1889 1220 1961 quendam
1243 1889 1424 1963 discipulum

274 1980 441 2052 probatum,
463 1995 553 2051 quem
575 1995 644 2033 cum
665 1977 731 2032 uice
754 1978 883 2048 quadam
906 1977 1039 2032 motibus
1061 1976 1261 2042 instruxisset
1282 1986 1426 2050 grauatus

274 2075 320 2122 est
345 2082 482 2138 sompno.
520 2065 596 2121 Cum
628 2072 729 2121 autem
760 2063 810 2120 diu
836 2064 957 2120 sederet
983 2063 1157 2136 discipulus,
1182 2065 1357 2137 compulsus
1379 2075 1427 2121 est

273 2153 488 2227 cogitacionum
509 2153 644 2208 molestia
658 2153 801 2209 recedere
814 2160 844 2208 et
857 2151 1005 2208 dormire:
1025 2160 1056 2206 et
1068 2169 1164 2224 usque
1182 2152 1300 2224 sepcies
1315 2153 1426 2209 restitit

275 2239 473 2314 (cogntacioni
491 2257 554 2296 sue.
590 2239 727 2295 Tandem
745 2238 893 2312 euigilans
909 2255 1006 2295 senex
1020 2239 1135 2296 inuenit
1152 2257 1221 2295 eum
1238 2239 1426 2296 assidentem

230 2343 261 2378 πο
274 2328 340 2398 sibi,
364 2337 394 2384 et
418 2327 476 2384 ait:
500 2327 618 2400 ‘Vsque
643 2327 732 2382 modo
756 2343 815 2382 non
838 2326 1037 2382 discessistir‘
1076 2327 1114 2383 Et
1135 2327 1202 2384 ille:
1226 2327 1328 2396 5Νοης
1355 2330 1427 2401 quia

274 2432 396 2472 menon
411 2413 578 2484 dimiseras,
592 2416 693 2487 pater!
732 2413 834 2470 Senex
852 2413 945 2470 dixit:
969 2415 1088 2485 ‘Quare
1104 2432 1153 2472 me
1170 2432 1230 2471 non
1250 2415 1389 2472 excitasti
1400 2419 1427 2474 i'

275 2503 313 2560 Et
339 2503 406 2560 ille:
430 2501 494 2559 ‘Ne
519 2501 595 2558 sorte
620 2511 650 2558 te
674 2501 923 2558 contribularem!
962 2502 999 2558 Et
1018 2501 1130 2560 dimisit
1152 2519 1221 2559 eum
1244 2519 1349 2559 senex.
1389 2503 1428 2560 Et

275 2607 343 2646 cum
364 2589 484 2646 sederet
507 2589 598 2658 solus,
621 2588 716 2646 sactus
738 2589 834 2646 estin
856 2607 985 2646 excessu
1010 2589 1137 2648 mentis:
1158 2599 1188 2647 et
1212 2607 1282 2647 ecce
1302 2591 1427 2663 quidam
1525 2663 1526 2670 ἵ

275 2677 452 2734 ostendebat
474 2676 502 2734 ei
524 2677 621 2733 locum
643 2677 816 2750 gloriosum,
836 2687 866 2732 et
891 2678 996 2734 sedem
1020 2677 1051 2734 in
1077 2695 1122 2746 eo,
1147 2688 1177 2735 et
1202 2681 1428 2752 supersedent
1525 2675 1526 2690 ¹

231 2783 260 2832 ²5
275 2773 392 2837 septem
420 2781 555 2821 coronas.
605 2763 811 2837 Interrogabat
838 2773 938 2820 autem
971 2765 1054 2821 illum
1079 2765 1130 2838 qui
1155 2766 1210 2823 hec
1235 2768 1428 2838 ostendebat,

275 2853 359 2909 cuius
384 2860 487 2908 essent
512 2853 577 2908 hec.
622 2851 660 2908 Et
685 2850 751 2908 ille:
783 2851 947 2925 ‘Discipuli
972 2854 1023 2908 tui.
1061 2852 1098 2908 Et
1123 2853 1220 2909 locum
1245 2852 1369 2927 quidem
1398 2867 1429 2913 et

275 2941 379 2996 sedem
404 2957 460 3012 pro
484 2937 717 2996 conuersacione
738 2956 793 2995 sua
801 2938 820 3009 ¹,
840 2939 894 2996 has
915 2939 1033 3011 [uero]³
1051 2949 1168 3012 septem
1189 2957 1316 2998 coronas
1338 2953 1429 3001 nocte

275 3027 330 3082 ista
344 3022 525 3099 promeruit!
562 3026 629 3082 Hec
650 3025 784 3094 audiens,
799 3025 922 3084 miratus
941 3038 1006 3084 est:
1026 3037 1056 3085 et
1068 3028 1259 3085 tremefactus
1278 3029 1429 3103 discipulo

274 3115 365 3172 dixit:
388 3114 460 3172 ‘Dic
482 3113 571 3170 michi
591 3113 663 3186 quid
682 3113 789 3170 seceris
809 3123 895 3172 nocte
915 3116 988 3172 ista’
1027 3115 1065 3172 Et
1083 3115 1150 3172 ille:
1172 3117 1315 3190 ‘ignosce
1335 3119 1428 3175 michi

230 3211 369 3275 sopater,
389 3203 458 3274 quia
480 3202 569 3258 nichil
589 3200 662 3258 ieci!
708 3201 810 3258 Senex
834 3213 934 3259 autem
956 3203 1133 3260 existimans
1151 3206 1220 3276 quia
1241 3205 1428 3262 humiliando

276 3307 308 3346 se
334 3307 396 3346 non
424 3289 626 3358 confiteretur,
651 3289 742 3345 dixit:
770 3289 891 3360 ‘Crede,
917 3308 977 3347 non
1002 3291 1123 3363 quiesco
1137 3291 1194 3348 nisi
1207 3291 1321 3348 dixeris
1336 3293 1428 3350 michi

275 3377 346 3451 quid
371 3377 466 3433 iecisti
493 3377 540 3432 uel
565 3377 636 3449 quid
658 3377 793 3448 cogitasti
816 3387 902 3434 nocte
924 3379 997 3434 ista.¹
1035 3377 1188 3452 ‘ignosce
1209 3377 1315 3452 inquit,
1336 3380 1429 3438 michi

276 3474 369 3538 pater,
390 3463 479 3520 nichil
501 3463 555 3520 leci
575 3463 634 3520 nisi
652 3473 767 3520 tantum
790 3466 870 3537 quod
890 3466 1084 3538 compulsus·
1105 3476 1187 3523 motu
1210 3466 1428 3539 cogitationum
1523 3503 1524 3510 .

276 3569 410 3608 mearum
430 3563 462 3610 ut
480 3550 667 3608 discederem
685 3562 716 3608 et
734 3552 896 3608 dormirem
916 3551 1042 3626 sepcies,
1056 3562 1102 3610 set
1114 3553 1215 3626 quiaa
1233 3562 1264 3610 te
1283 3554 1429 3612 dimissus

231 3653 261 3702 ³⁵
276 3657 337 3696 non
358 3639 481 3710 fueram,
502 3657 561 3695 non
581 3641 710 3696 recessi!
749 3640 787 3696 Et
808 3639 956 3697 intellexit
974 3658 1069 3698 senex
1088 3640 1301 3715 quiaquociens
1319 3643 1430 3700 restitit

276 3727 450 3801 cogitacioni
463 3745 527 3798 sue,
541 3727 677 3799 (tociens)
691 3729 890 3785 coronabatur
902 3747 919 3786 a
931 3729 1010 3800 deo]

571 3930 596 3991 ll
617 3917 672 3986 De
690 3947 806 3987 sarcre
827 3930 958 3987 Karna⁸
975 3931 1128 3988 vrxarnrr‘.

284 4049 432 4177 BEata
430 4049 510 4106 enim
532 4049 641 4123 Keyna
658 4049 743 4123 virgo
761 4052 800 4107 de
821 4049 912 4126 regali
932 4051 1072 4126 prosapia
1093 4053 1123 4108 in
1146 4051 1322 4110 occidentali
1341 4065 1431 4128 parte
1521 4049 1523 4120 i

374 4137 496 4194 Maioris
515 4137 669 4194 Britannia
682 4137 808 4195 oriunda
825 4139 928 4195 extitit.
966 4139 1057 4196 Cuius
1073 4149 1159 4213 pater
1178 4157 1231 4197 rex
1252 4141 1432 4216 Bregheno·
1521 4127 1522 4186 l

310 4249 564 4315 ¹ctvicPatr.90
714 4249 1138 4303 ’VP.adds:donau1te1deus
1279 4255 1432 4308 ’neuim

276 4315 285 4344 5
302 4315 354 4366 VP
369 4332 452 4394 comp
464 4333 529 4367 sum.
564 4267 654 4367 35Τ.
669 4317 762 4368 licina.
843 4315 854 4346 ⁸
871 4318 917 4369 Ed
930 4319 1025 4370 inAct.
1040 4320 1087 4369 SS.
1101 4319 1167 4370 Boll.
1178 4319 1265 4370 aoet.
1279 4321 1322 4372 lV.
1334 4337 1360 4386 p.
1373 4327 1432 4386 apo.

277 4381 355 4431 Same
367 4391 424 4432 text
436 4398 462 4430 m
476 4381 530 4432 MS.
544 4381 619 4432 Bodi.
632 4399 688 4444 2⁴⁰·
