3044 4894
276 287 322 379 38
592 283 722 370 unta
747 278 938 384 trumba
962 279 1114 385 angla

275 481 363 552 u'erit,
383 491 415 540 vt
435 482 671 540 innumerabiles
694 499 879 556 paganorum
904 484 941 540 ad
961 482 1052 540 deum
1074 481 1265 550 conuerterit,
1287 481 1431 539 miserias

276 571 385 628 multas
408 570 580 628 hominum¹
599 572 722 639 orando,
741 571 926 628 consolando
945 570 1134 636 releuauerit,
1152 580 1183 628 et
1201 579 1264 626 tota
1280 569 1342 626 vita
1361 571 1430 627 eius

276 659 360 732 quasi
381 659 538 732 speculum
560 675 686 716 cernere
704 657 895 731 cupientibus
915 657 1144 731 resplenduerit
1182 657 1247 715 Sibi
1266 674 1379 730 parcus
1400 667 1430 715 et

276 745 388 804 Christi
407 747 591 820 pauperibus
606 747 716 820 largus,
729 744 867 802 seruiens
886 745 1008 802 domino
1027 746 1058 802 iu
1075 745 1182 820 spiritu
1202 745 1383 803 humilitatis
1400 755 1431 803 et

247 853 262 904 5
276 833 375 892 officio
387 835 479 892 totius
491 833 651 902 charitatis,
665 833 798 891 certabat
812 832 970 890 interillos
983 832 1175 890 annumerari
1189 851 1265 906 quos
1278 834 1431 891 beatificat

276 921 427 978 sententia
439 921 570 978 Christi:
591 925 598 952 ‘
610 920 703 991 Beati,
720 919 825 992 inquit,
844 937 994 994 pauperes
1009 921 1124 994 spiritu,
1138 922 1278 994 quoniam
1291 921 1431 994 ipsorum

275 1017 324 1066 est
342 1025 471 1082 regnum
490 1009 641 1066 celorum!
677 1007 824 1065 Studebat
848 1007 905 1065 sibi
929 1017 959 1064 et
982 1008 1122 1066 omnibus
1140 1007 1283 1080 vigilare;
1303 1009 1431 1076 orando,

277 1096 444 1169 psallendo,
458 1096 626 1166 excitando,
638 1112 745 1154 omnes
763 1113 868 1152 secum
888 1095 919 1152 in
941 1113 1100 1154 occursura
1119 1095 1233 1152 domini
1254 1113 1432 1169 preparare.

278 1183 389 1256 Sicque
402 1185 440 1242 de
454 1184 541 1242 buius
555 1185 658 1240 mundi
676 1183 827 1256 ergastulo
839 1183 877 1239 ad
891 1183 1019 1256 patriam
1036 1182 1179 1240 claritatis
1194 1192 1300 1240 eterne
1318 1184 1432 1241 bansi-

233 1293 263 1330 ιο
278 1271 328 1340 uit,
348 1271 446 1345 pridie
467 1271 524 1327 kal.
543 1271 683 1340 octobris,
702 1288 782 1327 anno
801 1270 914 1327 domini
935 1271 1158 1327 sexcentesimo
1177 1270 1431 1343 quinquagesimo

277 1358 374 1427 tertio,
385 1367 414 1415 et
428 1358 459 1417 in
473 1358 655 1415 monasterio
673 1357 878 1432 apostolorum
893 1357 973 1414 Petri
986 1366 1017 1414 et
1031 1357 1116 1414 Pauli
1128 1375 1197 1414 cum
1210 1357 1346 1430 patribus
1367 1359 1431 1416 suis

277 1446 431 1518 sepelitur.
507 1433 632 1520 Elapsis
657 1455 725 1518 post
747 1446 803 1502 hec
825 1445 928 1502 multis
950 1445 1047 1512 annis,
1068 1462 1137 1503 curn
1157 1445 1223 1501 eius
1244 1445 1374 1517 reliquie
1393 1447 1431 1503 de

277 1542 359 1592 terra
371 1533 571 1603 eieuarentur,
585 1533 659 1590 hora
671 1549 730 1606 qua
743 1533 808 1590 eius
820 1532 916 1606 cripta
933 1549 1001 1590 cum
1015 1531 1175 1590 effodiente
1192 1532 1311 1590 sarculo
1323 1543 1432 1606 aperta

258 1629 333 1691 ·est‚
353 1629 415 1676 tam
441 1620 549 1694 ingens
568 1621 671 1678 odoris
693 1619 866 1678 suauissimi
891 1620 1058 1693 fragrancia
1085 1619 1163 1676 illico
1186 1621 1294 1692 erupit,
1313 1630 1345 1676 vt
1365 1622 1432 1694 qui·

234 1730 262 1782 ¹⁵
278 1724 396 1780 cunque
409 1717 480 1766 tunc
493 1718 598 1766 sancto
614 1707 658 1765 ilii
676 1707 778 1765 officio
797 1717 956 1781 presentes
975 1709 1110 1777 aderant,
1122 1708 1215 1764 odore
1231 1707 1281 1765 illo
1295 1709 1432 1780 respersi

278 1813 347 1852 curn
360 1813 470 1869 magna
482 1797 582 1854 cordis
594 1797 755 1852 deuotione
766 1795 871 1852 laudes
881 1796 939 1852 deo
949 1795 1176 1868 proclamarent
1251 1783 1433 1868 Derogabat

278 1881 399 1955 quidam
411 1883 606 1942 emulushuic
620 1891 734 1953 sancto,
741 1883 900 1956 preferens
909 1883 1110 1956 illiquendam
1119 1882 1263 1940 secularis
1275 1883 1432 1956 opulentie

278 1969 452 2044 episcopum
465 1972 516 2044 qui
532 1971 692 2030 ecclesiam
711 1971 761 2028 dei
780 1971 885 2028 multis
903 1973 1010 2044 opibus
1027 1980 1057 2027 et
1073 1971 1228 2028 ornatibus
1245 1979 1434 2038 extruxerat,

277 2075 346 2114 curn
359 2059 539 2116 istum²ta1e
552 2059 663 2132 aliquid
676 2057 810 2115 utilitatis
829 2058 860 2114 in
873 2058 933 2116 vita
953 2075 1007 2115 sua
1020 2057 1128 2116 secisse
1143 2058 1260 2114 nullum
1269 2057 1434 2130 vestigium

233 2167 264 2203 ro
278 2146 325 2203 sit
363 2146 450 2217 Quod
463 2146 513 2204 vbi
526 2146 592 2204 eius
605 2145 662 2203 loci
674 2147 758 2219 prior
768 2146 941 2203 nunciatum
952 2163 1025 2220 egre
1037 2146 1139 2216 ferret,
1148 2155 1236 2202 nocte
1245 2147 1435 2218 subsequuta

278 2233 397 2290 cuidam
411 2233 524 2292 seniori
538 2233 659 2306 quidam
672 2233 852 2290 venerabilis
870 2237 900 2290 in
914 2233 981 2291 visu
1003 2233 1104 2303 astitit,
1118 2233 1157 2290 ita
1172 2234 1306 2306 preclare
1324 2233 1435 2292 lucens

279 2319 355 2378 sicut
375 2321 430 2390 sol,
444 2321 567 2378 dicens:
587 2320 706 2391 ‘Quare
719 2320 769 2378 ille
781 2321 849 2378 talis
868 2321 1011 2379 hesterno
1029 2321 1078 2380 die
1097 2330 1236 2378 sanctum
1256 2321 1435 2379 dominum⁸

281 2407 452 2464 Honorium
474 2408 599 2465 abusiua
623 2409 756 2466 lacerare
777 2409 870 2466 voluit
892 2409 1076 2466 detractione
1097 2411 1127 2465 in
1148 2407 1299 2481 pontilicis
1318 2408 1434 2467 laudati

279 2494 467 2568 prelatione?
498 2494 560 2552 Cur
573 2495 632 2552 hiis
645 2497 747 2553 relatis
762 2497 845 2569 prior
861 2514 899 2553 ex
913 2513 999 2554 sacro
1012 2496 1168 2568 euangelio
1181 2512 1241 2552 non
1254 2499 1434 2568 respondit:

235 2603 265 2653 ²⁵
281 2582 350 2655 quia
359 2582 500 2638 omnibus
507 2582 713 2655 largitionibus
723 2584 849 2640 diuitum
858 2583 989 2656 copiosis
999 2585 1068 2656 plus
1080 2584 1139 2640 due
1150 2583 1262 2640 minute
1272 2583 1435 2643 valuerunt

280 2670 454 2742 euangelice
469 2671 652 2744 paupercule
668 2672 747 2744 apud
763 2671 893 2728 iudicem
911 2671 1058 2728 iustuml'
1099 2671 1199 2727 Hinc*
1212 2670 1307 2744 [ergo]
1319 2670 1330 2702 ⁵
1342 2671 1435 2731 datur

279 2757 414 2830 intelligi,
429 2757 518 2814 huius
532 2767 696 2831 paupertas
713 2767 825 2830 quanto
842 2759 1007 2831 preciosior
1019 2758 1108 2815 luerit
1120 2758 1231 2814 diuitiis
1244 2758 1337 2816 seculi
1349 2764 1434 2834 apud

280 2845 446 2915 dominum,
466 2862 527 2902 non
548 2845 612 2902 auri
633 2846 824 2919 probatorem
847 2848 903 2904 sed
921 2847 1001 2904 fidei.
1038 2846 1099 2902 Hic
1121 2846 1322 2903 transitoriam
1341 2847 1435 2907 huius

281 2932 385 2988 mundi
396 2949 538 3006 pompam
547 2949 702 3006 respuens,
713 2943 743 2990 et
753 2933 873 2990 celestis
882 2933 967 3008 regni
976 2933 1102 3007 gloriam
1112 2951 1235 3007 semper
1244 2933 1434 3007 desiderans,

235 3037 267 3086 30
281 3037 362 3076 nunc
378 3037 447 3077 cum
466 3021 589 3078 domino
607 3037 748 3093 regnans,
765 3021 920 3078 dominum
938 3021 1025 3080 nobis
1042 3021 1205 3095 propitium
1224 3021 1254 3076 in
1269 3021 1326 3078 hoc
1343 3025 1435 3082 esse‘

280 3108 383 3164 seculo
396 3125 519 3180 semper
530 3107 662 3165 exorati.

735 3179 770 3252 [il
789 3178 968 3251 Nummi]

317 3261 415 3332 Anno
423 3273 518 3346 gratie
528 3273 690 3331 millesimo
698 3274 863 3332 centesimo
873 3275 1075 3348 octuagesimo
1083 3275 1181 3349 primo
1194 3276 1272 3349 apud
1288 3275 1433 3346 Rolnam,

281 3364 449 3422 secundum
462 3363 664 3432 Vincentium,
678 3363 818 3420 monachi
836 3364 875 3421 de
894 3363 1022 3421 ecclesia
1040 3364 1128 3421 beate
1147 3363 1243 3420 Marie
1263 3381 1282 3420 a
1300 3367 1434 3436 quodam

281 3453 433 3524 burgense
455 3449 581 3522 pecunia
603 3459 726 3522 accepta
748 3459 861 3522 mutuo,
883 3451 983 3508 eidem
1004 3453 1125 3508 nomine
1146 3450 1281 3524 pignoris
1301 3437 1434 3512 cominas

237 3565 267 3616 35
282 3538 409 3596 ecclesie
428 3537 624 3594 tradiderunt
664 3537 797 3594 Instante
809 3555 882 3595 vero
901 3548 1006 3612 postea
1024 3538 1186 3596 iestiuitate
1204 3547 1308 3596 sancte
1327 3539 1434 3610 Maris,

281 3644 321 3683 ne
336 3625 462 3682 ecclesia
475 3624 688 3682 destitueretur
706 3643 761 3682 suo
774 3634 889 3695 ornatu,
902 3629 1046 3699 rogabant
1056 3627 1194 3684 monachi
1205 3627 1390 3699 burgensem
1405 3641 1435 3686 ut

281 3713 412 3771 cortinas
428 3713 493 3769 eius
513 3713 700 3782 concederet,
718 3712 938 3771 restituendas⁹
951 3714 1053 3770 statim
1070 3725 1138 3786 post
1155 3713 1273 3771 festum.
1312 3714 1373 3785 Qui
1387 3735 1435 3774 re·

281 3801 404 3875 spondit
415 3800 495 3873 quod
509 3799 560 3856 ille
572 3800 687 3857 cortine
703 3801 782 3857 circa
794 3801 904 3858 lectum
916 3804 1020 3859 uxoris
1037 3801 1067 3858 iu
1081 3801 1243 3876 puerperio
1255 3803 1435 3862 decubantis

280 3890 493 3958 tendebantur,
506 3905 563 3944 nec
576 3889 647 3945 inde
659 3897 783 3961 possent
796 3889 985 3962 aliquatenus
995 3889 1137 3946 amoueri.
1165 3889 1330 3946 Transacta
1343 3891 1436 3964 igitur

235 4002 269 4054 40
282 3977 454 4047 sestiuitate,
467 3985 555 4033 nocte
573 3976 713 4048 proxima
731 3977 818 4034 beata
832 3977 918 4050 virgo
930 3979 1016 4033 uxori
1036 3994 1092 4034 sue
1110 3993 1261 4050 apparens
1279 3977 1340 4034 ait:
1362 3978 1436 4038 ‘Vir

281 4075 350 4122 tuus
363 4073 520 4139 peccatum
533 4065 646 4138 grande
659 4063 818 4135 commisit,
831 4081 887 4121 nec
900 4064 1064 4138 impietatis
1077 4081 1131 4121 sue
1144 4081 1289 4122 excessus
1301 4065 1435 4141 relinqui

281 4153 391 4228 poterit
405 4152 581 4227 impunitus.
619 4151 721 4208 Tertia
735 4152 835 4224 itaque
850 4151 900 4208 die
916 4151 1061 4210 morietur
1076 4151 1156 4209 iilius
1171 4160 1249 4220 tuus,
1262 4160 1292 4208 et
1304 4152 1352 4210 vir
1365 4163 1436 4213 tuus

314 4261 513 4314 ²T.hominum
525 4265 624 4316 multas.
660 4263 717 4316 ¹E.
730 4265 831 4315 iustum.
875 4265 930 4316 ³T.
945 4266 1049 4316 domini.
1091 4257 1148 4315 Ἐ
1161 4265 1238 4316 Huic.
1278 4263 1334 4315 'E
1348 4268 1436 4331 igitur.

280 4327 521 4382 ⁶G.etinfuturo.
571 4331 629 4382 ἵ(ἱ.
642 4339 742 4384 exoret.
791 4331 894 4382 ’From
906 4331 979 4382 Vinc.
992 4332 1057 4382 Bell.
1108 4333 1163 4383 ⁰T.
1176 4331 1359 4384 restituendas.
