3012 4898
281 314 354 388 324
593 291 725 382 uota
749 288 940 394 toranus
965 289 1117 396 umus.

278 491 354 562 viso,
368 509 464 566 nepos
477 491 599 566 quidam
619 493 720 567 regls¹
741 492 934 551 contristatus
952 492 1049 562 valde,
1067 508 1136 550 cum
1159 489 1241 548 omui
1265 489 1436 548 humilitate

278 580 395 654 rogauit
411 581 532 638 beatum
547 580 690 638 Piranum
702 589 735 638 vt
751 597 856 654 regem
874 598 892 637 a
909 582 1036 638 mortuis
1054 580 1234 638 resuscitare
1246 579 1436 652 dignaretur.

279 667 347 738 Quo
364 677 479 738 orante,
492 685 547 725 rex
565 686 583 724 a
601 668 729 726 mortuis
747 685 920 741 resurgens,
932 669 1096 740 prostrauit
1113 685 1147 725 se
1164 667 1202 724 ad
1219 667 1320 740 pedes
1338 664 1435 722 sancti

280 755 390 824 Pirani,
414 765 444 813 et
469 756 665 830 penitentiam
690 773 786 830 agens
809 756 891 813 dedit
910 756 938 813 ei
958 755 1053 812 filium
1078 773 1178 813 suum.
1248 741 1434 825 ’Tempore

252 843 414 901 sautumni
436 853 560 901 sanctus
579 843 706 902 Piranus
726 844 911 901 lintheamen
929 861 1022 900 vnum
1041 842 1187 916 expandit
1205 857 1303 914 super
1322 841 1434 896 rubum

278 931 431 1004 quendam
463 949 564 988 moros
595 932 697 1005 nigros
727 932 896 1001 habentem,
919 940 949 988 et
974 931 1046 987 illud
1077 930 1117 987 ibi
1145 929 1273 1002 reliquit,
1299 927 1435 1002 preuidit

278 1017 360 1074 enim
385 1019 416 1076 in
441 1018 548 1092 spiritu
573 1021 653 1092 quod
679 1020 773 1076 rubus
796 1019 847 1076 ille
871 1019 1062 1076 necessarius
1086 1027 1169 1076 esset
1193 1017 1322 1074 iuturus
1363 1015 1436 1071 Post

278 1105 392 1179 pascha
403 1106 484 1162 enim
497 1106 579 1164 venit
592 1106 746 1180 Cohingus
762 1123 817 1164 rex
834 1107 872 1162 ad
886 1123 993 1162 cenam
1015 1121 1157 1178 magnam
1169 1121 1260 1178 quam
1273 1102 1334 1160 sibi
1346 1120 1437 1176 para-

278 1203 364 1251 uerat
373 1193 539 1251 Concolor³
552 1211 607 1251 rex
616 1195 646 1250 in
657 1194 768 1251 finibus
779 1193 903 1250 Ossirie.
935 1193 1053 1266 Regina
1065 1201 1165 1248 autem
1174 1190 1302 1264 Cohingi
1312 1193 1437 1247 arnabat

236 1291 266 1328 ¹0
278 1297 384 1354 regem
397 1281 597 1339 Concolorem
611 1289 640 1338 et
652 1299 729 1338 vxor
743 1283 809 1339 eius
827 1281 895 1337 lieri
908 1281 1037 1338 volebat.
1076 1279 1145 1337 Rex
1161 1289 1261 1336 autem
1274 1279 1436 1350 Cobingus

278 1385 375 1426 senex
400 1379 483 1426 erat:
508 1371 564 1428 sed
583 1369 732 1426 Concolor
750 1379 907 1443 peccatum
929 1367 1117 1425 committere
1139 1383 1282 1436 renuens,
1301 1365 1437 1423 uiuentis

237 1487 240 1496 ·
278 1455 359 1528 regis
373 1473 499 1515 vxorem
519 1456 658 1529 accipere
676 1457 890 1514 detestabatur.
925 1456 1042 1514 Videns
1060 1463 1161 1512 autem
1180 1454 1287 1527 regina
1306 1471 1344 1510 se
1364 1471 1437 1511 esse

278 1552 492 1617 contemptam,
511 1543 590 1602 inter
608 1547 684 1602 duos
704 1561 794 1617 reges
812 1543 992 1600 discordiam
1012 1545 1156 1600 suscitare
1175 1559 1236 1599 non
1254 1541 1379 1611 timuit;
1402 1559 1436 1598 se

277 1631 367 1687 etiam
384 1629 537 1688 infirmam
554 1630 714 1689 simulauit.
751 1631 808 1690 Cui
824 1649 932 1688 omnes
949 1631 1109 1688 dixerunt:
1129 1629 1226 1700 ‘Quid
1238 1631 1286 1686 vis
1298 1639 1331 1686 vt
1344 1631 1436 1686 detur

236 1729 263 1781 ¹5
277 1717 364 1774 tibi?’
402 1717 521 1792 Regina
544 1719 602 1776 ait:
631 1719 841 1777 ‘Desiderium
863 1735 965 1776 meum
991 1735 1052 1775 non
1077 1727 1125 1776 est
1149 1718 1238 1774 huius
1262 1718 1435 1790 temporis:

277 1805 347 1862 volo
360 1823 462 1863 moros
475 1808 651 1863 comedere!
688 1805 814 1864 Timens
827 1816 926 1864 autem
940 1805 1090 1862 Concolor
1107 1823 1162 1862 rex
1179 1821 1219 1860 ne
1236 1804 1344 1878 regina
1362 1823 1434 1862 eum

276 1895 315 1950 ad
336 1895 522 1967 peccandum
545 1893 688 1962 alliceret,
706 1911 724 1950 a
744 1903 849 1951 sancto
869 1893 978 1950 Pirano
997 1893 1150 1951 humiliter
1170 1891 1316 1949 auxilium
1336 1894 1436 1965 petiit

277 1981 362 2038 Tunc
377 1980 503 2038 Piranus
515 1981 596 2038 misit
608 1982 645 2038 ad
659 1982 768 2038 rubum
781 1981 987 2054 supradictum
1000 2001 1007 2039 :
1027 1989 1058 2037 et
1074 1980 1216 2037 inuentus
1232 1989 1279 2036 est
1292 1997 1367 2036 cum
1380 1999 1435 2037 suo

276 2067 374 2125 l'ructu
389 2069 507 2141 plenus,
519 2077 550 2126 et
568 2068 752 2126 lintheamen
772 2086 864 2142 super
880 2085 914 2126 se
931 2068 1047 2125 habens
1064 2083 1243 2141 expansum.
1282 2066 1322 2123 Et
1341 2069 1435 2125 allato

233 2169 265 2205 το
276 2153 374 2212 fructu
388 2156 491 2229 regina
504 2156 636 2224 satiatur,
649 2165 679 2212 et
692 2164 757 2213 erat
769 2158 856 2229 quasi
874 2157 933 2213 mel
950 2157 981 2212 in
995 2171 1048 2212 ore
1067 2154 1301 2214 comedentium.
1340 2155 1434 2212 Facta

276 2252 376 2300 autem
393 2260 449 2316 per
463 2243 605 2300 Piranum
623 2243 701 2300 inter
717 2261 806 2317 reges
822 2259 906 2315 pace,
921 2244 1025 2315 regina
1041 2242 1206 2316 prostrauit
1224 2259 1258 2299 se
1275 2242 1316 2298 ad
1334 2245 1435 2316 pedes

228 2357 231 2366 ·
276 2330 331 2387 viri
345 2329 402 2387 dei.
439 2330 494 2387 Cui
506 2331 553 2387 vir
565 2340 688 2388 sanctus
704 2331 764 2389 ait:
785 2334 794 2362 ⁴
804 2331 872 2387 Non
891 2347 1017 2404 possum
1035 2340 1065 2386 te
1084 2348 1102 2387 a
1120 2338 1217 2386 morte
1235 2328 1434 2402 iugulationis

276 2417 459 2480 defendere)
498 2417 536 2474 Et
560 2416 671 2475 factum
693 2427 740 2474 est
758 2427 790 2474 vt
815 2417 881 2491 ipsa
902 2417 1005 2490 regina
1028 2427 1134 2491 postea
1156 2416 1288 2490 iugulata
1314 2416 1375 2488 sit;
1405 2429 1433 2475 et

277 2503 424 2562 Concolor
443 2522 498 2563 rex
516 2504 621 2562 obtulit
640 2523 675 2563 se
690 2505 799 2561 Pirano
811 2521 880 2562 cum
896 2505 977 2561 omni
994 2513 1143 2578 potestate
1160 2519 1215 2561 sua
1230 2504 1262 2560 in
1279 2513 1435 2563 eternum.

232 2610 262 2660 ²5
278 2579 362 2650 Cum
383 2592 518 2649 venisset
539 2592 676 2666 Loigaire
691 2592 703 2624 ⁴
721 2610 776 2649 rex
794 2609 863 2649 cum
887 2592 1022 2650 exercitu
1046 2610 1102 2650 suo
1125 2593 1164 2649 ad
1188 2592 1300 2648 bellum
1327 2605 1435 2651 contra

277 2696 379 2752 regem
400 2679 615 2748 cassiliensem,
636 2679 765 2737 Piranus
786 2679 891 2736 exiens
909 2681 991 2738 venit
1008 2689 1040 2736 vt
1059 2697 1165 2753 pacem
1192 2679 1327 2736 mitteret
1352 2681 1435 2739 inter

275 2766 352 2824 illos.
390 2765 452 2824 Sed
466 2785 555 2840 reges
569 2767 712 2840 superbia
724 2766 819 2824 inssati
831 2783 939 2840 pacem
952 2767 1089 2841 recipere
1103 2776 1291 2824 recusarunt.
1329 2768 1434 2826 Orans

276 2853 368 2926 igitur
385 2854 491 2912 beatus
506 2854 642 2922 Piranus,
661 2856 742 2928 quod
756 2855 793 2912 ab
807 2854 979 2923 hominibus
996 2854 1120 2928 adipisci
1137 2872 1198 2911 non
1212 2855 1309 2928 potuit
1331 2873 1350 2912 a
1373 2860 1432 2915 deo

275 2941 461 3014 impetrauit.
489 2941 568 2998 Nam
581 2959 650 2998 cum
668 2942 772 2999 hostes
789 2941 858 2998 hinc
875 2952 906 2999 et
924 2941 994 2998 inde
1010 2943 1048 2999 ad
1065 2941 1179 2999 bellum
1196 2943 1432 3014 processissent,

230 3047 263 3096 30
275 3027 392 3086 subito³
403 3029 484 3086 inter
495 3029 563 3086 illos
580 3030 656 3087 silua
670 3029 812 3086 radicitus
824 3037 1000 3102 prostratur,
1013 3037 1043 3085 et
1056 3029 1205 3086 exercitus
1216 3038 1347 3102 vterque
1365 3033 1433 3089 sine
1490 3043 1491 3046 ’

275 3116 418 3172 desiderii
437 3117 483 3173 sui
502 3117 611 3174 ellectu
629 3118 667 3174 ab
686 3117 816 3175 inuicem
836 3116 992 3190 digressus
1011 3125 1068 3174 est.
1105 3116 1232 3173 Piranus
1246 3135 1324 3175 vero
1343 3138 1432 3177 exer·

274 3203 346 3260 citui
364 3204 445 3277 regis
463 3221 584 3261 vaccam
600 3221 691 3260 unam
710 3213 741 3261 et
760 3204 920 3261 humerum
939 3203 1003 3261 suis
1021 3205 1176 3260 cuiusdam
1195 3204 1297 3262 dedit:
1318 3215 1351 3262 et
1369 3216 1433 3264 toto

274 3291 408 3348 exercitu
421 3291 492 3348 inde
510 3300 641 3349 saturato
655 3291 815 3348 nonnullas
831 3292 972 3365 reliquias
984 3291 1173 3349 dimiserunt
1246 3280 1431 3352 Latranculi

274 3378 397 3450 quidam
409 3379 447 3434 ad
461 3379 652 3452 spoliandum
662 3388 692 3436 et
704 3379 901 3452 iugulandum
915 3389 1064 3436 exeuntes
1075 3380 1149 3436 dum
1162 3379 1191 3436 in
1206 3381 1340 3452 quadam
1354 3383 1432 3440 silua

229 3483 261 3536 ³5
275 3482 309 3522 se
335 3467 525 3537 occultarent,
546 3466 709 3524 Louanus⁵
728 3467 849 3540 quidam
871 3467 978 3524 nobilis
1002 3466 1088 3523 irruit
1112 3483 1206 3542 super
1229 3484 1293 3524 eos.
1336 3469 1431 3527 Cuius
1490 3529 1491 3544 ,

274 3551 381 3610 faciem
407 3553 449 3609 illi
474 3553 622 3620 videntes,
643 3554 809 3612 timuerunt
833 3553 942 3611 timore
968 3571 1086 3627 magno,
1112 3564 1143 3612 et
1167 3556 1373 3627 desperantes
1398 3577 1431 3615 se

275 3641 378 3697 viuere
393 3657 494 3713 posse,
507 3650 671 3698 orauerunt
683 3650 714 3698 vt
731 3642 807 3699 deus
825 3641 942 3698 meritis
961 3643 1056 3699 sancti
1071 3641 1170 3698 Pirani
1189 3641 1350 3701 adiuuaret
1368 3663 1430 3702 eos
1490 3671 1491 3692 κ

275 3727 314 3784 Et
325 3728 423 3785 subito
433 3736 494 3784 tota
506 3728 555 3785 illa
568 3728 645 3785 silua
654 3730 733 3785 inter
743 3747 795 3786 eos
806 3727 937 3785 flammis
949 3728 1028 3801 ignis
1038 3727 1049 3760 ²
1058 3730 1264 3798 choruscante,
1275 3729 1430 3798 maanus,

274 3816 376 3888 ignem
390 3816 583 3888 repentinum
595 3816 716 3886 timens,
729 3817 766 3872 ad
780 3833 834 3873 sua
847 3816 954 3872 rediit:
973 3827 1003 3873 et
1019 3816 1152 3874 latrones
1168 3815 1210 3872 illi
1227 3815 1306 3873 salui
1317 3819 1429 3890 effecti,

220 3919 262 3970 ,¹40
277 3905 315 3960 ad
334 3911 471 3959 sanctum
493 3903 634 3960 Piranum
653 3903 819 3972 venientes
832 3921 928 3975 vsque
947 3904 984 3959 ad
1003 3902 1085 3960 diem
1104 3903 1208 3960 mortis
1225 3919 1283 3959 sue
1300 3922 1374 3964 cum
1393 3925 1429 3966 eo

277 3999 522 4064 permanserunt
607 3978 743 4049 Sanctus
761 3999 861 4047 autem
882 3989 1008 4047 Piranus
1027 4001 1163 4048 sanctum
1181 3990 1346 4049 Patricium
1365 3995 1429 4068 epi·

273 4096 399 4152 scopum
419 4095 488 4136 cum
506 4080 612 4136 decem
631 4079 753 4151 regibus
774 4077 921 4135 Hibernie
939 4087 970 4135 et
988 4095 1092 4135 eorum
1112 4077 1305 4150 exercitibus,
1319 4082 1428 4139 occisis

306 4215 315 4244 ¹
331 4229 367 4263 se.
380 4214 407 4264 S.
420 4213 568 4273 Caratacus,
582 4213 609 4262 S.
622 4213 729 4263 Kierani
740 4213 866 4263 alumnus.
958 4213 969 4243 ⁸
985 4213 1023 4262 Cl.
1035 4213 1109 4276 Colg.
1120 4227 1176 4276 cap.
1191 4229 1229 4275 19.
1324 4213 1336 4244 ⁸
1353 4217 1425 4280 Colg.

274 4279 473 4343 Conchrydbiua
485 4281 537 4328 dux
549 4279 664 4328 Ossorie.
785 4279 795 4306 ⁴
811 4279 884 4340 Colg.
898 4294 947 4329 rex
957 4279 1105 4341 Themorie,
1117 4295 1192 4330 name
1204 4294 1254 4330 om.
1370 4284 1425 4334 ‘E
1490 4307 1491 4334 ;

272 4345 364 4396 subita.
439 4343 541 4408 ‘Colp
554 4345 683 4396 Lonanus.
766 4341 822 4395 'a
835 4345 923 4412 signis.
