3012 4898
434 284 695 382 Dromon
722 284 904 383 annu.
1167 292 1237 384 365
1293 225 1302 235 ⁸

84 496 120 544 et
134 488 228 546 multo
241 497 309 562 post
322 496 459 561 tempore
479 487 559 561 ligna
571 496 601 544 et
613 487 671 544 alia
684 490 853 545 necessaria
865 486 1046 544 monasterio
1058 485 1241 544 deferebant

89 563 187 656 Misit
210 585 311 633 autem
336 575 475 633 dominus
500 575 640 648 angelum
669 592 757 632 suum
782 577 894 632 sanctis
920 575 1027 645 Dauid,
1053 573 1186 645 Theliao,
1211 582 1242 631 et

89 662 233 730 Panemo,
246 663 297 737 qui
318 662 510 720 Hierusalem
528 679 657 736 peregre
675 662 834 737 proficisci,
847 671 877 719 et
892 662 1032 720 donatiua
1046 661 1087 719 ibi
1107 663 1242 736 recipere

87 751 139 808 eis
150 749 296 823 precepit
332 749 417 808 Tunc
437 749 478 806 illi
497 750 564 807 sine
581 766 656 823 pera
674 758 704 807 et
721 750 834 820 baculo,
847 750 878 806 in
897 750 1019 807 domino
1037 758 1151 806 tantum
1172 767 1243 807 con·

87 836 232 904 fidentes,
257 837 314 894 iter
334 838 489 910 arripiunt,
513 845 543 893 et
567 854 624 910 per
648 837 785 894 diuersas
806 837 976 909 prouincias
1001 855 1056 894 sue
1080 837 1271 908 sanctitatis5

88 923 222 997 vestigia
251 925 465 998 relinquentes,
491 924 709 981 occurrentium
736 923 878 981 debilium
906 925 1027 982 dolores
1056 924 1244 982 alleuiabant.

90 1012 233 1084 Cumque
243 1012 400 1084 [latrones]
411 1011 420 1044 ¹
433 1011 464 1068 in
476 1011 525 1068 via
536 1012 727 1079 obsisterent,
741 1029 801 1068 non
813 1019 928 1069 tantum
941 1011 1037 1084 spolia
1049 1011 1112 1090 iltis·
1119 1011 1244 1085 pacifice

90 1098 309 1168 concedebant,
327 1100 383 1156 sed
402 1100 427 1155 si
446 1097 518 1171 quid
536 1099 632 1171 prede
650 1099 843 1155 immemores
862 1098 919 1172 ipsi
940 1099 1153 1172 relinquerent,
1175 1116 1243 1172 pre-

91 1185 249 1242 datoribus
270 1185 356 1242 hilari
375 1185 458 1242 vultu
478 1185 679 1258 porrigebant.
717 1184 764 1242 Illi
788 1194 889 1243 autem
913 1185 1133 1259 simplicitatem
1158 1204 1244 1244 sanc·

91 1283 196 1330 torum
206 1274 439 1340 considerantes,
449 1272 574 1330 redditis
582 1272 687 1346 spoliis
694 1274 813 1329 veniam
822 1274 861 1329 de
868 1273 1039 1330 commissis
1047 1273 1245 1345 postulabant,
1262 1291 1292 1328 ro

90 1369 126 1418 et
139 1362 177 1416 ad
190 1369 253 1417 tuta
265 1361 330 1417 loca
342 1360 420 1433 [eos]
434 1361 649 1418 conducebant.
687 1359 838 1433 Ingressis
856 1368 955 1417 autem
970 1359 1029 1418 illis
1044 1360 1246 1428 Hierusalem,

91 1447 226 1506 occurn't
250 1449 348 1506 omnis
373 1447 503 1522 populus
526 1448 660 1521 psallens
684 1447 715 1503 in
739 1449 862 1505 canticis
886 1457 915 1505 et
940 1448 1071 1522 hymnis,
1092 1465 1189 1521 usque
1208 1451 1246 1506 ad

92 1535 245 1608 templum
257 1535 369 1592 domini
382 1553 435 1593 eos
448 1537 611 1593 deducens.
641 1534 828 1592 Continuatis
841 1535 922 1591 enim
935 1535 1033 1592 triduo
1046 1536 1085 1592 ibi
1098 1536 1246 1610 precibus,

92 1624 175 1682 adeo
199 1639 400 1695 supernorum
424 1622 667 1695 contemplationi
690 1624 836 1679 vacabant
861 1624 941 1695 quod
972 1632 1160 1681 terrenorum
1190 1624 1246 1680 im·

94 1727 252 1768 memores
275 1712 397 1784 penitus
421 1719 516 1767 erant.
554 1708 739 1783 Expectabat
765 1710 881 1767 interea
904 1718 983 1767 totus
1009 1711 1108 1768 clerus
1133 1719 1245 1769 attente
1262 1730 1292 1782 ¹⁵

95 1795 309 1855 considerans¹
317 1797 385 1871 quis
397 1807 570 1854 sanctorum
580 1813 671 1870 quam
684 1797 789 1854 sedern
802 1797 859 1854 sibi
871 1797 1004 1854 oratione
1017 1797 1102 1855 finita
1115 1799 1246 1871 eligeret,

94 1893 140 1954 vt,
153 1885 228 1942 sicut
240 1885 346 1942 celitus
358 1902 415 1958 per
426 1885 566 1958 angelum
580 1884 658 1941 docti
669 1894 765 1953 erant,
778 1885 808 1941 in
821 1884 938 1942 sedium
951 1885 1096 1943 electione
1109 1894 1248 1943 notarent

96 1989 190 2045 quem
216 1973 324 2031 ceteris
348 1971 467 2029 illorum
495 1972 645 2045 prelatum
670 1972 892 2030 constituerent
944 1971 1038 2028 Erant
1069 1971 1193 2046 [enim]³
1216 1972 1247 2029 in

96 2060 216 2132 templo
233 2070 298 2116 tres
319 2059 460 2117 cathedre
479 2059 648 2116 senioribus
665 2059 704 2115 ab
725 2059 855 2132 antiquis
875 2059 1063 2132 temporibus
1081 2060 1248 2117 constitute.

97 2147 238 2217 Quarum
256 2145 429 2204 inferiorem
450 2156 480 2204 et
500 2147 597 2220 magis
615 2146 759 2204 humilem
778 2145 921 2208 Theliaus
942 2146 1067 2220 eligens,
1087 2145 1248 2205 nobiliores
1264 2171 1295 2208 πο

98 2233 245 2294 fratribus
262 2244 387 2308 propter
399 2236 599 2291 reuerentiam
616 2233 735 2291 dimisit
771 2234 839 2305 Quo
850 2233 923 2306 viso,
936 2235 1106 2308 omnesqui
1124 2236 1250 2292 aderant

96 2323 132 2379 in
146 2321 238 2379 facies
250 2339 321 2379 suas
333 2323 420 2395 proni
433 2323 576 2379 cadentes
587 2338 688 2379 coram
701 2323 765 2378 viro
778 2321 827 2379 dei
840 2322 982 2380 dixerunt
993 2342 1000 2380 :
1022 2323 1129 2380 ‘Salue
1147 2333 1249 2381 sancte

99 2410 152 2467 dei
170 2407 304 2478 Theliae,
315 2418 347 2466 et
358 2418 389 2466 vt
403 2410 482 2481 apud
499 2409 656 2466 dominum
671 2410 758 2465 nobis
776 2409 894 2467 valeant
911 2427 1018 2481 preces
1032 2419 1084 2467 tue
1101 2411 1249 2484 propitius

99 2498 243 2567 concede,
262 2496 331 2570 quia
351 2497 441 2553 hodie
464 2497 533 2570 plus
558 2498 666 2555 ceteris
690 2495 890 2554 confratribus
914 2496 974 2554 tuis
999 2498 1176 2555 sublimatus
1207 2515 1250 2570 es,

99 2584 242 2642 residens
257 2587 287 2641 in
306 2585 379 2644 sede
395 2584 509 2641 domini
523 2584 618 2641 nostri
632 2583 723 2641 lhesu
736 2583 856 2654 Christi,
869 2587 900 2641 in
913 2602 973 2658 qua
989 2587 1125 2660 patribus
1140 2587 1250 2643 nostris
1266 2613 1296 2663 ²5

99 2671 277 2748 predicabat
295 2689 420 2745 regnum
440 2671 505 2729 dei!
544 2671 611 2728 Hoc
630 2670 755 2728 audiens
773 2671 820 2728 vir
839 2672 897 2743 dei,
910 2689 979 2730 cum
997 2691 1107 2745 magno
1125 2682 1249 2746 stupore

99 2759 243 2828 surrexit,
257 2769 287 2817 et
299 2777 333 2818 se
345 2760 375 2816 in
388 2769 499 2817 terram
517 2759 688 2833 prostrauit,
701 2759 824 2816 dicens:
843 2759 972 2817 ‘Beatus
984 2761 1031 2818 vir
1042 2762 1093 2834 qui
1106 2778 1167 2818 non
1179 2763 1251 2818 abiit

99 2849 136 2906 in
155 2847 279 2905 consilio
297 2847 457 2921 impiorum
476 2848 552 2906 etin
564 2848 613 2904 via
628 2857 818 2921 peccatorum
838 2865 899 2904 non
918 2849 1000 2905 stetit
1012 2857 1043 2905 et
1060 2849 1090 2904 in
1110 2847 1252 2906 cathedra

102 2935 275 3010 pestilentie
294 2953 354 2992 non
373 2935 450 2992 sedit
459 2935 479 2992 ⁴.
517 2935 555 2992 Et
573 2936 750 2993 benedictus
771 2936 903 2992 saluatur
920 2935 970 3008 qui
990 2936 1095 2992 sedem
1115 2935 1171 2992 sibi
1187 2935 1252 2992 fieri

100 3024 196 3097 elegit
214 3024 253 3080 de
270 3023 359 3096 ligno,
372 3024 422 3096 qui
439 3040 496 3096 per
515 3023 630 3096 lignum
655 3040 830 3080 succurrere
849 3022 941 3081 voluit
965 3022 1103 3096 pereunti
1124 3024 1253 3080 mundo!
1267 3047 1299 3098 30

105 3111 301 3184 Rogauerunt
322 3128 393 3184 ergo
413 3128 482 3168 eum
502 3127 610 3168 omnes
631 3111 772 3183 quatinus
796 3112 834 3168 ad
859 3109 1086 3167 instructionem
1109 3110 1253 3168 virtutum

103 3199 278 3274 parabolam
300 3201 344 3256 eis
365 3200 403 3256 de
425 3199 546 3256 Christo
570 3200 691 3268 diceret,
709 3208 742 3256 vt
761 3201 838 3255 sicut
854 3199 939 3254 illum
958 3197 1090 3256 imitatus
1107 3197 1205 3255 fuerat
1222 3197 1253 3255 in

105 3288 249 3348 cathedra
273 3286 442 3355 residendo,
462 3303 532 3344 eum
552 3285 720 3343 imitaretur
739 3286 867 3343 verbum
891 3285 941 3343 dei
966 3285 1158 3360 predicando.
1195 3286 1254 3357 Qui

104 3375 214 3434 videns
232 3391 367 3431 amorem
386 3373 479 3430 diuini
492 3373 575 3431 verbi
594 3373 722 3447 flagrare
740 3375 771 3430 in
790 3373 931 3431 cordibus
944 3391 1059 3444 eorum,
1072 3391 1141 3431 cum
1153 3373 1254 3449 lingue

107 3459 274 3537 [illorumP
285 3461 405 3535 penitus
417 3478 529 3534 expers
546 3461 608 3531 fuit,
622 3460 699 3517 miro
710 3463 800 3518 modo
813 3460 979 3518 sollicitudo
994 3469 1024 3519 et
1036 3462 1174 3534 angustia
1185 3479 1254 3534 pre·
1268 3491 1300 3544 35

106 3550 230 3608 mebant
238 3565 316 3606 eum.
335 3547 375 3608 Vt
388 3557 489 3606 tamen
499 3549 612 3622 populo
622 3547 802 3622 supplicanti
809 3557 840 3606 et
852 3549 972 3606 illorum
979 3558 1048 3605 voto
1061 3549 1255 3619 satisfaceret,

108 3654 212 3698 sacras
233 3637 397 3710 scripturas
417 3655 570 3710 exponere
590 3639 686 3710 cepit:
713 3644 744 3693 et
762 3636 968 3710 unusquisque
987 3638 1148 3694 astantium
1172 3637 1256 3694 illum

107 3743 165 3786 sua
176 3725 277 3797 lingua
289 3724 461 3797 loquentem
477 3724 599 3782 audiuit.
636 3724 772 3798 Cumque
791 3741 899 3781 omnes
917 3732 999 3781 tanta
1017 3724 1175 3782 dulcedine
1194 3741 1256 3782 ser·

106 3815 208 3874 monis
227 3811 306 3868 illius
326 3821 428 3870 essent
445 3811 555 3883 affecti,
576 3821 608 3870 vt
628 3820 741 3885 quanto
761 3829 832 3869 eum
855 3813 966 3869 diutius
990 3813 1137 3878 audirent,
1161 3810 1257 3884 magis

107 3903 192 3962 illum
217 3899 320 3958 audire
344 3899 571 3971 desiderarent;
603 3917 642 3956 ne
662 3899 837 3972 predicandi
860 3899 991 3956 officium
1011 3899 1163 3957 videretur
1186 3916 1257 3972 pre·
1270 3927 1303 3979 4⁰

109 4005 232 4049 sumere
248 3989 274 4044 si
293 3987 375 4044 solus
396 3988 589 4060 predicasset,
612 3987 724 4061 populo
742 3987 833 4045 dixit:
854 3988 984 4045 ‘Audite
1002 3987 1062 4045 iam
1080 4005 1099 4044 a
1116 3986 1258 4045 fratribus

107 4079 187 4138 meis
200 4077 293 4134 verbu
304 4073 373 4146 vite,
386 4075 438 4148 qui
453 4092 503 4133 me
520 4075 717 4150 perfectiores
735 4075 765 4133 in
783 4076 845 4134 vita
863 4077 952 4132 sunt·
964 4085 994 4132 et
1006 4075 1209 4149 diligentiores
1226 4076 1257 4133 in

109 4165 262 4228 doctnna'
299 4163 503 4221 Surrexerunt
523 4181 596 4238 ergo
615 4172 739 4222 sanctus
764 4163 863 4222 Dauid
882 4172 913 4222 et
936 4163 1090 4233 Paternus,
1108 4172 1139 4220 et
1158 4163 1259 4236 predi-

143 4301 692 4367 ¹soT.;om.inE.;Vitpersecutores.
787 4300 908 4355 'adom
996 4299 1259 4365 'aoT.;oru.qu.

110 4369 244 4422 ‘Pais
344 4368 510 4424 'aeorum
607 4367 765 4422 ‘omia'f.
