3052 4896
280 329 354 404 540
711 303 914 406 appennis
942 305 994 382 ll.

277 509 315 562 At
332 505 380 574 illi,
392 507 508 563 nimium
522 507 659 576 dolentes,
677 523 779 579 corpus
791 507 900 563 domini
918 506 960 563 sui
979 506 1107 563 vehiculo
1121 519 1264 578 pouenms
1285 509 1317 564 in
1336 507 1435 578 Elyad

277 607 357 646 suam
371 591 528 647 detulerunt
539 590 687 648 ecelesiam
701 610 708 656 3
727 591 834 646 nullum
846 591 967 646 vulneris
980 590 1009 644 in
1022 607 1057 646 eo
1070 591 1280 661 comperi-tes
1293 592 1436 654 indicium,
1509 627 1510 648 i

278 675 418 744 sepulture
442 673 626 730 tradiderunt.
665 674 853 730 Martirizatus
874 684 916 729 est
939 674 1034 746 itaque
1058 673 1168 745 primus
1189 687 1294 731 sancte
1316 675 1436 746 elyensis
1508 669 1510 726 l

278 757 396 812 ecclesie
407 757 506 825 abbas,
519 755 564 813 et¹
579 757 662 813 vnius
679 758 840 813 muliercule
858 757 1010 813 suffocatus
1028 758 1319 825 machinacionibus;
1340 771 1436 830 optans
1507 749 1510 792 ¹

250 839 368 911 smagis
390 841 512 898 incidere
532 840 560 896 in
580 857 680 896 manus
701 841 822 898 hominis
840 859 926 912 quam
945 843 1035 910 legem
1053 841 1098 896 dei
1117 842 1340 913 derelinquere;
1362 843 1436 898 cuius
1510 841 1511 888 l

278 925 374 980 anima
385 940 450 980 curn
463 922 568 979 sanctis
579 923 730 980 omnibus¹
742 941 854 996 semper
865 934 1024 995 regnatura,
1037 925 1066 978 in
1080 924 1147 980 celis
1160 935 1261 980 eterna
1281 925 1435 996 promeruit

277 1007 389 1078 gaudia
426 1009 471 1064 De
490 1007 584 1078 regina
596 1024 663 1062 vero
681 1007 825 1064 sinistrum
843 1024 928 1062 nemo
946 1007 1053 1079 aliquid
1066 1009 1110 1063 vel
1128 1008 1230 1063 saltem
1250 1009 1368 1078 mutire,
1380 1009 1436 1064 siue

278 1093 385 1148 malum
398 1091 425 1146 in
438 1092 529 1164 ipsam
541 1091 708 1162 presumpsit
721 1091 823 1146 inferre
836 1109 1012 1147 sermonem:
1033 1100 1143 1162 poterat
1159 1092 1239 1148 enim
1256 1093 1318 1147 boc
1337 1105 1434 1148 mutos
1510 1095 1511 1172 l

278 1175 374 1245 latere,
394 1175 448 1231 nisi
469 1175 545 1246 quod
566 1175 675 1240 eadem,
695 1173 731 1230 de
753 1175 811 1230 suis
833 1174 976 1230 veneficiis
994 1185 1022 1231 et
1044 1174 1204 1244 nephandis
1229 1177 1371 1245 operibus
1394 1177 1436 1232 dei

236 1279 267 1320 ro
279 1259 462 1314 miseracione
481 1267 655 1328 compuncta,
676 1268 704 1313 et
729 1258 851 1313 maxime
872 1259 908 1314 de
930 1257 1043 1313 interitu
1062 1256 1177 1327 gloriosi
1203 1258 1281 1328 regis
1303 1259 1437 1314 Edwardi

279 1341 425 1412 preuingni
450 1341 501 1405 sui,
521 1357 605 1410 quem
636 1341 729 1412 palam
761 1340 851 1396 cuntis
882 1341 941 1396 suis
968 1339 1216 1411 cir[cum]uentum
1242 1342 1370 1411 insidiis,
1392 1339 1437 1398 π’

279 1424 407 1495 proprius
416 1423 476 1480 eius
485 1423 558 1478 lilius
570 1424 711 1480 leuaretur
723 1425 752 1480 in
764 1442 866 1496 regem,
875 1423 978 1480 iniuste
987 1425 1140 1495 peremisse
1151 1425 1284 1480 consessa
1296 1437 1354 1481 est.
1386 1427 1437 1480 Pro

278 1523 335 1578 quo
356 1507 504 1563 cenobium
529 1505 784 1563 sanctimonialium
805 1509 841 1564 de
862 1509 1010 1564 Werwelle
1030 1525 1065 1563 ex
1085 1507 1143 1564 suis
1164 1508 1270 1577 opibus
1294 1509 1373 1576 lecit,
1392 1509 1437 1564 vbi

279 1591 410 1647 omnibus
423 1589 522 1646 diebus
535 1587 592 1646 vite
604 1607 654 1646 sue
667 1591 694 1645 in
707 1592 783 1646 luctu
796 1601 823 1648 et
837 1591 997 1662 penitencia
1009 1589 1170 1662 permansit,
1181 1603 1212 1647 et
1228 1593 1308 1663 quali
1327 1593 1437 1648 morte*

237 1685 266 1736 ¹5
281 1675 467 1731 Britbnodum
480 1673 613 1730 eliensem
625 1675 759 1730 abbatem
776 1674 952 1744 interfecerit,
965 1685 995 1730 vt
1007 1674 1198 1745 presignatum
1210 1685 1263 1743 est,
1274 1693 1399 1746 gennem
1411 1689 1437 1732 et
1511 1683 1512 1694 ¹

280 1758 364 1814 anxia
376 1757 515 1824 ostendit;
532 1755 560 1810 in
573 1768 701 1829 quotam
714 1759 743 1812 in
756 1759 839 1815 rebus
851 1775 936 1830 quam
949 1760 977 1814 in
986 1757 1213 1831 possessionibus
1226 1761 1318 1814 multa
1331 1761 1437 1816 deinde

280 1841 418 1898 beneficia
441 1840 565 1898 contulit
614 1841 720 1898 Floruit
742 1853 837 1898 autem
858 1853 973 1898 sanctus
996 1841 1167 1898 Britbnodus
1187 1842 1266 1913 apud
1287 1844 1345 1913 Ely
1363 1843 1438 1899 circa

279 1943 386 1983 annum
398 1925 504 1982 domini
519 1933 669 1980 xc¹.1.xx.

280 2181 308 2234 p.
322 2159 394 2234 594]
432 2177 457 2231 3.
477 2163 527 2217 Da
545 2172 664 2218 sancto
684 2162 843 2218 Eronooo
861 2172 1026 2228 nonnoso,
1045 2171 1193 2218 earsooro
1212 2173 1253 2216 nr
1272 2173 1436 2217 mamas:

674 2261 718 2304 ex
737 2261 883 2306 cnonrcrs
900 2246 1048 2305 anone‘.

285 2371 426 2479 Smctus
454 2371 611 2426 Eadnodus
635 2369 679 2426 vir
703 2369 732 2425 in
757 2367 871 2425 Christo
897 2369 1030 2440 famosus,
1055 2380 1083 2426 et
1106 2369 1263 2425 monastice
1292 2369 1437 2442 religionis

236 2476 269 2515 ro
346 2455 434 2509 cultor
455 2453 592 2524 egregius,
612 2471 629 2508 a
650 2453 734 2509 beato
756 2451 889 2508 Oswaldo
912 2452 1077 2509 eboracensi
1102 2452 1235 2524 episcopo
1259 2465 1290 2508 et
1313 2454 1436 2525 glorioso

281 2537 353 2592 duce
373 2535 518 2606 Egelwino
538 2535 566 2592 in
588 2535 788 2592 ramesiensem
808 2535 956 2592 eeclesiam
976 2553 1062 2607 quam
1084 2535 1136 2607 ipsi
1156 2547 1385 2605 construxerunt,
1402 2538 1437 2592 de

280 2619 461 2690 wigornensi
474 2621 643 2676 monachatu
657 2620 696 2676 ad
711 2619 836 2675 officium
853 2618 964 2674 abbatis
982 2629 1143 2690 assumptus
1160 2629 1212 2674 est
1250 2620 1307 2676 Vbi
1327 2637 1392 2676 mm
1409 2621 1436 2674 in

280 2703 357 2758 omni
370 2703 518 2758 honestate
526 2703 579 2758 sub
588 2703 701 2759 Christo
714 2703 825 2758 floreret
838 2712 866 2758 et
878 2719 992 2773 gregem
1001 2702 1107 2759 domini
1120 2702 1195 2757 fideli
1206 2719 1275 2758 cura
1288 2703 1438 2760 salubriter

281 2785 458 2856 gubernaret,
477 2787 552 2842 lacta
571 2797 615 2842 est
634 2787 747 2842 cuidam
769 2785 849 2842 fabro
869 2786 966 2842 diuina
984 2784 1144 2842 reuelacio‘
1165 2787 1202 2841 de
1221 2803 1342 2858 corpore
1361 2787 1436 2843 beati

238 2889 268 2942 ²⁵
281 2869 388 2926 Yuonis
400 2880 429 2925 et
441 2869 526 2926 sociis
538 2871 607 2937 eius,
620 2869 704 2926 simul
716 2885 781 2925 cum
795 2868 858 2940 ipso
869 2871 945 2941 apud
958 2869 1054 2926 villam
1066 2869 1103 2926 de
1115 2869 1202 2940 Slepa
1214 2870 1434 2941 quiescentibus

281 2955 429 3026 Apparens
444 2953 520 3009 enim
532 2953 612 3008 labro
630 2953 658 3008 in
674 2952 800 3024 episcopi
821 2953 916 3025 specie
932 2954 1031 3009 beatus
1044 2953 1116 3021 Yuo,
1126 2965 1155 3007 et
1171 2970 1203 3009 se
1219 2964 1248 3008 et
1265 2954 1359 3010 socios
1371 2971 1435 3010 suos

283 3039 311 3094 in
323 3039 423 3094 eadem
436 3037 503 3093 villa
519 3037 556 3092 ab
569 3037 765 3108 antiquissimo
781 3045 907 3108 ternpore
919 3035 1038 3093 iacuisse
1050 3036 1195 3104 indicauit,
1207 3045 1236 3091 et
1249 3048 1282 3091 vt
1294 3037 1435 3092 &duodo

282 3121 376 3178 abbati
391 3121 459 3176 illud
472 3120 607 3176 indicaret
620 3120 775 3192 imperauit.
805 3122 844 3176 At
857 3121 902 3176 ille
914 3120 1011 3176 statim
1022 3119 1158 3190 euigilans
1168 3120 1228 3175 viro
1240 3121 1289 3177 dei
1299 3122 1435 3177 visionun

282 3205 425 3274 reuelauit,
437 3215 466 3260 et
478 3205 514 3260 de
526 3205 622 3260 oblata
634 3221 685 3260 suo
697 3201 845 3274 tempore⁷
862 3205 959 3274 gracia
975 3203 1059 3258 nimis
1072 3221 1136 3258 eum
1149 3203 1306 3259 letifieauit.
1343 3205 1368 3266 il
1381 3201 1434 3274 Qui

238 3313 271 3362 30
283 3299 438 3344 conuocato
462 3288 536 3344 clero
561 3298 589 3343 et
614 3289 726 3359 populo,
745 3287 783 3342 ad
803 3286 996 3342 effodiendum
1021 3287 1154 3342 celestem
1177 3287 1347 3342 thesaurum
1370 3304 1434 3342 cum

282 3371 478 3428 ecclesiasticis
490 3371 673 3442 apparatibus
685 3370 722 3426 ad
735 3370 840 3426 dictam
852 3369 946 3425 uillam
958 3370 1127 3440 properauit,
1138 3379 1168 3425 et
1180 3370 1298 3425 beatum
1307 3373 1435 3427 Yuonem

283 3453 403 3525 propriis
424 3455 560 3522 manibus,
580 3453 682 3510 ceteris
701 3463 810 3509 ceteros
829 3452 991 3522 ferentibus,
1013 3454 1074 3524 ipse
1092 3453 1228 3525 usquein
1254 3455 1436 3511 Rameseiam

283 3537 421 3608 portauit3
447 3548 475 3592 et
497 3549 597 3610 postea
618 3537 647 3591 in
668 3538 731 3610 ipsa
751 3537 836 3609 Slepa
853 3536 1002 3593 ecclesiam
1021 3537 1050 3592 in
1068 3537 1180 3592 nomine
1197 3537 1327 3593 eiusdem
1347 3537 1435 3594 sancu

283 3619 433 3675 edilicauit.
473 3623 535 3676 Nec
555 3621 673 3676 multum
695 3632 806 3693 postea,
825 3621 958 3677 defuncto
975 3619 1151 3676 lincolniensi
1172 3621 1310 3690 antistite,
1329 3623 1358 3677 in
1377 3623 1435 3693 epi·

240 3721 271 3776 3⁵
284 3719 400 3774 scopum
413 3715 599 3775 promouetur.
632 3705 687 3760 Pro
699 3723 756 3776 qua
765 3715 904 3777 potestate
913 3703 1000 3760 nichil
1011 3704 1110 3760 minuit
1119 3704 1156 3760 de
1165 3703 1284 3776 antiqua
1292 3705 1435 3777 religione,

284 3797 328 3843 set
348 3797 454 3857 quanto
477 3787 565 3842 alcior
588 3798 668 3844 tanto
692 3789 793 3845 melior
815 3788 939 3856 effectus,
963 3789 1039 3842 cirea
1062 3787 1224 3842 condendas
1248 3788 1384 3844 ecclesias
1407 3799 1435 3844 et

284 3871 427 3941 augendas
461 3871 697 3942 congregaciones
727 3872 859 3928 assiduus
892 3871 1047 3927 insistebat.
1093 3872 1219 3940 Quarum
1244 3888 1331 3928 vnam
1361 3873 1434 3945 apud

285 3953 413 4010 Chateriz
427 3955 465 4010 ob
477 3971 602 4010 amorem
617 3965 715 4011 sancte
726 3955 771 4011 dei
788 3955 931 4026 genitricis
945 3955 1044 4020 Marie,
1056 3963 1084 4010 et
1095 3956 1226 4010 Aelwene
1236 3951 1247 3985 ¹
1258 3956 1364 4012 sororis
1377 3973 1434 4026 sue,

283 4038 321 4093 ed
333 4039 478 4108 ponendas
494 4037 533 4093 ibi
549 4055 614 4094 curn
630 4038 693 4110 ipsa
709 4039 945 4109 sanctimoniales,
958 4037 1109 4094 construxit
1126 4047 1155 4093 et
1170 4039 1255 4094 rebus
1269 4039 1433 4096 necessariis

238 4147 272 4197 40
284 4121 438 4193 ampliauit
475 4122 540 4193 Ipse
558 4139 669 4194 quoque
687 4140 789 4194 corpus
807 4123 884 4179 beati
896 4121 1018 4194 Alphegi
1037 4121 1157 4178 martiris
1174 4131 1204 4178 et
1221 4123 1434 4196 archiepiscopi,

317 4321 440 4373 ¹al.om.
546 4318 658 4373 'biso
691 4324 764 4374 ribus
868 4323 995 4374 ἨΜ
1090 4321 1274 4374 ‘Rmortem
1373 4323 1432 4374 'Ex

285 4385 557 4452 Histffliensllpr.
623 4385 851 4441 ⁸.reuelaeione.
917 4387 1105 4455 'altempori
1170 4388 1395 4441 'atnettwme
