3028 4894
424 305 499 399 Dc
523 301 687 394 santo
712 304 917 409 tamena
1171 327 1244 401 445

80 504 225 579 cupiens
247 490 422 580 religionem
443 504 641 562 sanctimonie
663 505 796 563 emulari.
834 505 902 564 Non
924 506 1012 580 longe
1032 515 1100 579 post
1119 503 1246 563 ecclesia

80 592 179 650 illius
195 593 291 667 patrie
310 592 468 666 pastoralis
484 609 555 648 cure
572 592 676 649 solatio
691 593 861 650 destituitur
877 602 908 652 et
927 611 997 650 mox
1016 593 1155 650 concordi
1173 608 1246 648 voce

82 689 273 738 cunctorum
294 680 392 754 Wyro
412 679 542 754 pastoris
566 679 666 738 officio
685 679 859 752 destinatur,
881 698 1000 754 vnaqne
1020 681 1131 738 clamat
1147 680 1247 737 clerus

86 784 169 824 cum
182 767 294 841 populo
309 785 369 824 non
386 767 477 823 alium
493 767 599 825 celitus
614 769 737 841 exposci
754 786 853 842 neque
870 769 960 826 alium
976 768 1116 826 accersiri
1134 768 1246 825 debere

84 865 224 928 cognate
236 857 334 929 gentis
346 854 520 928 patrocinio.
546 855 675 913 Sanctus
688 864 788 918 autem
795 856 902 930 Wyro,
912 856 1037 931 perituri
1051 857 1173 913 honoris
1185 873 1245 911 non
1260 871 1274 922 5

86 944 214 1013 auidus,
228 942 402 1000 humilitatis
421 943 528 1000 robore
546 942 723 1016 persistens,
736 945 878 1001 reclamat
896 961 931 1002 se
949 943 1049 1019 potius
1067 943 1246 1017 discipulum

87 1031 208 1088 decere
232 1048 323 1104 quam
348 1029 524 1102 magistrum
549 1029 688 1088 existere.
726 1031 820 1089 Moris
844 1049 917 1089 vero
942 1040 1006 1089 erat
1030 1033 1109 1106 apud
1134 1031 1247 1088 incolas

90 1117 237 1175 eiusdem
256 1117 364 1187 insule,
376 1125 529 1190 pastorem
545 1135 563 1174 a
579 1135 614 1176 se
628 1118 757 1175 electum
775 1119 905 1177 Romam
923 1120 1062 1177 manibus
1076 1119 1248 1194 apostolicis

90 1205 300 1262 ordinandum
312 1204 451 1278 dirigere,
464 1205 693 1278 ordinatumque
706 1208 810 1263 sedem
823 1217 852 1264 et
862 1207 982 1281 plebem
994 1207 1137 1265 reuisere.
1168 1206 1247 1277 Quid

90 1292 204 1366 plural
242 1293 325 1350 Licet
347 1291 398 1349 diu
420 1292 624 1362 reluctaretur,
643 1294 782 1366 precibus
803 1304 903 1352 tamen
925 1295 1028 1369 populi
1050 1294 1247 1369 supplicantis
1264 1311 1293 1346 ιο

91 1380 233 1438 euictus¹
257 1396 364 1439 versus
390 1379 518 1437 Romam
544 1380 605 1451 iuit,
630 1398 691 1437 non
715 1381 828 1439 ambitu
857 1392 978 1440 terrene
1007 1383 1168 1456 dignitatis,
1193 1384 1247 1440 sed

92 1468 251 1526 desiderio
263 1470 313 1527 diu
326 1469 496 1527 desiderate
509 1467 766 1541 peregrinationis.
804 1469 828 1526 F
828 1470 953 1543 lantque
969 1470 1095 1529 comites
1113 1470 1248 1527 Plechel-

94 1573 169 1613 mus
182 1559 323 1615 sacerdos
335 1567 366 1615 et
383 1557 536 1629 Othgerus
552 1555 642 1612 leuita
652 1554 701 1613 vie
713 1555 843 1631 votique,
856 1557 964 1615 virtute
975 1558 1173 1628 venerabiles,
1186 1575 1246 1614 non

94 1644 222 1702 maioris
238 1645 287 1702 eui
304 1664 360 1702 nec
377 1644 470 1701 multo
489 1643 614 1700 minoris
627 1643 734 1700 meriti.
771 1644 881 1719 Sicque
893 1645 939 1701 vir
955 1653 1077 1702 sanctus
1093 1644 1151 1702 iter
1167 1646 1247 1718 quod

94 1742 222 1804 ceperat
238 1750 306 1790 cum
321 1732 410 1790 sociis
428 1731 485 1788 hiis
498 1730 634 1788 securius
652 1731 838 1805 aggrediens,
852 1732 981 1790 Romam
997 1750 1144 1806 prospero
1159 1749 1247 1790 cursu
1263 1751 1292 1802 ¹5

95 1829 164 1876 tres
182 1819 305 1878 insimul
325 1820 444 1878 Christo
462 1819 538 1876 duce
558 1817 747 1892 perueniunt,
766 1819 869 1876 limina
889 1821 1092 1893 apostolorum
1115 1819 1196 1877 Petri
1218 1828 1248 1876 et

96 1905 186 1964 Pauli
198 1907 290 1965 labris
303 1907 461 1981 impressis
474 1914 623 1980 premunt,
632 1923 764 1963 marmor
775 1907 939 1980 pauimenti
951 1907 1102 1965 lachrimis
1115 1907 1247 1981 irrigant,

94 1993 241 2069 precibus
257 2005 287 2054 et
306 1997 384 2054 votis
402 1993 505 2052 altaria
523 1993 690 2066 sollicitant,
709 1995 833 2068 locaque
851 2004 1022 2052 sanctorum
1042 1997 1148 2053 crebro
1166 1995 1247 2053 aditu

96 2083 309 2156 frequentant:
330 2101 385 2139 nec
399 2082 533 2156 ipsorum
545 2081 676 2155 gemitus
686 2100 720 2140 ac
730 2083 833 2157 petitio
844 2083 882 2140 ab
894 2084 1035 2141 exauditu
1049 2083 1248 2140 excluduntur

95 2170 211 2228 diuino.
285 2159 441 2230 Dominus
452 2169 533 2228 enim
548 2169 738 2242 apostolicus,
751 2170 809 2227 hiis
826 2169 926 2243 itaque
944 2171 1115 2244 compertis,
1128 2172 1247 2227 beatum
1265 2189 1295 2224 ao

95 2257 269 2332 Wyronem
282 2260 319 2316 ad
333 2276 367 2315 se
379 2257 518 2315 accersiri
531 2257 627 2314 iussit.
664 2256 763 2327 Quem
775 2258 807 2314 in
819 2258 903 2316 vultu
915 2259 1111 2332 perspiciens,
1124 2259 1204 2332 quod
1217 2257 1248 2315 in

95 2346 193 2403 corde
205 2354 269 2404 erat
285 2345 445 2422 persensit,
460 2362 590 2418 moxque
607 2361 699 2402 ruens
711 2344 741 2402 in
754 2346 928 2419 amplexum
945 2345 1091 2404 letabatur
1103 2346 1133 2402 in
1147 2346 1250 2403 osculo

97 2443 215 2503 sancto,
239 2451 300 2490 non
325 2434 391 2491 sine
416 2432 578 2502 lachrimis,
602 2441 704 2505 vtpote
732 2433 911 2491 commotis²
931 2433 1050 2508 pietatis
1074 2433 1249 2492 visceribus.

95 2521 236 2579 Tandem
263 2523 399 2579 modesto
424 2538 564 2578 sermone
588 2519 682 2593 potiti,
706 2536 786 2594 papa
815 2521 899 2594 prior
922 2539 1058 2592 exorsus,
1084 2539 1194 2579 nomen
1219 2529 1249 2578 et

96 2611 226 2683 patriam
252 2625 432 2681 cursumque
456 2607 604 2682 propositi
627 2607 749 2680 inquirit
773 2608 804 2664 in
829 2609 942 2666 ordine.
988 2609 1118 2666 Sanctus
1148 2617 1249 2666 autem
1265 2630 1294 2679 ²⁵

96 2695 209 2768 Wyro,
229 2696 387 2770 legationis
405 2713 460 2752 sue
479 2712 629 2753 summam
647 2704 791 2752 retexens
809 2713 922 2769 sueque
934 2697 1095 2754 voluntatis
1112 2706 1143 2754 et
1162 2714 1249 2770 pere·

98 2783 278 2857 grinationis
290 2801 348 2859 per
360 2783 496 2840 ordinem
514 2782 543 2840 ei
561 2783 717 2840 denudans
729 2783 926 2857 propositum,
939 2785 1067 2857 pedibus
1080 2784 1145 2843 eius
1158 2785 1250 2840 obuo-

98 2873 181 2928 lutus
193 2873 324 2946 supplex
336 2881 441 2928 exorat
454 2888 493 2928 ne
506 2888 603 2940 suum,
612 2869 683 2926 vtin
693 2870 868 2945 episcopum
879 2881 1099 2946 promoueatur,
1112 2872 1250 2929 adhibeat

98 2976 271 3017 assensum.
320 2960 361 3015 At
384 2959 524 3016 dominus
553 2958 735 3032 apostolicus
766 2958 937 3016 huiusmodi
966 2958 1159 3031 petitionibus
1188 2976 1249 3015 non

99 3047 247 3117 ssectitur;
266 3047 384 3104 malens
396 3046 562 3120 profectum
573 3046 683 3120 populo
695 3046 744 3103 dei
757 3046 916 3120 prouidere
927 3063 960 3103 ac
970 3047 1107 3104 electioni
1117 3046 1249 3104 fidelium
1264 3065 1296 3114 30

100 3133 284 3206 satisfacere,
294 3135 361 3192 licet
371 3134 497 3191 inuitum
510 3143 539 3190 et
552 3133 601 3190 diu
615 3133 812 3191 reluctantem
821 3132 984 3207 episcopali
996 3151 1065 3191 eum
1078 3133 1250 3192 sublimauit

101 3222 216 3279 ordine.
253 3222 398 3280 Sanctum
411 3223 500 3279 etiam
515 3221 728 3287 Plechelmum,
741 3221 855 3278 socium
873 3221 996 3291 itineris,
1010 3221 1119 3278 summi
1136 3221 1250 3279 ordinis

101 3309 247 3383 dignitate
261 3309 411 3383 promouit
422 3319 451 3366 et
464 3309 596 3377 honoris,
603 3326 715 3381 eosque
728 3307 809 3382 [sibi]
818 3311 848 3366 in
859 3310 1033 3383 amplexum
1043 3309 1173 3367 fraterne
1182 3310 1250 3367 cha-

101 3397 198 3454 ritatis
211 3397 380 3468 coniunxit;
400 3404 571 3454 sanctorum
590 3396 753 3470 patrocinio
769 3397 879 3454 ditatos
893 3396 1055 3470 multisque
1074 3397 1251 3454 muneribus

101 3485 264 3542 honoratos
272 3485 303 3540 in
316 3485 443 3558 patriam
457 3483 572 3541 direxit
657 3472 740 3542 Cum
753 3484 843 3558 igitur
851 3484 910 3541 iam
919 3488 965 3541 vir
972 3485 1022 3542 dei
1030 3485 1127 3559 Wyro
1145 3487 1183 3542 ad
1196 3503 1250 3543 sua
1264 3504 1294 3554 35

102 3573 240 3644 redisset,
258 3589 328 3629 eum
347 3573 434 3646 plebs
452 3572 607 3646 applausu,
625 3571 724 3629 clerus
741 3573 824 3630 vocis
842 3574 873 3628 in
891 3573 991 3640 iubilo,
1010 3573 1168 3647 omnisque
1186 3584 1251 3632 etas

102 3660 206 3734 populi
219 3659 249 3716 in
262 3660 400 3717 laudibus
412 3660 561 3717 extollens
574 3659 707 3732 suscipit,
720 3659 942 3733 episcopalique
957 3660 1098 3718 cathedre
1116 3661 1250 3718 omnium

105 3765 177 3804 mox
200 3747 379 3804 unanimitas
403 3747 553 3821 preponit.
590 3745 648 3818 Qui
664 3747 781 3819 positus
802 3747 833 3803 in
855 3748 937 3815 sede,
955 3747 1102 3805 bonorum
1123 3766 1250 3822 operum

102 3835 207 3892 claruit
227 3833 443 3908 magnitudine,
468 3835 603 3892 moribus
627 3843 657 3891 et
682 3834 831 3907 exemplis
855 3834 979 3892 effectus
1003 3835 1139 3909 insignis,
1159 3836 1250 3892 vitam

102 3940 254 3996 coequans
266 3923 418 3992 doctrinis,
432 3939 492 3978 non
505 3924 638 3996 segniter
650 3938 796 3995 spargens
808 3921 869 3978 vite
884 3921 1002 3979 semina
1017 3923 1145 3996 populis.
1183 3923 1250 3979 Non
1264 3942 1297 3993 4⁰

102 4021 203 4068 tamen
215 4009 348 4067 animum
367 4018 487 4067 mutans
499 4009 537 4065 ab
550 4010 676 4082 incepto,
690 4009 767 4065 clam
782 4008 961 4078 hominibus,
974 4011 1074 4084 palam
1091 4011 1148 4067 deo
1165 4028 1250 4084 pere·

101 4097 277 4172 grinationis
290 4107 358 4154 estu
370 4097 529 4154 anhelabat
542 4095 655 4154 sedulo.
705 4085 792 4172 Quid
808 4097 912 4170 plural
931 4096 1042 4154 Christi
1054 4097 1158 4171 gratia,
1167 4097 1250 4156 cuius

102 4185 234 4243 inhiabat
259 4187 364 4256 amori,
390 4184 441 4242 diu
464 4201 525 4241 non
550 4183 649 4241 differt
669 4183 711 4241 illi
735 4193 857 4257 tempus
880 4191 910 4240 et
935 4193 1077 4242 euentum
1096 4184 1251 4242 euadendi.

397 4373 405 4403 ¹
423 4374 453 4428 Ε.
465 4375 565 4426 euictis.
733 4372 743 4404 ¹
766 4374 796 4425 Ε.
808 4381 956 4426 commotus.
