3064 4882
454 289 528 382 De
553 285 716 376 &aaut
742 284 921 389 ursano.
1188 305 1256 379 105

363 507 388 568 ll
404 495 459 564 Da
477 522 592 564 saucro
613 493 769 564 Kmsno¹
788 503 1005 562 conrassons¹.

114 621 204 748 Est
216 624 302 682 enim
317 635 403 685 terra
416 629 543 702 quedam
558 647 617 701 que
629 627 792 700 antiquitus
801 625 952 696 Letauia³,
961 643 1039 682 nunc
1047 633 1148 682 autem
1159 621 1259 679 Minor

204 709 370 771 Britannia
399 727 606 789 nuncupatur:
638 716 669 772 in
695 733 754 789 qua
777 714 921 788 princeps
945 713 1066 786 quidam
1094 731 1133 770 ex
1164 709 1258 784 regali

106 798 245 868 progenie
265 809 365 872 ortua,
379 804 500 860 nomine
521 804 663 874 DihocuS,
676 803 768 859 liliam
787 802 890 859 habuit
909 801 1151 875 pulcherrimam,
1165 816 1256 872 quam

106 897 174 953 sepe
186 886 323 959 intuens,
338 901 368 946 et
381 890 484 948 illicito
492 909 595 948 amore
609 891 733 961 illectus,
747 889 896 946 flammeis
909 888 1057 961 cupidinis
1069 887 1136 944 telis
1149 887 1258 943 acriter

104 970 250 1030 uebatur.
291 975 462 1051 instigante
487 981 610 1036 tandem
634 980 763 1035 demone
783 994 850 1034 eam
875 975 1022 1049 cognouit,
1048 986 1078 1033 et
1102 975 1133 1031 in
1159 976 1285 1048 primo5

103 1069 224 1123 decessu
238 1075 447 1138 pregnantem
456 1067 592 1123 reddidit.
619 1065 681 1122 lllis
691 1065 798 1122 diebus
807 1065 960 1120 Arthurus
969 1073 1061 1120 totam
1073 1061 1257 1119 Britanniam

105 1158 210 1216 regens
227 1168 301 1208 cum
318 1153 433 1210 curiam
451 1173 537 1212 suam
550 1155 581 1211 in
594 1155 685 1211 natali
698 1151 813 1210 domini
826 1151 856 1208 in
874 1151 1030 1225 prouincia
1041 1150 1164 1207 nomine
1178 1150 1259 1222 Soyr

104 1237 225 1305 teneret,
245 1239 407 1316 principes
426 1241 481 1300 sibi
499 1242 651 1300 subiectos
670 1243 708 1298 ad
723 1240 873 1314 prelatum
889 1241 988 1296 locum
1008 1238 1170 1295 conuenire
1189 1255 1257 1310 pre·

104 1319 196 1392 cepit;
225 1327 312 1383 inter
331 1346 408 1401 quos
429 1339 459 1386 et
482 1330 625 1404 princeps
649 1329 781 1399 Letauie,
802 1327 895 1401 regali
916 1326 1011 1383 iussui
1033 1326 1177 1382 obediens
1201 1323 1259 1380 iter

104 1407 235 1482 arripuit,
262 1422 295 1469 et
321 1416 414 1474 filiam
439 1427 637 1491 pregnantem
662 1434 765 1474 secum
790 1417 921 1474 adduxit.
971 1415 1129 1488 Completo
1158 1421 1257 1469 autem
1274 1429 1305 1465 10

104 1497 239 1568 tempore
264 1511 300 1558 vt
326 1503 387 1560 iilia
411 1505 476 1562 eius
497 1513 624 1579 pareret,
645 1504 730 1579 quasi
755 1521 814 1560 vno
844 1503 970 1558 miliario
995 1519 1013 1558 a
1036 1500 1146 1575 palatio
1176 1499 1257 1573 regis

106 1577 228 1642 hnhuri
249 1587 282 1645 in
301 1591 439 1648 tentoriis
461 1593 559 1650 affixis
578 1593 672 1649 lilium
691 1591 781 1648 enixa
799 1599 852 1648 est.
897 1590 976 1647 Crus
994 1589 1076 1646 enim
1095 1587 1182 1662 pueri
1202 1605 1257 1644 suo

105 1663 208 1763 femori
222 1677 352 1750 proprio
364 1679 536 1750 adherebat,
545 1698 601 1737 nec
614 1681 688 1736 illud
701 1679 799 1751 aliquo
813 1679 902 1736 modo
915 1677 1033 1750 erigere
1046 1685 1163 1750 poterat
1174 1697 1182 1746 ;
1200 1675 1257 1732 hoc

106 1757 280 1850 significans
301 1767 382 1838 quod
402 1767 477 1823 sicut
495 1786 565 1824 crus
583 1769 662 1841 quod
680 1768 736 1823 sub
751 1766 885 1823 femore*
897 1773 944 1822 est
962 1765 1069 1822 femori
1084 1764 1256 1830 adherebat,

106 1855 146 1898 suc
165 1843 225 1904 filia
245 1869 309 1923 que
331 1855 387 1910 sub
407 1864 496 1927 patre
515 1865 587 1925 erat,
609 1855 687 1928 patri
708 1872 763 1912 suo
788 1853 947 1909 carnaliter
972 1853 1068 1909 hierat
1092 1851 1257 1924 supposita
1274 1869 1302 1918 ¹⁵

108 1925 262 1995 Cunabulo
283 1939 374 2012 igitur
392 1944 523 2015 quodam
541 1961 580 1999 ex
599 1942 711 1999 vimine
730 1951 874 2010 contort0,
893 1939 984 2013 cirpis
1001 1937 1169 2012 agrestibus
1186 1956 1256 2011 sup-

108 2019 220 2092 Positis,
240 2025 329 2084 iussu
351 2029 495 2103 principis
515 2031 644 2087 ministri
664 2047 791 2104 puerum
814 2029 1030 2101 imposuerunt,
1052 2035 1083 2082 et
1101 2043 1155 2082 vas
1175 2025 1257 2093 illud,

108 2119 199 2174 luero
218 2115 466 2188 sup[er]posito⁶,
485 2119 515 2175 in
534 2127 700 2174 torrentem
719 2115 927 2190 proiecerunt;
947 2133 965 2170 a
984 2115 1139 2171 sacerdote
1155 2122 1257 2169 tamen

110 2196 246 2268 quodam,
257 2211 420 2277 antequam
429 2205 460 2261 in
473 2205 586 2263 ssumen
596 2204 800 2279 proliceretur,
809 2203 950 2276 baptismi
961 2201 1086 2275 gratiam
1094 2200 1257 2257 infantulus

109 2293 288 2345 consecutus
311 2300 367 2348 est
407 2292 529 2350 Fluuius
548 2302 649 2350 autem
670 2302 812 2364 tanquam
838 2290 904 2347 eius
928 2291 1030 2346 nutrix
1054 2290 1092 2345 ad
1111 2288 1257 2344 maiorem
1272 2307 1304 2342 πο

112 2363 230 2430 lluuium
244 2393 317 2433 eum
330 2379 444 2448 detulit,
458 2398 536 2437 nunc
552 2381 667 2437 Lothur
685 2388 899 2452 nuncupatum,
913 2387 942 2434 et
961 2377 1056 2433 maior
1073 2375 1182 2433 lluuius
1202 2393 1257 2432 suo

110 2456 212 2526 ral³id⁰
224 2465 347 2538 gurgite
359 2485 455 2540 vsque
472 2469 511 2524 ad
527 2485 609 2525 mare
627 2484 755 2542 puerum
774 2465 915 2523 velociter
932 2465 1045 2522 detulit.
1084 2465 1147 2521 Nec
1163 2481 1257 2534 mora,

112 2547 168 2598 lam
189 2551 291 2607 subito
313 2563 395 2610 motu
415 2554 445 2610 in
466 2572 501 2612 se
520 2556 629 2612 fretum
650 2555 786 2612 estuabat
808 2554 888 2628 quod
909 2571 981 2627 yma
1005 2552 1097 2609 abissi
1121 2551 1257 2626 partibus

112 2635 317 2702 superioribus
336 2641 545 2714 permiscebat,
559 2643 715 2716 validaque
730 2651 897 2715 tempestas
911 2641 1008 2698 subito
1021 2649 1127 2697 exorta
1143 2648 1208 2697 est:
1227 2648 1257 2696 et

9 2802 10 2811 ἵ
112 2721 291 2782 cunabulum
316 2745 410 2801 super
432 2731 601 2787 undarum⁰
619 2725 726 2803 ¹apices
756 2729 967 2785 indissolutum
999 2738 1028 2784 et
1059 2728 1259 2785 inuolubiliter
1273 2748 1302 2798 ²5

112 2805 283 2900 uehebatur.
329 2814 409 2872 Dum
428 2817 518 2890 igitur
534 2835 611 2891 puer
632 2819 714 2873 iuxta
734 2816 832 2872 littora
853 2816 884 2871 in
904 2813 1012 2872 undis⁷
1030 2815 1200 2888 agitaretur,
1220 2816 1257 2871 ad

112 2896 236 2956 lnsulam
251 2919 312 2975 que
324 2902 490 2962 britannice
504 2905 706 2978 Henisweryn
715 2904 735 2975 ⁸,
746 2903 838 2960 latine
848 2908 855 2935 ‘
864 2903 963 2960 insula
975 2904 1062 2959 turbe
1071 2907 1078 2934 ’
1088 2904 1257 2971 vocabatur,

113 2989 377 3077 appropinquabat.
416 2991 453 3048 Et
466 3010 536 3051 ecce
554 2993 653 3049 subito
669 3010 743 3048 aues
760 2991 876 3048 marine
891 2990 1112 3064 quamplurime
1128 3007 1256 3063 puerum

114 3075 639 3153 c1rcumu01abant⁹‚etvnguibuset
656 3079 762 3137 rostris
779 3096 907 3154 puerum
923 3081 961 3135 ab
978 3079 1067 3136 vndis
1084 3087 1257 3152 rapuerunt,

116 3157 183 3215 etin
196 3179 270 3219 aera
283 3165 439 3224 eleuantes
452 3187 530 3239 eum,
544 3168 674 3242 vndique
688 3185 781 3241 super
797 3176 826 3223 et
843 3168 948 3224 subtus
965 3185 1035 3223 eum
1052 3176 1175 3240 tangere
1189 3184 1257 3223 con·
1272 3189 1304 3238 30

115 3249 291 3312 gaudebant
329 3253 388 3310 Diu
402 3256 458 3312 huc
472 3265 501 3313 et
518 3256 586 3313 illuc
599 3255 766 3326 volitantes
780 3273 872 3328 super
884 3273 991 3328 rupem
1005 3272 1132 3328 puerum
1146 3263 1257 3310 statue·

116 3343 195 3404 mnu
230 3341 405 3398 cateruatim
430 3343 668 3412 circumstantes,
688 3353 813 3400 stratum
837 3345 987 3416 quoddam
997 3343 1018 3375 ¹⁰
1042 3361 1080 3399 ex
1102 3343 1257 3416 multiplici

115 3417 281 3486 plumarum
302 3429 380 3486 serie
389 3427 408 3462 ¹¹
430 3441 682 3505 composuerunt3
709 3441 867 3505 serpentes
887 3441 917 3488 et
937 3449 1058 3488 vermes
1081 3449 1098 3488 a
1120 3431 1185 3488 loco
1205 3449 1257 3488 ex·

114 3509 268 3584 pellentes,
281 3525 387 3573 ventos
400 3527 429 3574 et
441 3519 604 3592 grandines
616 3529 646 3576 et
659 3521 745 3577 niues
763 3521 870 3577 umbra
884 3520 998 3575 alarum
1018 3537 1139 3576 suarum
1160 3536 1258 3575 remo·

115 3599 228 3694 ucbant
255 3603 334 3660 Dum
347 3623 420 3662 vero
433 3607 576 3679 paruulus
588 3607 618 3663 in
632 3608 708 3665 lecto
722 3627 776 3665 suo
790 3608 832 3665 sic
846 3608 964 3673 iaceret,
974 3616 1133 3680 antequam
1147 3625 1255 3664 nouem
1271 3631 1302 3680 35

115 3683 173 3744 dles
186 3692 412 3763 pertransisset,
426 3694 550 3768 angelus
563 3696 675 3752 domini
689 3697 726 3752 ad
740 3714 809 3752 eum
825 3695 989 3764 descendit,
1004 3705 1033 3752 et
1049 3696 1149 3751 nolam
1162 3712 1257 3768 quan-

114 3771 176 3833 dam
200 3795 308 3836 eneam
329 3797 433 3839 secum
455 3783 594 3852 afferens,
614 3783 695 3840 illam
717 3783 800 3840 iuxta
819 3801 854 3840 os
874 3783 991 3857 paruuli
1011 3782 1159 3856 apposuit
1197 3781 1256 3852 Qui

115 3875 175 3920 cum
196 3867 334 3939 esuriret,
353 3869 429 3926 sicut
448 3871 547 3928 infans
566 3873 602 3928 ad
621 3873 713 3928 vbera
731 3871 835 3928 matris
854 3889 887 3927 se
906 3870 1002 3941 vertit,
1025 3872 1066 3926 ita
1087 3870 1124 3926 ad
1148 3868 1257 3925 dictam

116 3963 286 4028 campanam
297 3955 405 4013 faciem
417 3976 503 4016 suam
516 3961 681 4032 torquebat.
720 3959 781 4016 lsta
794 3969 893 4016 autem
907 3959 1084 4032 campanula
1095 3957 1256 4013 mamillam

114 4051 215 4098 eneam
236 4044 275 4099 ad
297 4044 420 4101 modum
442 4047 587 4120 particule
609 4047 764 4105 muliebris
784 4046 915 4104 mamille
935 4054 1077 4120 quantam
1088 4043 1107 4077 ¹²
1127 4043 1257 4102 infantes
1270 4069 1303 4120 40

141 4172 194 4227 1Τ.
206 4175 333 4235 Kenedo;
350 4175 512 4240 EKynedo.
635 4179 740 4230 ’Same
752 4187 806 4231 text
818 4181 843 4229 in
857 4179 912 4230 us.
926 4178 1001 4228 Bodl.
1013 4191 1071 4240 ⁰40·
1198 4175 1256 4228 ⁸13.

113 4233 208 4293 letania.
309 4241 437 4320 tatere.
519 4245 574 4293 5Ε.
587 4247 731 4308 supposito.
815 4245 871 4296 ⁸2.
885 4246 1018 4294 nudarum.
1102 4241 1159 4294 ¹13.
1172 4245 1255 4293 nudis.

113 4300 161 4386 Ἴ.
176 4309 354 4372 benyswerua
462 4309 517 4360 Ἐ
531 4309 754 4362 circumuolebant.
865 4311 884 4340 ¹⁰
901 4310 1078 4373 aquenum
1188 4309 1205 4340 ¹²
1224 4310 1253 4361 E.

113 4382 180 4427 cene.
280 4373 300 4404 ²³
317 4389 337 4423 r.
349 4378 444 4438 quaml
