<?xml version="1.0" encoding="UTF-8"?>
<!DOCTYPE html PUBLIC "-//W3C//DTD XHTML 1.0 Transitional//EN"
    "http://www.w3.org/TR/xhtml1/DTD/xhtml1-transitional.dtd">
<html xmlns="http://www.w3.org/1999/xhtml" xml:lang="en" lang="en">
 <head>
  <title>
</title>
<meta http-equiv="Content-Type" content="text/html;charset=utf-8" />
  <meta name='ocr-system' content='tesseract 3.04.00' />
  <meta name='ocr-capabilities' content='ocr_page ocr_carea ocr_par ocr_line ocrx_word'/>
</head>
<body>
  <div class='ocr_page' id='page_1' title='image "./novalegendaangl00wordgoog/novalegendaangl00wordgoog_0596.png"; bbox 0 0 3046 4902; ppageno 0'>
   <div class='ocr_carea' id='block_1_1' title="bbox 115 284 1266 389">
    <p class='ocr_par' dir='ltr' id='par_1_1' title="bbox 115 284 1266 389">
     <span class='ocr_line' id='line_1_1' title="bbox 115 284 1266 389; baseline 0.026 -36"><span class='ocrx_word' id='word_1_1' title='bbox 115 284 938 388; x_wconf 63' lang='lat' dir='ltr'><strong>nsm1.240-rmeb.cumuuuotrucet</strong></span> <span class='ocrx_word' id='word_1_2' title='bbox 954 292 1144 389; x_wconf 71' lang='lat' dir='ltr'><strong>matuta</strong></span> <span class='ocrx_word' id='word_1_3' title='bbox 1195 291 1266 382; x_wconf 80' lang='lat'><strong>⁵87</strong></span> 
     </span>
    </p>
   </div>
   <div class='ocr_carea' id='block_1_2' title="bbox 9 487 1314 2547">
    <p class='ocr_par' dir='ltr' id='par_1_2' title="bbox 9 487 1314 2547">
     <span class='ocr_line' id='line_1_2' title="bbox 15 487 1267 561; baseline -0.006 -12"><span class='ocrx_word' id='word_1_4' title='bbox 15 511 77 548; x_wconf 58' lang='lat' dir='ltr'><strong>crs!</strong></span> <span class='ocrx_word' id='word_1_5' title='bbox 116 487 225 544; x_wconf 90' lang='lat' dir='ltr'><strong>inidem</strong></span> <span class='ocrx_word' id='word_1_6' title='bbox 250 489 410 560; x_wconf 86' lang='lat' dir='ltr'><strong>geminatis.</strong></span> <span class='ocrx_word' id='word_1_7' title='bbox 445 491 525 547; x_wconf 73' lang='lat' dir='ltr'><strong>Atro</strong></span> <span class='ocrx_word' id='word_1_8' title='bbox 547 490 670 546; x_wconf 73' lang='lat' dir='ltr'><strong>Florian</strong></span> <span class='ocrx_word' id='word_1_9' title='bbox 708 490 811 561; x_wconf 90' lang='lat' dir='ltr'><strong>Sicque</strong></span> <span class='ocrx_word' id='word_1_10' title='bbox 835 489 940 545; x_wconf 85' lang='lat' dir='ltr'><strong>factum</strong></span> <span class='ocrx_word' id='word_1_11' title='bbox 969 497 1013 544; x_wconf 92' lang='lat' dir='ltr'><strong>est</strong></span> <span class='ocrx_word' id='word_1_12' title='bbox 1037 497 1068 544; x_wconf 85' lang='lat' dir='ltr'><strong>vt</strong></span> <span class='ocrx_word' id='word_1_13' title='bbox 1096 487 1267 558; x_wconf 86' lang='lat' dir='ltr'><strong>spiculorum</strong></span> 
     </span>
     <span class='ocr_line' id='line_1_3' title="bbox 15 568 1268 644; baseline -0.002 -18"><span class='ocrx_word' id='word_1_14' title='bbox 15 596 76 633; x_wconf 55' lang='grc' dir='ltr'><strong>κε</strong></span> <span class='ocrx_word' id='word_1_15' title='bbox 116 573 268 628; x_wconf 82' lang='lat' dir='ltr'>terebratis</span> <span class='ocrx_word' id='word_1_16' title='bbox 289 573 395 629; x_wconf 80' lang='lat' dir='ltr'><strong>aculeis</strong></span> <span class='ocrx_word' id='word_1_17' title='bbox 415 573 613 630; x_wconf 74' lang='lat' dir='ltr'>circumfossus</span> <span class='ocrx_word' id='word_1_18' title='bbox 634 573 776 644; x_wconf 75' lang='lat' dir='ltr'>palpitans</span> <span class='ocrx_word' id='word_1_19' title='bbox 800 573 923 627; x_wconf 83' lang='lat' dir='ltr'><strong>horreret</strong></span> <span class='ocrx_word' id='word_1_20' title='bbox 944 571 1027 626; x_wconf 86' lang='lat' dir='ltr'><strong>velud</strong></span> <span class='ocrx_word' id='word_1_21' title='bbox 1051 587 1134 641; x_wconf 82' lang='lat' dir='ltr'>asper</span> <span class='ocrx_word' id='word_1_22' title='bbox 1157 568 1268 636; x_wconf 90' lang='lat' dir='ltr'><strong>ericius,</strong></span> 
     </span>
     <span class='ocr_line' id='line_1_4' title="bbox 115 653 1268 727; baseline -0.006 -13.564"><span class='ocrx_word' id='word_1_23' title='bbox 115 661 168 708; x_wconf 91' lang='lat' dir='ltr'><strong>aut</strong></span> <span class='ocrx_word' id='word_1_24' title='bbox 182 655 270 725; x_wconf 86' lang='lat' dir='ltr'><strong>spinis</strong></span> <span class='ocrx_word' id='word_1_25' title='bbox 286 656 376 712; x_wconf 91' lang='lat' dir='ltr'><strong>hirtus</strong></span> <span class='ocrx_word' id='word_1_26' title='bbox 394 657 523 725; x_wconf 86' lang='lat' dir='ltr'><strong>carduus,</strong></span> <span class='ocrx_word' id='word_1_27' title='bbox 536 657 564 713; x_wconf 92' lang='lat' dir='ltr'><strong>in</strong></span> <span class='ocrx_word' id='word_1_28' title='bbox 583 656 715 727; x_wconf 85' lang='lat' dir='ltr'><strong>passione</strong></span> <span class='ocrx_word' id='word_1_29' title='bbox 733 656 830 712; x_wconf 87' lang='lat' dir='ltr'><strong>similis</strong></span> <span class='ocrx_word' id='word_1_30' title='bbox 844 653 1010 711; x_wconf 81' lang='lat' dir='ltr'><strong>Sebastiano</strong></span> <span class='ocrx_word' id='word_1_31' title='bbox 1022 654 1136 724; x_wconf 89' lang='lat' dir='ltr'><strong>egregio</strong></span> <span class='ocrx_word' id='word_1_32' title='bbox 1151 653 1268 708; x_wconf 88' lang='lat' dir='ltr'><strong>martiri.</strong></span> 
     </span>
     <span class='ocr_line' id='line_1_5' title="bbox 15 736 1268 809; baseline -0.009 -6"><span class='ocrx_word' id='word_1_33' title='bbox 15 765 68 804; x_wconf 70' lang='grc'>.;;’.··</span> <span class='ocrx_word' id='word_1_34' title='bbox 118 739 198 792; x_wconf 89' lang='lat' dir='ltr'><strong>Nam</strong></span> <span class='ocrx_word' id='word_1_35' title='bbox 211 738 283 794; x_wconf 89' lang='lat' dir='ltr'><strong>sicut</strong></span> <span class='ocrx_word' id='word_1_36' title='bbox 300 739 400 795; x_wconf 88' lang='lat' dir='ltr'><strong>ericius</strong></span> <span class='ocrx_word' id='word_1_37' title='bbox 416 740 445 794; x_wconf 89' lang='lat' dir='ltr'><strong>in</strong></span> <span class='ocrx_word' id='word_1_38' title='bbox 462 750 525 794; x_wconf 91' lang='lat' dir='ltr'><strong>cute</strong></span> <span class='ocrx_word' id='word_1_39' title='bbox 542 739 637 795; x_wconf 89' lang='lat' dir='ltr'><strong>densis</strong></span> <span class='ocrx_word' id='word_1_40' title='bbox 653 748 778 794; x_wconf 90' lang='lat' dir='ltr'><strong>armatur</strong></span> <span class='ocrx_word' id='word_1_41' title='bbox 792 738 890 809; x_wconf 88' lang='lat' dir='ltr'><strong>spinis,</strong></span> <span class='ocrx_word' id='word_1_42' title='bbox 904 738 943 792; x_wconf 86' lang='lat' dir='ltr'><strong>ita</strong></span> <span class='ocrx_word' id='word_1_43' title='bbox 959 755 1060 808; x_wconf 88' lang='lat' dir='ltr'><strong>corpus</strong></span> <span class='ocrx_word' id='word_1_44' title='bbox 1079 736 1175 793; x_wconf 89' lang='lat' dir='ltr'><strong>inuicti</strong></span> <span class='ocrx_word' id='word_1_45' title='bbox 1194 737 1268 806; x_wconf 89' lang='lat' dir='ltr'><strong>regis</strong></span> 
     </span>
     <span class='ocr_line' id='line_1_6' title="bbox 23 820 1296 893; baseline -0.005 -13"><span class='ocrx_word' id='word_1_46' title='bbox 23 849 70 887; x_wconf 49' lang='grc' dir='ltr'><strong>χε</strong></span> <span class='ocrx_word' id='word_1_47' title='bbox 116 820 235 890; x_wconf 88' lang='lat' dir='ltr'><strong>spiculis</strong></span> <span class='ocrx_word' id='word_1_48' title='bbox 248 823 393 891; x_wconf 88' lang='lat' dir='ltr'><strong>configitur</strong></span> <span class='ocrx_word' id='word_1_49' title='bbox 405 833 433 878; x_wconf 90' lang='lat' dir='ltr'><strong>et</strong></span> <span class='ocrx_word' id='word_1_50' title='bbox 447 821 564 892; x_wconf 80' lang='lat' dir='ltr'><strong>sagittis.</strong></span> <span class='ocrx_word' id='word_1_51' title='bbox 600 823 653 876; x_wconf 80' lang='lat' dir='ltr'><strong>Ex</strong></span> <span class='ocrx_word' id='word_1_52' title='bbox 661 824 860 893; x_wconf 81' lang='lat' dir='ltr'><strong>alialegenda.</strong></span> <span class='ocrx_word' id='word_1_53' title='bbox 898 823 931 875; x_wconf 96' lang='lat' dir='ltr'><strong>ln</strong></span> <span class='ocrx_word' id='word_1_54' title='bbox 949 820 1001 875; x_wconf 91' lang='lat' dir='ltr'><strong>hiis</strong></span> <span class='ocrx_word' id='word_1_55' title='bbox 1014 821 1144 875; x_wconf 91' lang='lat' dir='ltr'><strong>omnibus</strong></span> <span class='ocrx_word' id='word_1_56' title='bbox 1157 820 1296 886; x_wconf 86' lang='lat' dir='ltr'><strong>animus5</strong></span> 
     </span>
     <span class='ocr_line' id='line_1_7' title="bbox 14 901 1268 974; baseline 0.002 -18"><span class='ocrx_word' id='word_1_57' title='bbox 14 901 43 972; x_wconf 35' lang='grc' dir='ltr'><strong>με</strong></span> <span class='ocrx_word' id='word_1_58' title='bbox 59 917 67 922; x_wconf 81' lang='grc'><strong><em>’</em></strong></span> <span class='ocrx_word' id='word_1_59' title='bbox 117 902 149 956; x_wconf 89' lang='lat' dir='ltr'><strong>in</strong></span> <span class='ocrx_word' id='word_1_60' title='bbox 164 903 277 959; x_wconf 89' lang='lat' dir='ltr'><strong>Christo</strong></span> <span class='ocrx_word' id='word_1_61' title='bbox 288 904 389 960; x_wconf 91' lang='lat' dir='ltr'><strong>nobilis</strong></span> <span class='ocrx_word' id='word_1_62' title='bbox 406 904 548 972; x_wconf 88' lang='lat' dir='ltr'><strong>dilatatur,</strong></span> <span class='ocrx_word' id='word_1_63' title='bbox 561 905 651 960; x_wconf 86' lang='lat' dir='ltr'><strong>carnis</strong></span> <span class='ocrx_word' id='word_1_64' title='bbox 668 904 815 960; x_wconf 87' lang='lat' dir='ltr'><strong>intinnitas</strong></span> <span class='ocrx_word' id='word_1_65' title='bbox 829 905 865 960; x_wconf 93' lang='lat' dir='ltr'><strong>de</strong></span> <span class='ocrx_word' id='word_1_66' title='bbox 881 904 975 972; x_wconf 90' lang='lat' dir='ltr'><strong>vigore</strong></span> <span class='ocrx_word' id='word_1_67' title='bbox 991 904 1103 974; x_wconf 88' lang='lat' dir='ltr'><strong>spiritus</strong></span> <span class='ocrx_word' id='word_1_68' title='bbox 1122 903 1268 960; x_wconf 84' lang='lat' dir='ltr'><strong>inualescit</strong></span> 
     </span>
     <span class='ocr_line' id='line_1_8' title="bbox 13 986 1269 1059; baseline -0.013 -2"><span class='ocrx_word' id='word_1_69' title='bbox 13 1015 70 1057; x_wconf 67' lang='lat' dir='ltr'><strong>..rx</strong></span> <span class='ocrx_word' id='word_1_70' title='bbox 116 986 157 1040; x_wconf 94' lang='lat' dir='ltr'><strong>ad</strong></span> <span class='ocrx_word' id='word_1_71' title='bbox 178 1003 290 1056; x_wconf 90' lang='lat' dir='ltr'><strong>penam,</strong></span> <span class='ocrx_word' id='word_1_72' title='bbox 308 998 335 1043; x_wconf 90' lang='lat' dir='ltr'><strong>et</strong></span> <span class='ocrx_word' id='word_1_73' title='bbox 354 988 383 1042; x_wconf 92' lang='lat' dir='ltr'><strong>in</strong></span> <span class='ocrx_word' id='word_1_74' title='bbox 402 989 463 1059; x_wconf 91' lang='lat' dir='ltr'><strong>ipsa</strong></span> <span class='ocrx_word' id='word_1_75' title='bbox 482 987 621 1059; x_wconf 89' lang='lat' dir='ltr'><strong>passionis</strong></span> <span class='ocrx_word' id='word_1_76' title='bbox 642 989 779 1058; x_wconf 85' lang='lat' dir='ltr'><strong>angustia,</strong></span> <span class='ocrx_word' id='word_1_77' title='bbox 799 987 870 1042; x_wconf 90' lang='lat' dir='ltr'><strong>inter</strong></span> <span class='ocrx_word' id='word_1_78' title='bbox 891 987 965 1057; x_wconf 90' lang='lat' dir='ltr'><strong>ipsas</strong></span> <span class='ocrx_word' id='word_1_79' title='bbox 983 986 1146 1041; x_wconf 87' lang='lat' dir='ltr'><strong>carnificum</strong></span> <span class='ocrx_word' id='word_1_80' title='bbox 1167 1003 1269 1041; x_wconf 91' lang='lat' dir='ltr'><strong>manus</strong></span> 
     </span>
     <span class='ocr_line' id='line_1_9' title="bbox 13 1068 1269 1142; baseline 0 -19"><span class='ocrx_word' id='word_1_81' title='bbox 13 1103 68 1142; x_wconf 55' lang='lat'>:³:⁴-</span> <span class='ocrx_word' id='word_1_82' title='bbox 116 1069 258 1138; x_wconf 86' lang='lat' dir='ltr'><strong>gloriosus</strong></span> <span class='ocrx_word' id='word_1_83' title='bbox 289 1070 394 1126; x_wconf 87' lang='lat' dir='ltr'><strong>Christi</strong></span> <span class='ocrx_word' id='word_1_84' title='bbox 419 1071 562 1126; x_wconf 80' lang='lat' dir='ltr'><strong>confessor</strong></span> <span class='ocrx_word' id='word_1_85' title='bbox 590 1071 626 1126; x_wconf 89' lang='lat' dir='ltr'><strong>de</strong></span> <span class='ocrx_word' id='word_1_86' title='bbox 650 1071 715 1125; x_wconf 87' lang='lat' dir='ltr'><strong>fidei</strong></span> <span class='ocrx_word' id='word_1_87' title='bbox 741 1080 918 1141; x_wconf 84' lang='lat' dir='ltr'><strong>persecutore</strong></span> <span class='ocrx_word' id='word_1_88' title='bbox 941 1068 1103 1138; x_wconf 78' lang='lat' dir='ltr'><strong>triumphat.</strong></span> <span class='ocrx_word' id='word_1_89' title='bbox 1140 1070 1269 1138; x_wconf 87' lang='lat' dir='ltr'><strong>Cumque</strong></span> 
     </span>
     <span class='ocr_line' id='line_1_10' title="bbox 13 1149 1269 1227; baseline -0.001 -21"><span class='ocrx_word' id='word_1_90' title='bbox 13 1193 29 1227; x_wconf 47' lang='lat'><strong>4.</strong></span> <span class='ocrx_word' id='word_1_91' title='bbox 117 1163 249 1208; x_wconf 87' lang='lat' dir='ltr'><strong>sanctum</strong></span> <span class='ocrx_word' id='word_1_92' title='bbox 263 1152 308 1210; x_wconf 88' lang='lat' dir='ltr'><strong>dei</strong></span> <span class='ocrx_word' id='word_1_93' title='bbox 321 1153 463 1209; x_wconf 86' lang='lat' dir='ltr'><strong>martirem</strong></span> <span class='ocrx_word' id='word_1_94' title='bbox 475 1155 648 1224; x_wconf 85' lang='lat' dir='ltr'><strong>conspiceret</strong></span> <span class='ocrx_word' id='word_1_95' title='bbox 660 1153 772 1225; x_wconf 89' lang='lat' dir='ltr'><strong>iniquus</strong></span> <span class='ocrx_word' id='word_1_96' title='bbox 786 1155 897 1222; x_wconf 85' lang='lat' dir='ltr'><strong>lngwar</strong></span> <span class='ocrx_word' id='word_1_97' title='bbox 906 1169 958 1206; x_wconf 89' lang='lat' dir='ltr'><strong>nec</strong></span> <span class='ocrx_word' id='word_1_98' title='bbox 970 1151 1028 1206; x_wconf 92' lang='lat' dir='ltr'><strong>suis</strong></span> <span class='ocrx_word' id='word_1_99' title='bbox 1042 1149 1269 1221; x_wconf 88' lang='lat' dir='ltr'><strong>persuasionibus</strong></span> 
     </span>
     <span class='ocr_line' id='line_1_11' title="bbox 118 1232 1314 1307; baseline 0.002 -21.779"><span class='ocrx_word' id='word_1_100' title='bbox 118 1251 266 1290; x_wconf 83' lang='lat' dir='ltr'><strong>assensum</strong></span> <span class='ocrx_word' id='word_1_101' title='bbox 278 1238 402 1307; x_wconf 89' lang='lat' dir='ltr'><strong>prebere,</strong></span> <span class='ocrx_word' id='word_1_102' title='bbox 416 1247 458 1292; x_wconf 90' lang='lat' dir='ltr'><strong>set</strong></span> <span class='ocrx_word' id='word_1_103' title='bbox 471 1237 500 1290; x_wconf 91' lang='lat' dir='ltr'><strong>in</strong></span> <span class='ocrx_word' id='word_1_104' title='bbox 516 1237 571 1292; x_wconf 90' lang='lat' dir='ltr'><strong>fide</strong></span> <span class='ocrx_word' id='word_1_105' title='bbox 587 1236 690 1292; x_wconf 85' lang='lat' dir='ltr'><strong>Christi</strong></span> <span class='ocrx_word' id='word_1_106' title='bbox 709 1245 737 1290; x_wconf 90' lang='lat' dir='ltr'><strong>et</strong></span> <span class='ocrx_word' id='word_1_107' title='bbox 755 1235 929 1290; x_wconf 75' lang='lat' dir='ltr'><strong>consessione</strong></span> <span class='ocrx_word' id='word_1_108' title='bbox 945 1243 1042 1290; x_wconf 89' lang='lat' dir='ltr'><strong>sancte</strong></span> <span class='ocrx_word' id='word_1_109' title='bbox 1059 1232 1189 1288; x_wconf 88' lang='lat' dir='ltr'><strong>trinitatis</strong></span> <span class='ocrx_word' id='word_1_110' title='bbox 1203 1249 1267 1288; x_wconf 89' lang='lat' dir='ltr'><strong>con·</strong></span> <span class='ocrx_word' id='word_1_111' title='bbox 1284 1253 1314 1288; x_wconf 90' lang='lat' dir='ltr'><strong>ro</strong></span> 
     </span>
     <span class='ocr_line' id='line_1_12' title="bbox 12 1315 1268 1395; baseline -0.002 -22"><span class='ocrx_word' id='word_1_112' title='bbox 12 1321 62 1395; x_wconf 51' lang='lat'><strong>:35</strong></span> <span class='ocrx_word' id='word_1_113' title='bbox 118 1328 228 1373; x_wconf 89' lang='lat' dir='ltr'><strong>stanter</strong></span> <span class='ocrx_word' id='word_1_114' title='bbox 245 1337 431 1389; x_wconf 88' lang='lat' dir='ltr'><strong>perseuerare,</strong></span> <span class='ocrx_word' id='word_1_115' title='bbox 443 1319 559 1376; x_wconf 85' lang='lat' dir='ltr'><strong>vertitur</strong></span> <span class='ocrx_word' id='word_1_116' title='bbox 575 1319 604 1374; x_wconf 93' lang='lat' dir='ltr'><strong>in</strong></span> <span class='ocrx_word' id='word_1_117' title='bbox 619 1319 751 1386; x_wconf 80' lang='lat' dir='ltr'><strong>furorem,</strong></span> <span class='ocrx_word' id='word_1_118' title='bbox 766 1319 899 1374; x_wconf 90' lang='lat' dir='ltr'><strong>dentibus</strong></span> <span class='ocrx_word' id='word_1_119' title='bbox 915 1316 1022 1384; x_wconf 89' lang='lat' dir='ltr'><strong>stridet,</strong></span> <span class='ocrx_word' id='word_1_120' title='bbox 1034 1315 1129 1372; x_wconf 92' lang='lat' dir='ltr'><strong>tremit</strong></span> <span class='ocrx_word' id='word_1_121' title='bbox 1143 1333 1268 1386; x_wconf 90' lang='lat' dir='ltr'><strong>corpore,</strong></span> 
     </span>
     <span class='ocr_line' id='line_1_13' title="bbox 117 1398 1268 1473; baseline -0.002 -19.157"><span class='ocrx_word' id='word_1_122' title='bbox 117 1409 148 1455; x_wconf 88' lang='lat' dir='ltr'><strong>et</strong></span> <span class='ocrx_word' id='word_1_123' title='bbox 169 1400 257 1456; x_wconf 89' lang='lat' dir='ltr'><strong>lictori</strong></span> <span class='ocrx_word' id='word_1_124' title='bbox 276 1403 393 1458; x_wconf 88' lang='lat' dir='ltr'><strong>mandat</strong></span> <span class='ocrx_word' id='word_1_125' title='bbox 411 1403 538 1472; x_wconf 89' lang='lat' dir='ltr'><strong>protinus</strong></span> <span class='ocrx_word' id='word_1_126' title='bbox 557 1413 586 1457; x_wconf 93' lang='lat' dir='ltr'><strong>vt</strong></span> <span class='ocrx_word' id='word_1_127' title='bbox 606 1411 732 1473; x_wconf 88' lang='lat' dir='ltr'><strong>amputet</strong></span> <span class='ocrx_word' id='word_1_128' title='bbox 753 1402 846 1471; x_wconf 83' lang='lat' dir='ltr'><strong>capud</strong></span> <span class='ocrx_word' id='word_1_129' title='bbox 862 1401 930 1456; x_wconf 84' lang='lat' dir='ltr'><strong>eius</strong></span> <span class='ocrx_word' id='word_1_130' title='bbox 969 1400 1018 1455; x_wconf 92' lang='lat' dir='ltr'><strong>llle</strong></span> <span class='ocrx_word' id='word_1_131' title='bbox 1037 1399 1204 1454; x_wconf 90' lang='lat' dir='ltr'><strong>seminecem</strong></span> <span class='ocrx_word' id='word_1_132' title='bbox 1223 1398 1268 1453; x_wconf 90' lang='lat' dir='ltr'><strong>cui</strong></span> 
     </span>
     <span class='ocr_line' id='line_1_14' title="bbox 12 1473 1268 1556; baseline -0.002 -18"><span class='ocrx_word' id='word_1_133' title='bbox 12 1473 33 1546; x_wconf 58' lang='lat' dir='ltr'><strong>J„</strong></span> <span class='ocrx_word' id='word_1_134' title='bbox 49 1543 55 1550; x_wconf 52' lang='grc'><strong>,</strong></span> <span class='ocrx_word' id='word_1_135' title='bbox 118 1482 215 1538; x_wconf 88' lang='lat' dir='ltr'><strong>adhuc</strong></span> <span class='ocrx_word' id='word_1_136' title='bbox 227 1483 319 1539; x_wconf 90' lang='lat' dir='ltr'><strong>vitalis</strong></span> <span class='ocrx_word' id='word_1_137' title='bbox 332 1486 408 1539; x_wconf 93' lang='lat' dir='ltr'><strong>calor</strong></span> <span class='ocrx_word' id='word_1_138' title='bbox 421 1485 450 1539; x_wconf 92' lang='lat' dir='ltr'><strong>in</strong></span> <span class='ocrx_word' id='word_1_139' title='bbox 464 1483 560 1556; x_wconf 92' lang='lat' dir='ltr'><strong>tepido</strong></span> <span class='ocrx_word' id='word_1_140' title='bbox 578 1485 733 1555; x_wconf 79' lang='lat' dir='ltr'><strong>palpitabat</strong></span> <span class='ocrx_word' id='word_1_141' title='bbox 752 1493 873 1555; x_wconf 81' lang='lat' dir='ltr'><strong>pectore,</strong></span> <span class='ocrx_word' id='word_1_142' title='bbox 887 1493 916 1538; x_wconf 94' lang='lat' dir='ltr'><strong>vt</strong></span> <span class='ocrx_word' id='word_1_143' title='bbox 930 1482 977 1537; x_wconf 85' lang='lat' dir='ltr'><strong>vix</strong></span> <span class='ocrx_word' id='word_1_144' title='bbox 993 1491 1089 1552; x_wconf 89' lang='lat' dir='ltr'><strong>posset</strong></span> <span class='ocrx_word' id='word_1_145' title='bbox 1108 1481 1268 1550; x_wconf 89' lang='lat' dir='ltr'><strong>subsistere,</strong></span> 
     </span>
     <span class='ocr_line' id='line_1_15' title="bbox 118 1565 1269 1637; baseline -0.002 -15.17"><span class='ocrx_word' id='word_1_146' title='bbox 118 1565 216 1620; x_wconf 89' lang='lat' dir='ltr'><strong>auellit</strong></span> <span class='ocrx_word' id='word_1_147' title='bbox 232 1577 348 1621; x_wconf 90' lang='lat' dir='ltr'><strong>cruento</strong></span> <span class='ocrx_word' id='word_1_148' title='bbox 365 1566 459 1637; x_wconf 87' lang='lat' dir='ltr'><strong>stipite</strong></span> <span class='ocrx_word' id='word_1_149' title='bbox 473 1567 600 1635; x_wconf 78' lang='lat' dir='ltr'><strong>festinus,</strong></span> <span class='ocrx_word' id='word_1_150' title='bbox 615 1566 777 1637; x_wconf 89' lang='lat' dir='ltr'><strong>auulsisque</strong></span> <span class='ocrx_word' id='word_1_151' title='bbox 794 1566 912 1622; x_wconf 90' lang='lat' dir='ltr'><strong>detectis</strong></span> <span class='ocrx_word' id='word_1_152' title='bbox 928 1575 1070 1621; x_wconf 88' lang='lat' dir='ltr'><strong>costarum</strong></span> <span class='ocrx_word' id='word_1_153' title='bbox 1087 1565 1200 1620; x_wconf 91' lang='lat' dir='ltr'><strong>latebris</strong></span> <span class='ocrx_word' id='word_1_154' title='bbox 1219 1581 1269 1636; x_wconf 91' lang='lat' dir='ltr'><strong>pre</strong></span> 
     </span>
     <span class='ocr_line' id='line_1_16' title="bbox 119 1647 1313 1720; baseline 0.002 -17.834"><span class='ocrx_word' id='word_1_155' title='bbox 119 1648 323 1718; x_wconf 87' lang='lat' dir='ltr'><strong>punccionibus</strong></span> <span class='ocrx_word' id='word_1_156' title='bbox 342 1649 447 1704; x_wconf 88' lang='lat' dir='ltr'><strong>crebris</strong></span> <span class='ocrx_word' id='word_1_157' title='bbox 463 1648 521 1704; x_wconf 89' lang='lat' dir='ltr'><strong>acsi</strong></span> <span class='ocrx_word' id='word_1_158' title='bbox 537 1661 650 1720; x_wconf 88' lang='lat' dir='ltr'><strong>raptum</strong></span> <span class='ocrx_word' id='word_1_159' title='bbox 667 1650 766 1705; x_wconf 90' lang='lat' dir='ltr'><strong>eculeo</strong></span> <span class='ocrx_word' id='word_1_160' title='bbox 783 1659 832 1704; x_wconf 92' lang='lat' dir='ltr'><strong>aut</strong></span> <span class='ocrx_word' id='word_1_161' title='bbox 850 1649 925 1704; x_wconf 90' lang='lat' dir='ltr'><strong>seuis</strong></span> <span class='ocrx_word' id='word_1_162' title='bbox 942 1659 1046 1704; x_wconf 86' lang='lat' dir='ltr'><strong>tortum</strong></span> <span class='ocrx_word' id='word_1_163' title='bbox 1063 1649 1173 1718; x_wconf 84' lang='lat' dir='ltr'><strong>vngulis</strong></span> <span class='ocrx_word' id='word_1_164' title='bbox 1192 1647 1267 1704; x_wconf 90' lang='lat' dir='ltr'><strong>iubet</strong></span> <span class='ocrx_word' id='word_1_165' title='bbox 1284 1667 1313 1720; x_wconf 85' lang='lat'><strong>¹5</strong></span> 
     </span>
     <span class='ocr_line' id='line_1_17' title="bbox 11 1730 1268 1808; baseline -0.003 -18"><span class='ocrx_word' id='word_1_166' title='bbox 11 1785 13 1790; x_wconf 92' lang='lat'><em>.</em></span> <span class='ocrx_word' id='word_1_167' title='bbox 32 1769 50 1808; x_wconf 40' lang='lat'><strong>‚-</strong></span> <span class='ocrx_word' id='word_1_168' title='bbox 119 1731 213 1800; x_wconf 87' lang='lat' dir='ltr'><strong>capud</strong></span> <span class='ocrx_word' id='word_1_169' title='bbox 226 1730 385 1798; x_wconf 84' lang='lat' dir='ltr'><strong>extendere,</strong></span> <span class='ocrx_word' id='word_1_170' title='bbox 397 1732 483 1801; x_wconf 89' lang='lat' dir='ltr'><strong>regali</strong></span> <span class='ocrx_word' id='word_1_171' title='bbox 496 1733 639 1802; x_wconf 90' lang='lat' dir='ltr'><strong>quondam</strong></span> <span class='ocrx_word' id='word_1_172' title='bbox 658 1733 820 1802; x_wconf 89' lang='lat' dir='ltr'><strong>insignitum</strong></span> <span class='ocrx_word' id='word_1_173' title='bbox 835 1732 1003 1786; x_wconf 88' lang='lat' dir='ltr'><strong>diademate.</strong></span> <span class='ocrx_word' id='word_1_174' title='bbox 1040 1733 1168 1802; x_wconf 86' lang='lat' dir='ltr'><strong>Cumque</strong></span> <span class='ocrx_word' id='word_1_175' title='bbox 1183 1743 1268 1786; x_wconf 87' lang='lat' dir='ltr'><strong>staret</strong></span> 
     </span>
     <span class='ocr_line' id='line_1_18' title="bbox 10 1812 1269 1886; baseline 0.004 -20"><span class='ocrx_word' id='word_1_176' title='bbox 10 1815 44 1876; x_wconf 64' lang='grc' dir='ltr'><strong>ζ..</strong></span> <span class='ocrx_word' id='word_1_177' title='bbox 118 1812 285 1868; x_wconf 89' lang='lat' dir='ltr'><strong>mitissimus</strong></span> <span class='ocrx_word' id='word_1_178' title='bbox 297 1825 327 1870; x_wconf 90' lang='lat' dir='ltr'><strong>vt</strong></span> <span class='ocrx_word' id='word_1_179' title='bbox 339 1814 412 1870; x_wconf 88' lang='lat' dir='ltr'><strong>aries</strong></span> <span class='ocrx_word' id='word_1_180' title='bbox 425 1815 461 1870; x_wconf 89' lang='lat' dir='ltr'><strong>de</strong></span> <span class='ocrx_word' id='word_1_181' title='bbox 475 1825 534 1870; x_wconf 91' lang='lat' dir='ltr'><strong>toto</strong></span> <span class='ocrx_word' id='word_1_182' title='bbox 549 1832 634 1886; x_wconf 85' lang='lat' dir='ltr'><strong>grege</strong></span> <span class='ocrx_word' id='word_1_183' title='bbox 652 1817 766 1882; x_wconf 89' lang='lat' dir='ltr'><strong>electus,</strong></span> <span class='ocrx_word' id='word_1_184' title='bbox 778 1815 875 1870; x_wconf 91' lang='lat' dir='ltr'><strong>volens</strong></span> <span class='ocrx_word' id='word_1_185' title='bbox 890 1814 961 1870; x_wconf 81' lang='lat' dir='ltr'><strong>felici</strong></span> <span class='ocrx_word' id='word_1_186' title='bbox 976 1813 1145 1870; x_wconf 90' lang='lat' dir='ltr'><strong>commercio</strong></span> <span class='ocrx_word' id='word_1_187' title='bbox 1160 1825 1269 1871; x_wconf 88' lang='lat' dir='ltr'><strong>mutare</strong></span> 
     </span>
     <span class='ocr_line' id='line_1_19' title="bbox 118 1896 1269 1966; baseline 0 -12"><span class='ocrx_word' id='word_1_188' title='bbox 118 1896 209 1950; x_wconf 88' lang='lat' dir='ltr'><strong>vitam</strong></span> <span class='ocrx_word' id='word_1_189' title='bbox 226 1897 329 1964; x_wconf 86' lang='lat' dir='ltr'><strong>seculo,</strong></span> <span class='ocrx_word' id='word_1_190' title='bbox 342 1897 446 1952; x_wconf 89' lang='lat' dir='ltr'><strong>diuinis</strong></span> <span class='ocrx_word' id='word_1_191' title='bbox 464 1898 588 1954; x_wconf 89' lang='lat' dir='ltr'><strong>intentus</strong></span> <span class='ocrx_word' id='word_1_192' title='bbox 607 1897 759 1966; x_wconf 87' lang='lat' dir='ltr'><strong>beneficiis,</strong></span> <span class='ocrx_word' id='word_1_193' title='bbox 771 1897 829 1952; x_wconf 87' lang='lat' dir='ltr'><strong>iarn</strong></span> <span class='ocrx_word' id='word_1_194' title='bbox 847 1899 1025 1954; x_wconf 85' lang='lat' dir='ltr'><strong>recreabatur</strong></span> <span class='ocrx_word' id='word_1_195' title='bbox 1037 1896 1144 1952; x_wconf 89' lang='lat' dir='ltr'><strong>visione</strong></span> <span class='ocrx_word' id='word_1_196' title='bbox 1161 1898 1269 1954; x_wconf 89' lang='lat' dir='ltr'><strong>interne</strong></span> 
     </span>
     <span class='ocr_line' id='line_1_20' title="bbox 10 1979 1267 2052; baseline -0.002 -14"><span class='ocrx_word' id='word_1_197' title='bbox 10 2031 29 2044; x_wconf 73' lang='grc'><strong>,.</strong></span> <span class='ocrx_word' id='word_1_198' title='bbox 119 1979 199 2045; x_wconf 90' lang='lat' dir='ltr'><strong>lucis,</strong></span> <span class='ocrx_word' id='word_1_199' title='bbox 224 1995 280 2049; x_wconf 86' lang='lat' dir='ltr'><strong>qua</strong></span> <span class='ocrx_word' id='word_1_200' title='bbox 304 1979 333 2035; x_wconf 90' lang='lat' dir='ltr'><strong>in</strong></span> <span class='ocrx_word' id='word_1_201' title='bbox 357 1998 450 2050; x_wconf 88' lang='lat' dir='ltr'><strong>agone</strong></span> <span class='ocrx_word' id='word_1_202' title='bbox 471 1982 579 2052; x_wconf 90' lang='lat' dir='ltr'><strong>positus</strong></span> <span class='ocrx_word' id='word_1_203' title='bbox 603 1982 701 2037; x_wconf 90' lang='lat' dir='ltr'><strong>saciari</strong></span> <span class='ocrx_word' id='word_1_204' title='bbox 722 1981 853 2051; x_wconf 88' lang='lat' dir='ltr'><strong>cupiebat</strong></span> <span class='ocrx_word' id='word_1_205' title='bbox 872 1981 1018 2035; x_wconf 89' lang='lat' dir='ltr'><strong>attencius.</strong></span> <span class='ocrx_word' id='word_1_206' title='bbox 1068 1981 1267 2052; x_wconf 80' lang='lat' dir='ltr'><strong>Wareugsord.</strong></span> 
     </span>
     <span class='ocr_line' id='line_1_21' title="bbox 118 2061 1314 2140; baseline 0.002 -23.833"><span class='ocrx_word' id='word_1_207' title='bbox 118 2061 142 2122; x_wconf 69' lang='lat' dir='ltr'><strong>il</strong></span> <span class='ocrx_word' id='word_1_208' title='bbox 164 2063 203 2116; x_wconf 89' lang='lat' dir='ltr'><strong>Et</strong></span> <span class='ocrx_word' id='word_1_209' title='bbox 219 2061 369 2133; x_wconf 87' lang='lat' dir='ltr'><strong>impetrato</strong></span> <span class='ocrx_word' id='word_1_210' title='bbox 390 2065 488 2119; x_wconf 89' lang='lat' dir='ltr'><strong>orandi</strong></span> <span class='ocrx_word' id='word_1_211' title='bbox 507 2064 617 2140; x_wconf 81' lang='lat' dir='ltr'><strong>spacio,¹</strong></span> <span class='ocrx_word' id='word_1_212' title='bbox 626 2066 742 2119; x_wconf 88' lang='lat' dir='ltr'><strong>breuem</strong></span> <span class='ocrx_word' id='word_1_213' title='bbox 764 2064 835 2119; x_wconf 85' lang='lat' dir='ltr'><strong>ludit</strong></span> <span class='ocrx_word' id='word_1_214' title='bbox 854 2061 1023 2129; x_wconf 89' lang='lat' dir='ltr'><strong>oracionem,</strong></span> <span class='ocrx_word' id='word_1_215' title='bbox 1039 2063 1153 2119; x_wconf 89' lang='lat' dir='ltr'><strong>dicens:</strong></span> <span class='ocrx_word' id='word_1_216' title='bbox 1173 2064 1269 2118; x_wconf 89' lang='lat' dir='ltr'><strong>‘Deus</strong></span> <span class='ocrx_word' id='word_1_217' title='bbox 1284 2083 1314 2119; x_wconf 84' lang='lat' dir='ltr'><strong>ao</strong></span> 
     </span>
     <span class='ocr_line' id='line_1_22' title="bbox 119 2143 1269 2216; baseline 0.002 -18.769"><span class='ocrx_word' id='word_1_218' title='bbox 119 2143 168 2214; x_wconf 91' lang='lat' dir='ltr'><strong>qui</strong></span> <span class='ocrx_word' id='word_1_219' title='bbox 182 2145 218 2198; x_wconf 92' lang='lat' dir='ltr'><strong>de</strong></span> <span class='ocrx_word' id='word_1_220' title='bbox 230 2145 406 2216; x_wconf 89' lang='lat' dir='ltr'><strong>beneplacito</strong></span> <span class='ocrx_word' id='word_1_221' title='bbox 418 2157 475 2214; x_wconf 92' lang='lat' dir='ltr'><strong>tuo,</strong></span> <span class='ocrx_word' id='word_1_222' title='bbox 487 2163 543 2202; x_wconf 90' lang='lat' dir='ltr'><strong>non</strong></span> <span class='ocrx_word' id='word_1_223' title='bbox 557 2147 592 2202; x_wconf 91' lang='lat' dir='ltr'><strong>de</strong></span> <span class='ocrx_word' id='word_1_224' title='bbox 603 2158 700 2202; x_wconf 89' lang='lat' dir='ltr'><strong>nostro</strong></span> <span class='ocrx_word' id='word_1_225' title='bbox 713 2147 821 2212; x_wconf 87' lang='lat' dir='ltr'><strong>merito,</strong></span> <span class='ocrx_word' id='word_1_226' title='bbox 834 2145 921 2200; x_wconf 87' lang='lat' dir='ltr'><strong>tilium</strong></span> <span class='ocrx_word' id='word_1_227' title='bbox 934 2155 1014 2201; x_wconf 87' lang='lat' dir='ltr'><strong>tuum</strong></span> <span class='ocrx_word' id='word_1_228' title='bbox 1030 2161 1116 2200; x_wconf 88' lang='lat' dir='ltr'><strong>carne</strong></span> <span class='ocrx_word' id='word_1_229' title='bbox 1128 2145 1222 2200; x_wconf 91' lang='lat' dir='ltr'><strong>vestiri</strong></span> <span class='ocrx_word' id='word_1_230' title='bbox 1241 2155 1269 2200; x_wconf 91' lang='lat' dir='ltr'><strong>et</strong></span> 
     </span>
     <span class='ocr_line' id='line_1_23' title="bbox 13 2225 1269 2298; baseline 0.003 -18"><span class='ocrx_word' id='word_1_231' title='bbox 13 2225 37 2294; x_wconf 56' lang='lat' dir='ltr'><strong>,ss</strong></span> <span class='ocrx_word' id='word_1_232' title='bbox 118 2227 196 2296; x_wconf 88' lang='lat' dir='ltr'><strong>affigi</strong></span> <span class='ocrx_word' id='word_1_233' title='bbox 212 2227 338 2296; x_wconf 87' lang='lat' dir='ltr'><strong>patibulo</strong></span> <span class='ocrx_word' id='word_1_234' title='bbox 355 2228 475 2295; x_wconf 88' lang='lat' dir='ltr'><strong>voluisti,</strong></span> <span class='ocrx_word' id='word_1_235' title='bbox 487 2246 544 2284; x_wconf 91' lang='lat' dir='ltr'><strong>non</strong></span> <span class='ocrx_word' id='word_1_236' title='bbox 562 2231 654 2284; x_wconf 92' lang='lat' dir='ltr'><strong>solum</strong></span> <span class='ocrx_word' id='word_1_237' title='bbox 670 2229 708 2284; x_wconf 91' lang='lat' dir='ltr'><strong>ad</strong></span> <span class='ocrx_word' id='word_1_238' title='bbox 722 2227 846 2283; x_wconf 86' lang='lat' dir='ltr'><strong>caritatis</strong></span> <span class='ocrx_word' id='word_1_239' title='bbox 861 2229 1019 2298; x_wconf 88' lang='lat' dir='ltr'><strong>exemplum</strong></span> <span class='ocrx_word' id='word_1_240' title='bbox 1037 2239 1078 2283; x_wconf 88' lang='lat' dir='ltr'><strong>set</strong></span> <span class='ocrx_word' id='word_1_241' title='bbox 1095 2228 1216 2283; x_wconf 84' lang='lat' dir='ltr'><strong>maxime</strong></span> <span class='ocrx_word' id='word_1_242' title='bbox 1231 2229 1269 2284; x_wconf 88' lang='lat' dir='ltr'><strong>ad</strong></span> 
     </span>
     <span class='ocr_line' id='line_1_24' title="bbox 9 2307 1269 2381; baseline 0.002 -17"><span class='ocrx_word' id='word_1_243' title='bbox 9 2307 31 2381; x_wconf 58' lang='grc' dir='ltr'><strong>ζ’,</strong></span> <span class='ocrx_word' id='word_1_244' title='bbox 119 2308 230 2379; x_wconf 85' lang='lat' dir='ltr'><strong>peccati</strong></span> <span class='ocrx_word' id='word_1_245' title='bbox 254 2310 425 2368; x_wconf 89' lang='lat' dir='ltr'><strong>remedium:</strong></span> <span class='ocrx_word' id='word_1_246' title='bbox 457 2312 496 2366; x_wconf 91' lang='lat' dir='ltr'><strong>da</strong></span> <span class='ocrx_word' id='word_1_247' title='bbox 520 2310 605 2366; x_wconf 88' lang='lat' dir='ltr'><strong>michi</strong></span> <span class='ocrx_word' id='word_1_248' title='bbox 630 2311 659 2366; x_wconf 91' lang='lat' dir='ltr'><strong>in</strong></span> <span class='ocrx_word' id='word_1_249' title='bbox 684 2310 825 2381; x_wconf 87' lang='lat' dir='ltr'><strong>passionis</strong></span> <span class='ocrx_word' id='word_1_250' title='bbox 848 2327 912 2365; x_wconf 91' lang='lat' dir='ltr'><strong>mee</strong></span> <span class='ocrx_word' id='word_1_251' title='bbox 936 2311 1053 2365; x_wconf 88' lang='lat' dir='ltr'><strong>articulo</strong></span> <span class='ocrx_word' id='word_1_252' title='bbox 1076 2311 1269 2366; x_wconf 88' lang='lat' dir='ltr'><strong>constanciam</strong></span> 
     </span>
     <span class='ocr_line' id='line_1_25' title="bbox 28 2385 1270 2465; baseline 0.001 -16"><span class='ocrx_word' id='word_1_253' title='bbox 28 2385 32 2449; x_wconf 72' lang='lat' dir='ltr'>J</span> <span class='ocrx_word' id='word_1_254' title='bbox 118 2402 150 2447; x_wconf 92' lang='lat' dir='ltr'><strong>et</strong></span> <span class='ocrx_word' id='word_1_255' title='bbox 164 2408 253 2462; x_wconf 86' lang='lat' dir='ltr'><strong>vsque</strong></span> <span class='ocrx_word' id='word_1_256' title='bbox 270 2392 298 2448; x_wconf 90' lang='lat' dir='ltr'><strong>in</strong></span> <span class='ocrx_word' id='word_1_257' title='bbox 318 2393 401 2449; x_wconf 87' lang='lat' dir='ltr'><strong>finem</strong></span> <span class='ocrx_word' id='word_1_258' title='bbox 417 2393 445 2449; x_wconf 90' lang='lat' dir='ltr'><strong>in</strong></span> <span class='ocrx_word' id='word_1_259' title='bbox 462 2394 575 2449; x_wconf 88' lang='lat' dir='ltr'><strong>caritate</strong></span> <span class='ocrx_word' id='word_1_260' title='bbox 589 2393 840 2465; x_wconf 78' lang='lat' dir='ltr'><strong>perseuerandum,</strong></span> <span class='ocrx_word' id='word_1_261' title='bbox 854 2409 907 2448; x_wconf 90' lang='lat' dir='ltr'><strong>nec</strong></span> <span class='ocrx_word' id='word_1_262' title='bbox 924 2393 1097 2448; x_wconf 89' lang='lat' dir='ltr'><strong>truculentus</strong></span> <span class='ocrx_word' id='word_1_263' title='bbox 1115 2395 1224 2464; x_wconf 86' lang='lat' dir='ltr'><strong>lngwar</strong></span> <span class='ocrx_word' id='word_1_264' title='bbox 1238 2411 1270 2450; x_wconf 89' lang='lat' dir='ltr'><strong>se</strong></span> 
     </span>
     <span class='ocr_line' id='line_1_26' title="bbox 119 2472 1313 2547; baseline 0.003 -20"><span class='ocrx_word' id='word_1_265' title='bbox 119 2472 222 2528; x_wconf 88' lang='lat' dir='ltr'><strong>vicisse</strong></span> <span class='ocrx_word' id='word_1_266' title='bbox 233 2475 356 2544; x_wconf 85' lang='lat' dir='ltr'><strong>gaudeat</strong></span> <span class='ocrx_word' id='word_1_267' title='bbox 368 2476 392 2530; x_wconf 90' lang='lat' dir='ltr'><strong>si</strong></span> <span class='ocrx_word' id='word_1_268' title='bbox 405 2493 451 2532; x_wconf 89' lang='lat' dir='ltr'><strong>me</strong></span> <span class='ocrx_word' id='word_1_269' title='bbox 463 2475 555 2547; x_wconf 87' lang='lat' dir='ltr'><strong>capite</strong></span> <span class='ocrx_word' id='word_1_270' title='bbox 566 2476 684 2542; x_wconf 90' lang='lat' dir='ltr'><strong>mutilet,</strong></span> <span class='ocrx_word' id='word_1_271' title='bbox 696 2487 739 2531; x_wconf 92' lang='lat' dir='ltr'><strong>set</strong></span> <span class='ocrx_word' id='word_1_272' title='bbox 753 2476 799 2530; x_wconf 93' lang='lat' dir='ltr'><strong>ille</strong></span> <span class='ocrx_word' id='word_1_273' title='bbox 811 2477 908 2546; x_wconf 88' lang='lat' dir='ltr'><strong>pocius</strong></span> <span class='ocrx_word' id='word_1_274' title='bbox 920 2475 948 2531; x_wconf 94' lang='lat' dir='ltr'><strong>in</strong></span> <span class='ocrx_word' id='word_1_275' title='bbox 967 2487 994 2532; x_wconf 89' lang='lat' dir='ltr'><strong>te</strong></span> <span class='ocrx_word' id='word_1_276' title='bbox 1008 2487 1036 2531; x_wconf 88' lang='lat' dir='ltr'><strong>et</strong></span> <span class='ocrx_word' id='word_1_277' title='bbox 1052 2477 1088 2532; x_wconf 98' lang='lat' dir='ltr'><strong>de</strong></span> <span class='ocrx_word' id='word_1_278' title='bbox 1104 2486 1133 2532; x_wconf 90' lang='lat' dir='ltr'><strong>te</strong></span> <span class='ocrx_word' id='word_1_279' title='bbox 1147 2477 1269 2546; x_wconf 87' lang='lat' dir='ltr'><strong>gaudeat</strong></span> <span class='ocrx_word' id='word_1_280' title='bbox 1284 2495 1313 2546; x_wconf 81' lang='lat'><strong>²⁵</strong></span> 
     </span>
    </p>
   </div>
   <div class='ocr_carea' id='block_1_3' title="bbox 8 2557 1316 2961">
    <p class='ocr_par' dir='ltr' id='par_1_3' title="bbox 8 2549 1316 2961">
     <span class='ocr_line' id='line_1_27' title="bbox 120 2557 1270 2631; baseline 0.003 -20.645"><span class='ocrx_word' id='word_1_281' title='bbox 120 2557 170 2627; x_wconf 91' lang='lat' dir='ltr'><strong>qui</strong></span> <span class='ocrx_word' id='word_1_282' title='bbox 182 2558 218 2611; x_wconf 91' lang='lat' dir='ltr'><strong>de</strong></span> <span class='ocrx_word' id='word_1_283' title='bbox 231 2559 311 2614; x_wconf 89' lang='lat' dir='ltr'><strong>hoste</strong></span> <span class='ocrx_word' id='word_1_284' title='bbox 324 2559 462 2629; x_wconf 87' lang='lat' dir='ltr'><strong>paciendo</strong></span> <span class='ocrx_word' id='word_1_285' title='bbox 474 2559 635 2630; x_wconf 86' lang='lat' dir='ltr'><strong>triumphet.</strong></span> <span class='ocrx_word' id='word_1_286' title='bbox 672 2561 739 2614; x_wconf 94' lang='lat' dir='ltr'><strong>Non</strong></span> <span class='ocrx_word' id='word_1_287' title='bbox 755 2558 831 2614; x_wconf 90' lang='lat' dir='ltr'><strong>enim</strong></span> <span class='ocrx_word' id='word_1_288' title='bbox 848 2557 1028 2614; x_wconf 90' lang='lat' dir='ltr'><strong>victoriosum</strong></span> <span class='ocrx_word' id='word_1_289' title='bbox 1046 2567 1089 2614; x_wconf 89' lang='lat' dir='ltr'><strong>est</strong></span> <span class='ocrx_word' id='word_1_290' title='bbox 1105 2561 1182 2631; x_wconf 90' lang='lat' dir='ltr'><strong>quod</strong></span> <span class='ocrx_word' id='word_1_291' title='bbox 1197 2560 1270 2616; x_wconf 89' lang='lat' dir='ltr'><strong>serui</strong></span> 
     </span>
     <span class='ocr_line' id='line_1_28' title="bbox 119 2640 1271 2712; baseline 0.003 -17.663"><span class='ocrx_word' id='word_1_292' title='bbox 119 2640 162 2695; x_wconf 90' lang='lat' dir='ltr'><strong>tui</strong></span> <span class='ocrx_word' id='word_1_293' title='bbox 181 2641 270 2696; x_wconf 90' lang='lat' dir='ltr'><strong>occidi</strong></span> <span class='ocrx_word' id='word_1_294' title='bbox 292 2651 420 2712; x_wconf 88' lang='lat' dir='ltr'><strong>possunt,</strong></span> <span class='ocrx_word' id='word_1_295' title='bbox 439 2651 481 2697; x_wconf 91' lang='lat' dir='ltr'><strong>set</strong></span> <span class='ocrx_word' id='word_1_296' title='bbox 500 2642 600 2712; x_wconf 85' lang='lat' dir='ltr'><strong>magis,</strong></span> <span class='ocrx_word' id='word_1_297' title='bbox 620 2642 697 2712; x_wconf 94' lang='lat' dir='ltr'><strong>quod</strong></span> <span class='ocrx_word' id='word_1_298' title='bbox 716 2640 790 2696; x_wconf 88' lang='lat' dir='ltr'><strong>flecti</strong></span> <span class='ocrx_word' id='word_1_299' title='bbox 809 2652 960 2712; x_wconf 89' lang='lat' dir='ltr'><strong>nequeunt.</strong></span> <span class='ocrx_word' id='word_1_300' title='bbox 997 2643 1073 2698; x_wconf 87' lang='lat' dir='ltr'><strong>Ecce</strong></span> <span class='ocrx_word' id='word_1_301' title='bbox 1092 2642 1186 2698; x_wconf 91' lang='lat' dir='ltr'><strong>ceruix</strong></span> <span class='ocrx_word' id='word_1_302' title='bbox 1207 2659 1271 2698; x_wconf 86' lang='lat' dir='ltr'><strong>mea</strong></span> 
     </span>
     <span class='ocr_line' id='line_1_29' title="bbox 8 2722 1270 2798; baseline 0.003 -22"><span class='ocrx_word' id='word_1_303' title='bbox 8 2724 21 2798; x_wconf 65' lang='lat' dir='ltr'><strong>¹j</strong></span> <span class='ocrx_word' id='word_1_304' title='bbox 120 2722 256 2778; x_wconf 85' lang='lat' dir='ltr'><strong>vibrantis</strong></span> <span class='ocrx_word' id='word_1_305' title='bbox 269 2735 396 2794; x_wconf 83' lang='lat' dir='ltr'><strong>expectat</strong></span> <span class='ocrx_word' id='word_1_306' title='bbox 409 2725 551 2795; x_wconf 85' lang='lat' dir='ltr'><strong>gladium:</strong></span> <span class='ocrx_word' id='word_1_307' title='bbox 571 2736 602 2780; x_wconf 89' lang='lat' dir='ltr'><strong>tu</strong></span> <span class='ocrx_word' id='word_1_308' title='bbox 615 2741 681 2780; x_wconf 92' lang='lat' dir='ltr'><strong>vero</strong></span> <span class='ocrx_word' id='word_1_309' title='bbox 695 2723 805 2794; x_wconf 87' lang='lat' dir='ltr'><strong>suscipe</strong></span> <span class='ocrx_word' id='word_1_310' title='bbox 823 2723 952 2795; x_wconf 87' lang='lat' dir='ltr'><strong>spiritum</strong></span> <span class='ocrx_word' id='word_1_311' title='bbox 970 2741 1073 2794; x_wconf 88' lang='lat' dir='ltr'><strong>meum,</strong></span> <span class='ocrx_word' id='word_1_312' title='bbox 1086 2742 1170 2796; x_wconf 91' lang='lat' dir='ltr'><strong>quem</strong></span> <span class='ocrx_word' id='word_1_313' title='bbox 1186 2743 1270 2796; x_wconf 90' lang='lat' dir='ltr'><strong>ange·</strong></span> 
     </span>
     <span class='ocr_line' id='line_1_30' title="bbox 14 2802 1270 2878; baseline 0.003 -20"><span class='ocrx_word' id='word_1_314' title='bbox 14 2802 22 2870; x_wconf 66' lang='lat' dir='ltr'>s</span> <span class='ocrx_word' id='word_1_315' title='bbox 120 2806 212 2860; x_wconf 90' lang='lat' dir='ltr'><strong>lorum</strong></span> <span class='ocrx_word' id='word_1_316' title='bbox 228 2807 328 2862; x_wconf 88' lang='lat' dir='ltr'><strong>cohors</strong></span> <span class='ocrx_word' id='word_1_317' title='bbox 344 2817 408 2878; x_wconf 91' lang='lat' dir='ltr'><strong>post</strong></span> <span class='ocrx_word' id='word_1_318' title='bbox 423 2807 545 2864; x_wconf 81' lang='lat' dir='ltr'><strong>ferientis</strong></span> <span class='ocrx_word' id='word_1_319' title='bbox 562 2807 646 2863; x_wconf 88' lang='lat' dir='ltr'><strong>ictum</strong></span> <span class='ocrx_word' id='word_1_320' title='bbox 660 2807 767 2863; x_wconf 85' lang='lat' dir='ltr'><strong>delerat</strong></span> <span class='ocrx_word' id='word_1_321' title='bbox 781 2807 808 2862; x_wconf 93' lang='lat' dir='ltr'><strong>in</strong></span> <span class='ocrx_word' id='word_1_322' title='bbox 826 2807 986 2877; x_wconf 90' lang='lat' dir='ltr'><strong>paradisum</strong></span> <span class='ocrx_word' id='word_1_323' title='bbox 1004 2809 1100 2862; x_wconf 70' lang='lat' dir='ltr'><strong>tuum!</strong></span> <span class='ocrx_word' id='word_1_324' title='bbox 1136 2809 1174 2862; x_wconf 90' lang='lat' dir='ltr'><strong>Et</strong></span> <span class='ocrx_word' id='word_1_325' title='bbox 1193 2825 1270 2864; x_wconf 91' lang='lat' dir='ltr'><strong>com·</strong></span> 
     </span>
     <span class='ocr_line' id='line_1_31' title="bbox 8 2889 1316 2961; baseline 0.005 -21"><span class='ocrx_word' id='word_1_326' title='bbox 8 2895 9 2902; x_wconf 77' lang='grc'>’</span> <span class='ocrx_word' id='word_1_327' title='bbox 120 2889 199 2959; x_wconf 81' lang='lat' dir='ltr'><strong>pleta</strong></span> <span class='ocrx_word' id='word_1_328' title='bbox 221 2889 361 2954; x_wconf 86' lang='lat' dir='ltr'><strong>oracione,</strong></span> <span class='ocrx_word' id='word_1_329' title='bbox 387 2891 538 2961; x_wconf 85' lang='lat' dir='ltr'><strong>spiculator</strong></span> <span class='ocrx_word' id='word_1_330' title='bbox 560 2890 697 2961; x_wconf 87' lang='lat' dir='ltr'><strong>arripiens</strong></span> <span class='ocrx_word' id='word_1_331' title='bbox 720 2889 870 2960; x_wconf 85' lang='lat' dir='ltr'><strong>pugionem</strong></span> <span class='ocrx_word' id='word_1_332' title='bbox 895 2890 987 2960; x_wconf 90' lang='lat' dir='ltr'><strong>capud</strong></span> <span class='ocrx_word' id='word_1_333' title='bbox 1010 2889 1131 2945; x_wconf 87' lang='lat' dir='ltr'><strong>abscidit</strong></span> <span class='ocrx_word' id='word_1_334' title='bbox 1154 2891 1269 2960; x_wconf 87' lang='lat' dir='ltr'><strong>regium,</strong></span> <span class='ocrx_word' id='word_1_335' title='bbox 1283 2910 1316 2960; x_wconf 77' lang='lat'><strong>30</strong></span> 
     </span>
    </p>
   </div>
   <div class='ocr_carea' id='block_1_4' title="bbox 120 2971 1317 4289">
    <p class='ocr_par' dir='ltr' id='par_1_4' title="bbox 120 2971 1317 4289">
     <span class='ocr_line' id='line_1_32' title="bbox 123 2971 1270 3044; baseline 0.002 -18"><span class='ocrx_word' id='word_1_336' title='bbox 123 2971 291 3044; x_wconf 88' lang='lat' dir='ltr'><strong>Christoque</strong></span> <span class='ocrx_word' id='word_1_337' title='bbox 314 2973 488 3030; x_wconf 88' lang='lat' dir='ltr'><strong>consecrauit</strong></span> <span class='ocrx_word' id='word_1_338' title='bbox 517 2973 660 3028; x_wconf 89' lang='lat' dir='ltr'><strong>martirem</strong></span> <span class='ocrx_word' id='word_1_339' title='bbox 690 2982 851 3044; x_wconf 88' lang='lat' dir='ltr'><strong>persecutor</strong></span> <span class='ocrx_word' id='word_1_340' title='bbox 880 2971 987 3027; x_wconf 91' lang='lat' dir='ltr'><strong>inuisus</strong></span> <span class='ocrx_word' id='word_1_341' title='bbox 1013 2988 1097 3042; x_wconf 87' lang='lat' dir='ltr'><strong>quem</strong></span> <span class='ocrx_word' id='word_1_342' title='bbox 1122 2972 1150 3027; x_wconf 89' lang='lat' dir='ltr'><strong>in</strong></span> <span class='ocrx_word' id='word_1_343' title='bbox 1175 2990 1270 3042; x_wconf 91' lang='lat' dir='ltr'><strong>regem</strong></span> 
     </span>
     <span class='ocr_line' id='line_1_33' title="bbox 122 3053 1271 3128; baseline 0.002 -20"><span class='ocrx_word' id='word_1_344' title='bbox 122 3065 337 3111; x_wconf 85' lang='lat' dir='ltr'><strong>consecrauerat</strong></span> <span class='ocrx_word' id='word_1_345' title='bbox 360 3056 527 3128; x_wconf 86' lang='lat' dir='ltr'><strong>episcopalis</strong></span> <span class='ocrx_word' id='word_1_346' title='bbox 550 3073 659 3112; x_wconf 88' lang='lat' dir='ltr'><strong>manus.</strong></span> <span class='ocrx_word' id='word_1_347' title='bbox 694 3056 773 3111; x_wconf 85' lang='lat' dir='ltr'><strong>Abho</strong></span> <span class='ocrx_word' id='word_1_348' title='bbox 795 3055 918 3110; x_wconf 81' lang='lat' dir='ltr'><strong>Floriac.</strong></span> <span class='ocrx_word' id='word_1_349' title='bbox 955 3053 1058 3124; x_wconf 90' lang='lat' dir='ltr'><strong>Sicque</strong></span> <span class='ocrx_word' id='word_1_350' title='bbox 1081 3055 1126 3125; x_wconf 89' lang='lat' dir='ltr'><strong>xij.</strong></span> <span class='ocrx_word' id='word_1_351' title='bbox 1150 3057 1271 3111; x_wconf 86' lang='lat' dir='ltr'><strong>Kalend.</strong></span> 
     </span>
     <span class='ocr_line' id='line_1_34' title="bbox 122 3137 1271 3211; baseline 0.003 -20"><span class='ocrx_word' id='word_1_352' title='bbox 122 3137 289 3206; x_wconf 89' lang='lat' dir='ltr'><strong>decembris,</strong></span> <span class='ocrx_word' id='word_1_353' title='bbox 311 3139 468 3194; x_wconf 87' lang='lat' dir='ltr'><strong>indiccione</strong></span> <span class='ocrx_word' id='word_1_354' title='bbox 491 3139 544 3211; x_wconf 86' lang='lat' dir='ltr'><strong>iij·,</strong></span> <span class='ocrx_word' id='word_1_355' title='bbox 567 3139 637 3194; x_wconf 80' lang='lat' dir='ltr'><strong>ieris</strong></span> <span class='ocrx_word' id='word_1_356' title='bbox 661 3138 703 3211; x_wconf 83' lang='lat' dir='ltr'><strong>ij·,</strong></span> <span class='ocrx_word' id='word_1_357' title='bbox 728 3139 794 3194; x_wconf 91' lang='lat' dir='ltr'><strong>luna</strong></span> <span class='ocrx_word' id='word_1_358' title='bbox 816 3137 895 3208; x_wconf 75' lang='lat' dir='ltr'><strong>xxij⁸,</strong></span> <span class='ocrx_word' id='word_1_359' title='bbox 915 3153 990 3192; x_wconf 90' lang='lat' dir='ltr'><strong>anno</strong></span> <span class='ocrx_word' id='word_1_360' title='bbox 1012 3140 1050 3192; x_wconf 88' lang='lat' dir='ltr'><strong>ab</strong></span> <span class='ocrx_word' id='word_1_361' title='bbox 1075 3137 1271 3194; x_wconf 86' lang='lat' dir='ltr'><strong>incarnacione</strong></span> 
     </span>
     <span class='ocr_line' id='line_1_35' title="bbox 123 3218 1270 3291; baseline 0.004 -20"><span class='ocrx_word' id='word_1_362' title='bbox 123 3218 231 3273; x_wconf 90' lang='lat' dir='ltr'><strong>domini</strong></span> <span class='ocrx_word' id='word_1_363' title='bbox 249 3221 399 3287; x_wconf 79' lang='lat' dir='ltr'><strong>dccclxx,</strong></span> <span class='ocrx_word' id='word_1_364' title='bbox 417 3222 517 3278; x_wconf 89' lang='lat' dir='ltr'><strong>beatus</strong></span> <span class='ocrx_word' id='word_1_365' title='bbox 537 3222 706 3276; x_wconf 83' lang='lat' dir='ltr'><strong>Edmundus</strong></span> <span class='ocrx_word' id='word_1_366' title='bbox 727 3237 802 3276; x_wconf 87' lang='lat' dir='ltr'><strong>anno</strong></span> <span class='ocrx_word' id='word_1_367' title='bbox 819 3221 901 3276; x_wconf 85' lang='lat' dir='ltr'><strong>etatis</strong></span> <span class='ocrx_word' id='word_1_368' title='bbox 921 3237 970 3276; x_wconf 90' lang='lat' dir='ltr'><strong>sue</strong></span> <span class='ocrx_word' id='word_1_369' title='bbox 989 3220 1068 3287; x_wconf 78' lang='lat' dir='ltr'><strong>xrrix,</strong></span> <span class='ocrx_word' id='word_1_370' title='bbox 1086 3231 1115 3276; x_wconf 91' lang='lat' dir='ltr'><strong>et</strong></span> <span class='ocrx_word' id='word_1_371' title='bbox 1132 3221 1209 3291; x_wconf 89' lang='lat' dir='ltr'><strong>regni</strong></span> <span class='ocrx_word' id='word_1_372' title='bbox 1229 3221 1270 3276; x_wconf 89' lang='lat' dir='ltr'><strong>sni</strong></span> 
     </span>
     <span class='ocr_line' id='line_1_36' title="bbox 122 3302 1315 3375; baseline 0.004 -20"><span class='ocrx_word' id='word_1_373' title='bbox 122 3318 178 3370; x_wconf 78' lang='lat' dir='ltr'><strong>xv,</strong></span> <span class='ocrx_word' id='word_1_374' title='bbox 192 3302 256 3372; x_wconf 86' lang='lat' dir='ltr'><strong>igne</strong></span> <span class='ocrx_word' id='word_1_375' title='bbox 268 3303 407 3374; x_wconf 87' lang='lat' dir='ltr'><strong>passionis</strong></span> <span class='ocrx_word' id='word_1_376' title='bbox 418 3305 594 3362; x_wconf 84' lang='lat' dir='ltr'><strong>examinatus</strong></span> <span class='ocrx_word' id='word_1_377' title='bbox 611 3322 676 3360; x_wconf 89' lang='lat' dir='ltr'><strong>cum</strong></span> <span class='ocrx_word' id='word_1_378' title='bbox 695 3305 790 3375; x_wconf 86' lang='lat' dir='ltr'><strong>palma</strong></span> <span class='ocrx_word' id='word_1_379' title='bbox 802 3302 916 3359; x_wconf 88' lang='lat' dir='ltr'><strong>victorie</strong></span> <span class='ocrx_word' id='word_1_380' title='bbox 935 3314 963 3358; x_wconf 91' lang='lat' dir='ltr'><strong>et</strong></span> <span class='ocrx_word' id='word_1_381' title='bbox 978 3319 1080 3358; x_wconf 85' lang='lat' dir='ltr'><strong>corona</strong></span> <span class='ocrx_word' id='word_1_382' title='bbox 1099 3303 1207 3360; x_wconf 87' lang='lat' dir='ltr'><strong>iusticie</strong></span> <span class='ocrx_word' id='word_1_383' title='bbox 1223 3323 1271 3360; x_wconf 87' lang='lat' dir='ltr'><strong>rex</strong></span> <span class='ocrx_word' id='word_1_384' title='bbox 1284 3323 1315 3375; x_wconf 74' lang='lat'><strong>³⁵</strong></span> 
     </span>
     <span class='ocr_line' id='line_1_37' title="bbox 121 3385 1271 3458; baseline 0.004 -19"><span class='ocrx_word' id='word_1_385' title='bbox 121 3393 151 3439; x_wconf 87' lang='lat' dir='ltr'><strong>et</strong></span> <span class='ocrx_word' id='word_1_386' title='bbox 164 3385 262 3441; x_wconf 86' lang='lat' dir='ltr'><strong>rnartir</strong></span> <span class='ocrx_word' id='word_1_387' title='bbox 274 3385 388 3442; x_wconf 90' lang='lat' dir='ltr'><strong>intrauit</strong></span> <span class='ocrx_word' id='word_1_388' title='bbox 400 3399 529 3442; x_wconf 88' lang='lat' dir='ltr'><strong>senatum</strong></span> <span class='ocrx_word' id='word_1_389' title='bbox 542 3387 617 3442; x_wconf 90' lang='lat' dir='ltr'><strong>curie</strong></span> <span class='ocrx_word' id='word_1_390' title='bbox 632 3388 751 3443; x_wconf 90' lang='lat' dir='ltr'><strong>celestis.</strong></span> <span class='ocrx_word' id='word_1_391' title='bbox 789 3386 908 3458; x_wconf 86' lang='lat' dir='ltr'><strong>Talique</strong></span> <span class='ocrx_word' id='word_1_392' title='bbox 923 3386 998 3442; x_wconf 89' lang='lat' dir='ltr'><strong>exitu</strong></span> <span class='ocrx_word' id='word_1_393' title='bbox 1014 3386 1104 3442; x_wconf 83' lang='lat' dir='ltr'><strong>crucis</strong></span> <span class='ocrx_word' id='word_1_394' title='bbox 1121 3387 1271 3444; x_wconf 87' lang='lat' dir='ltr'><strong>mortifica·</strong></span> 
     </span>
     <span class='ocr_line' id='line_1_38' title="bbox 120 3466 1271 3540; baseline 0.005 -18"><span class='ocrx_word' id='word_1_395' title='bbox 120 3466 232 3522; x_wconf 91' lang='lat' dir='ltr'><strong>cionem</strong></span> <span class='ocrx_word' id='word_1_396' title='bbox 254 3484 339 3539; x_wconf 90' lang='lat' dir='ltr'><strong>quam</strong></span> <span class='ocrx_word' id='word_1_397' title='bbox 365 3469 467 3539; x_wconf 88' lang='lat' dir='ltr'><strong>iugiter</strong></span> <span class='ocrx_word' id='word_1_398' title='bbox 490 3469 518 3525; x_wconf 93' lang='lat' dir='ltr'><strong>in</strong></span> <span class='ocrx_word' id='word_1_399' title='bbox 540 3487 592 3528; x_wconf 88' lang='lat' dir='ltr'><strong>suo</strong></span> <span class='ocrx_word' id='word_1_400' title='bbox 615 3487 732 3540; x_wconf 90' lang='lat' dir='ltr'><strong>corpore</strong></span> <span class='ocrx_word' id='word_1_401' title='bbox 753 3487 801 3524; x_wconf 89' lang='lat' dir='ltr'><strong>rex</strong></span> <span class='ocrx_word' id='word_1_402' title='bbox 825 3468 945 3539; x_wconf 87' lang='lat' dir='ltr'><strong>pertulit,</strong></span> <span class='ocrx_word' id='word_1_403' title='bbox 971 3469 1076 3525; x_wconf 89' lang='lat' dir='ltr'><strong>Christi</strong></span> <span class='ocrx_word' id='word_1_404' title='bbox 1098 3471 1203 3526; x_wconf 88' lang='lat' dir='ltr'><strong>domini</strong></span> <span class='ocrx_word' id='word_1_405' title='bbox 1228 3472 1271 3528; x_wconf 89' lang='lat' dir='ltr'><strong>sui</strong></span> 
     </span>
     <span class='ocr_line' id='line_1_39' title="bbox 121 3551 1272 3625; baseline 0.004 -20"><span class='ocrx_word' id='word_1_406' title='bbox 121 3559 235 3606; x_wconf 86' lang='lat' dir='ltr'><strong>secutus</strong></span> <span class='ocrx_word' id='word_1_407' title='bbox 258 3551 377 3622; x_wconf 87' lang='lat' dir='ltr'><strong>vestigia</strong></span> <span class='ocrx_word' id='word_1_408' title='bbox 393 3553 608 3608; x_wconf 87' lang='lat' dir='ltr'><strong>consurnmauit.</strong></span> <span class='ocrx_word' id='word_1_409' title='bbox 646 3553 696 3608; x_wconf 94' lang='lat' dir='ltr'><strong>llle</strong></span> <span class='ocrx_word' id='word_1_410' title='bbox 711 3552 823 3623; x_wconf 87' lang='lat' dir='ltr'><strong>quidem</strong></span> <span class='ocrx_word' id='word_1_411' title='bbox 841 3569 926 3622; x_wconf 88' lang='lat' dir='ltr'><strong>purus</strong></span> <span class='ocrx_word' id='word_1_412' title='bbox 946 3552 1057 3608; x_wconf 89' lang='lat' dir='ltr'><strong>sceleris</strong></span> <span class='ocrx_word' id='word_1_413' title='bbox 1076 3552 1103 3608; x_wconf 92' lang='lat' dir='ltr'><strong>in</strong></span> <span class='ocrx_word' id='word_1_414' title='bbox 1123 3555 1272 3625; x_wconf 88' lang='lat' dir='ltr'><strong>columpna</strong></span> 
     </span>
     <span class='ocr_line' id='line_1_40' title="bbox 120 3631 1270 3707; baseline 0.006 -20"><span class='ocrx_word' id='word_1_415' title='bbox 120 3631 262 3702; x_wconf 86' lang='lat' dir='ltr'><strong>adquam</strong></span> <span class='ocrx_word' id='word_1_416' title='bbox 282 3634 392 3690; x_wconf 89' lang='lat' dir='ltr'><strong>vinctus</strong></span> <span class='ocrx_word' id='word_1_417' title='bbox 410 3634 461 3690; x_wconf 85' lang='lat' dir='ltr'><strong>luit</strong></span> <span class='ocrx_word' id='word_1_418' title='bbox 481 3635 649 3706; x_wconf 86' lang='lat' dir='ltr'><strong>sanguinem</strong></span> <span class='ocrx_word' id='word_1_419' title='bbox 667 3652 724 3690; x_wconf 93' lang='lat' dir='ltr'><strong>non</strong></span> <span class='ocrx_word' id='word_1_420' title='bbox 743 3651 794 3705; x_wconf 91' lang='lat' dir='ltr'><strong>pro</strong></span> <span class='ocrx_word' id='word_1_421' title='bbox 812 3651 843 3690; x_wconf 88' lang='lat' dir='ltr'><strong>se</strong></span> <span class='ocrx_word' id='word_1_422' title='bbox 862 3645 903 3690; x_wconf 91' lang='lat' dir='ltr'><strong>set</strong></span> <span class='ocrx_word' id='word_1_423' title='bbox 923 3651 974 3706; x_wconf 91' lang='lat' dir='ltr'><strong>pro</strong></span> <span class='ocrx_word' id='word_1_424' title='bbox 994 3635 1076 3692; x_wconf 90' lang='lat' dir='ltr'><strong>nobis</strong></span> <span class='ocrx_word' id='word_1_425' title='bbox 1097 3637 1270 3707; x_wconf 86' lang='lat' dir='ltr'><strong>flagellorum</strong></span> 
     </span>
     <span class='ocr_line' id='line_1_41' title="bbox 120 3716 1317 3789; baseline 0.008 -20"><span class='ocrx_word' id='word_1_426' title='bbox 120 3731 236 3770; x_wconf 89' lang='lat' dir='ltr'><strong>suorum</strong></span> <span class='ocrx_word' id='word_1_427' title='bbox 254 3717 333 3786; x_wconf 86' lang='lat' dir='ltr'><strong>signa</strong></span> <span class='ocrx_word' id='word_1_428' title='bbox 351 3717 476 3789; x_wconf 89' lang='lat' dir='ltr'><strong>reliquit:</strong></span> <span class='ocrx_word' id='word_1_429' title='bbox 498 3717 551 3773; x_wconf 90' lang='lat' dir='ltr'><strong>iste</strong></span> <span class='ocrx_word' id='word_1_430' title='bbox 570 3735 620 3788; x_wconf 90' lang='lat' dir='ltr'><strong>pro</strong></span> <span class='ocrx_word' id='word_1_431' title='bbox 636 3716 819 3788; x_wconf 87' lang='lat' dir='ltr'><strong>adipiscenda</strong></span> <span class='ocrx_word' id='word_1_432' title='bbox 837 3716 926 3786; x_wconf 86' lang='lat' dir='ltr'><strong>gloria</strong></span> <span class='ocrx_word' id='word_1_433' title='bbox 944 3717 1155 3774; x_wconf 89' lang='lat' dir='ltr'><strong>inmarcessibili</strong></span> <span class='ocrx_word' id='word_1_434' title='bbox 1173 3737 1271 3776; x_wconf 90' lang='lat' dir='ltr'><strong>cruen-</strong></span> <span class='ocrx_word' id='word_1_435' title='bbox 1284 3743 1317 3789; x_wconf 84' lang='grc' dir='ltr'><strong>4ο</strong></span> 
     </span>
     <span class='ocr_line' id='line_1_42' title="bbox 120 3798 1271 3871; baseline 0.005 -19"><span class='ocrx_word' id='word_1_436' title='bbox 120 3807 182 3853; x_wconf 88' lang='lat' dir='ltr'><strong>tato</strong></span> <span class='ocrx_word' id='word_1_437' title='bbox 199 3798 292 3869; x_wconf 88' lang='lat' dir='ltr'><strong>stipite</strong></span> <span class='ocrx_word' id='word_1_438' title='bbox 308 3799 412 3855; x_wconf 88' lang='lat' dir='ltr'><strong>similes</strong></span> <span class='ocrx_word' id='word_1_439' title='bbox 431 3817 519 3870; x_wconf 90' lang='lat' dir='ltr'><strong>penas</strong></span> <span class='ocrx_word' id='word_1_440' title='bbox 538 3800 624 3856; x_wconf 86' lang='lat' dir='ltr'><strong>dedit.</strong></span> <span class='ocrx_word' id='word_1_441' title='bbox 662 3801 712 3855; x_wconf 92' lang='lat' dir='ltr'><strong>llle</strong></span> <span class='ocrx_word' id='word_1_442' title='bbox 729 3799 835 3870; x_wconf 85' lang='lat' dir='ltr'><strong>integer</strong></span> <span class='ocrx_word' id='word_1_443' title='bbox 849 3799 906 3855; x_wconf 91' lang='lat' dir='ltr'><strong>vite</strong></span> <span class='ocrx_word' id='word_1_444' title='bbox 922 3802 959 3856; x_wconf 91' lang='lat' dir='ltr'><strong>ob</strong></span> <span class='ocrx_word' id='word_1_445' title='bbox 976 3801 1177 3871; x_wconf 86' lang='lat' dir='ltr'><strong>detergendam</strong></span> <span class='ocrx_word' id='word_1_446' title='bbox 1196 3804 1271 3858; x_wconf 91' lang='lat' dir='ltr'><strong>rubi·</strong></span> 
     </span>
     <span class='ocr_line' id='line_1_43' title="bbox 120 3880 1271 3952; baseline 0.004 -17"><span class='ocrx_word' id='word_1_447' title='bbox 120 3881 382 3951; x_wconf 88' lang='lat' dir='ltr'><strong>ginemnostrorum</strong></span> <span class='ocrx_word' id='word_1_448' title='bbox 391 3883 546 3940; x_wconf 79' lang='lat' dir='ltr'><strong>facinorum</strong></span> <span class='ocrx_word' id='word_1_449' title='bbox 559 3882 690 3939; x_wconf 88' lang='lat' dir='ltr'><strong>sustinuit</strong></span> <span class='ocrx_word' id='word_1_450' title='bbox 702 3880 921 3952; x_wconf 89' lang='lat' dir='ltr'><strong>benignissimus</strong></span> <span class='ocrx_word' id='word_1_451' title='bbox 934 3881 1098 3939; x_wconf 82' lang='lat' dir='ltr'><strong>immanium</strong></span> <span class='ocrx_word' id='word_1_452' title='bbox 1111 3884 1271 3940; x_wconf 88' lang='lat' dir='ltr'><strong>clauonrm¹</strong></span> 
     </span>
     <span class='ocr_line' id='line_1_44' title="bbox 120 3964 1270 4037; baseline 0.002 -15"><span class='ocrx_word' id='word_1_453' title='bbox 120 3964 304 4022; x_wconf 86' lang='lat' dir='ltr'><strong>acerbitatem</strong></span> <span class='ocrx_word' id='word_1_454' title='bbox 322 3966 350 4021; x_wconf 91' lang='lat' dir='ltr'><strong>in</strong></span> <span class='ocrx_word' id='word_1_455' title='bbox 366 3967 468 4037; x_wconf 88' lang='lat' dir='ltr'><strong>palmis</strong></span> <span class='ocrx_word' id='word_1_456' title='bbox 482 3977 510 4023; x_wconf 91' lang='lat' dir='ltr'><strong>et</strong></span> <span class='ocrx_word' id='word_1_457' title='bbox 526 3967 662 4036; x_wconf 89' lang='lat' dir='ltr'><strong>pedibus:</strong></span> <span class='ocrx_word' id='word_1_458' title='bbox 683 3965 735 4021; x_wconf 90' lang='lat' dir='ltr'><strong>iste</strong></span> <span class='ocrx_word' id='word_1_459' title='bbox 747 3975 861 4035; x_wconf 92' lang='lat' dir='ltr'><strong>propter</strong></span> <span class='ocrx_word' id='word_1_460' title='bbox 875 3966 1008 4020; x_wconf 89' lang='lat' dir='ltr'><strong>honorem</strong></span> <span class='ocrx_word' id='word_1_461' title='bbox 1024 3965 1147 4022; x_wconf 90' lang='lat' dir='ltr'><strong>nominis</strong></span> <span class='ocrx_word' id='word_1_462' title='bbox 1164 3966 1270 4024; x_wconf 87' lang='lat' dir='ltr'><strong>domini</strong></span> 
     </span>
     <span class='ocr_line' id='line_1_45' title="bbox 121 4047 1272 4120; baseline 0.002 -16"><span class='ocrx_word' id='word_1_463' title='bbox 121 4059 182 4105; x_wconf 89' lang='lat' dir='ltr'><strong>toto</strong></span> <span class='ocrx_word' id='word_1_464' title='bbox 206 4065 321 4120; x_wconf 90' lang='lat' dir='ltr'><strong>corpore</strong></span> <span class='ocrx_word' id='word_1_465' title='bbox 348 4049 472 4119; x_wconf 88' lang='lat' dir='ltr'><strong>grauidis</strong></span> <span class='ocrx_word' id='word_1_466' title='bbox 500 4047 609 4119; x_wconf 84' lang='lat' dir='ltr'><strong>sagittis</strong></span> <span class='ocrx_word' id='word_1_467' title='bbox 637 4047 767 4104; x_wconf 89' lang='lat' dir='ltr'><strong>horridus</strong></span> <span class='ocrx_word' id='word_1_468' title='bbox 795 4057 825 4104; x_wconf 93' lang='lat' dir='ltr'><strong>et</strong></span> <span class='ocrx_word' id='word_1_469' title='bbox 850 4047 1011 4104; x_wconf 88' lang='lat' dir='ltr'><strong>medullitus</strong></span> <span class='ocrx_word' id='word_1_470' title='bbox 1035 4048 1185 4119; x_wconf 87' lang='lat' dir='ltr'><strong>asperitate</strong></span> <span class='ocrx_word' id='word_1_471' title='bbox 1213 4059 1272 4106; x_wconf 89' lang='lat' dir='ltr'><strong>tor·</strong></span> 
     </span>
     <span class='ocr_line' id='line_1_46' title="bbox 123 4128 1315 4203; baseline 0 -15"><span class='ocrx_word' id='word_1_472' title='bbox 123 4143 283 4188; x_wconf 86' lang='lat' dir='ltr'><strong>mentorum</strong></span> <span class='ocrx_word' id='word_1_473' title='bbox 302 4132 461 4200; x_wconf 90' lang='lat' dir='ltr'><strong>dilaniatus,</strong></span> <span class='ocrx_word' id='word_1_474' title='bbox 480 4133 509 4189; x_wconf 92' lang='lat' dir='ltr'><strong>in</strong></span> <span class='ocrx_word' id='word_1_475' title='bbox 527 4131 705 4188; x_wconf 77' lang='lat' dir='ltr'><strong>consessione</strong></span> <span class='ocrx_word' id='word_1_476' title='bbox 723 4141 819 4186; x_wconf 89' lang='lat' dir='ltr'><strong>sancte</strong></span> <span class='ocrx_word' id='word_1_477' title='bbox 834 4128 966 4186; x_wconf 88' lang='lat' dir='ltr'><strong>trinitatis</strong></span> <span class='ocrx_word' id='word_1_478' title='bbox 983 4131 1126 4202; x_wconf 84' lang='lat' dir='ltr'><strong>pacienter</strong></span> <span class='ocrx_word' id='word_1_479' title='bbox 1142 4131 1270 4203; x_wconf 89' lang='lat' dir='ltr'><strong>perstitit,</strong></span> <span class='ocrx_word' id='word_1_480' title='bbox 1284 4149 1315 4200; x_wconf 82' lang='lat'><strong>45</strong></span> 
     </span>
     <span class='ocr_line' id='line_1_47' title="bbox 122 4211 1271 4289; baseline 0.001 -16"><span class='ocrx_word' id='word_1_481' title='bbox 122 4231 209 4289; x_wconf 81' lang='lat' dir='ltr'><strong>quam</strong></span> <span class='ocrx_word' id='word_1_482' title='bbox 220 4215 258 4272; x_wconf 86' lang='lat' dir='ltr'><strong>ad</strong></span> <span class='ocrx_word' id='word_1_483' title='bbox 270 4214 400 4271; x_wconf 88' lang='lat' dir='ltr'><strong>vltimum</strong></span> <span class='ocrx_word' id='word_1_484' title='bbox 412 4225 527 4288; x_wconf 83' lang='lat' dir='ltr'><strong>accepta</strong></span> <span class='ocrx_word' id='word_1_485' title='bbox 539 4213 653 4285; x_wconf 83' lang='lat' dir='ltr'><strong>capitali</strong></span> <span class='ocrx_word' id='word_1_486' title='bbox 665 4211 809 4270; x_wconf 86' lang='lat' dir='ltr'><strong>sentencia</strong></span> <span class='ocrx_word' id='word_1_487' title='bbox 821 4211 920 4268; x_wconf 82' lang='lat' dir='ltr'><strong>finiuit.</strong></span> <span class='ocrx_word' id='word_1_488' title='bbox 952 4215 1006 4270; x_wconf 80' lang='lat' dir='ltr'><strong>Ex</strong></span> <span class='ocrx_word' id='word_1_489' title='bbox 1014 4215 1141 4271; x_wconf 64' lang='lat' dir='ltr'><strong>noricis.</strong></span> <span class='ocrx_word' id='word_1_490' title='bbox 1166 4216 1271 4274; x_wconf 87' lang='lat' dir='ltr'><strong>Passus</strong></span> 
     </span>
    </p>
   </div>
   <div class='ocr_carea' id='block_1_5' title="bbox 592 4319 806 4374">
    <p class='ocr_par' dir='ltr' id='par_1_5' title="bbox 592 4319 806 4374">
     <span class='ocr_line' id='line_1_48' title="bbox 592 4319 806 4374; baseline -0.005 -2"><span class='ocrx_word' id='word_1_491' title='bbox 592 4319 602 4350; x_wconf 82' lang='lat'>¹</span> <span class='ocrx_word' id='word_1_492' title='bbox 619 4321 675 4374; x_wconf 77' lang='lat' dir='ltr'><strong>llS.</strong></span> <span class='ocrx_word' id='word_1_493' title='bbox 687 4321 806 4374; x_wconf 82' lang='lat' dir='ltr'><strong>elauiutn.</strong></span> 
     </span>
    </p>
   </div>
   <div class='ocr_carea' id='block_1_6' title="bbox 0 0 1535 4902">
    <p class='ocr_par' dir='ltr' id='par_1_6' title="bbox 0 0 1535 4902">
     <span class='ocr_line' id='line_1_49' title="bbox 0 0 1535 4902; baseline 0 0"><span class='ocrx_word' id='word_1_494' title='bbox 0 0 1535 4902; x_wconf 95' lang='lat' dir='ltr'><strong> </strong></span> 
     </span>
    </p>
   </div>
  </div>
 </body>
</html>
