3012 4898
295 338 369 410 300
603 315 735 402 utut
759 309 951 417 smnus
976 310 1129 415 summ
1308 327 1450 394 [usn

291 519 350 568 bilis
367 517 441 568 simul
459 524 486 567 et
503 517 681 580 peccatoribus
698 517 774 567 ualde
792 517 917 566 terribilis
953 515 1010 566 Fuit
1027 517 1096 566 enim
1114 518 1140 565 in
1159 515 1286 566 Hibernia
1305 515 1334 564 in
1350 512 1450 564 diocesi

292 597 433 646 cassiliensi
450 597 490 645 uir
499 597 601 658 quidam
614 597 718 645 nornine
729 596 869 654 Tundalus,
882 595 974 645 nobilis
985 611 1089 657 genere,
1102 595 1212 644 crudelis
1222 595 1347 650 accione:
1365 593 1451 642 forma

292 675 407 737 terporis
419 675 545 737 egregius,
559 674 708 724 tortitudine
725 675 853 734 robustus,
866 675 956 723 desua
970 673 1053 722 salute
1069 673 1146 722 nichil
1158 673 1291 722 sollicitus.
1327 673 1451 721 Grauiter

292 753 388 802 terebat
399 753 420 801 si
432 753 490 814 quis
501 753 525 802 ei
537 751 579 801 uel
591 753 705 802 breuiter
715 753 748 802 de
759 753 841 801 salute
852 753 937 801 anime
948 753 1103 814 loqueretur.
1138 751 1277 800 Ecclesiam
1290 751 1449 812 negligebat,

264 839 279 890 5
294 845 421 894 pauperes
438 831 533 880 Christi
552 845 600 879 nec
618 831 708 880 uidere
725 831 842 887 uolebat:
861 829 957 880 scurris
973 837 1000 879 et
1016 830 1198 879 ioculatoribus
1215 844 1262 891 pro
1281 844 1351 878 uana
1365 828 1450 890 gloria

292 909 460 958 distribuebat
478 909 598 971 quitquid
618 909 735 958 babebat.
779 909 831 957 llic
851 923 907 957 cum
926 909 1019 957 multos
1038 908 1144 957 baberet
1167 908 1263 957 amicos
1287 913 1314 956 et
1335 907 1448 964 sodales,

293 989 417 1037 intereos
433 987 542 1036 babebat
556 1001 634 1036 unum
650 988 690 1036 cui
707 987 771 1036 alius
783 986 897 1049 quidam¹
909 987 985 1035 trium
1003 1001 1126 1048 equomm
1144 985 1244 1048 precii¹
1259 985 1366 1035 debitor
1383 993 1446 1033 erat.

293 1066 326 1116 Et
343 1081 399 1115 cum
417 1073 539 1116 statutum
555 1065 740 1128 prestolaretur
754 1065 899 1126 terminum,
910 1073 1040 1114 transacto
1051 1065 1162 1114 termino
1173 1063 1306 1114 Turdulus
1325 1063 1450 1113 conuenit

292 1145 369 1193 illum.
404 1144 452 1194 Cui
464 1159 520 1194 cum
539 1141 582 1192 ille
598 1144 767 1205 responderet
778 1158 807 1192 se
819 1144 851 1192 ad
869 1159 970 1192 manum
983 1144 1117 1206 pecuniam
1136 1158 1188 1191 non
1205 1143 1310 1202 babere,
1323 1141 1449 1192 recassit³

249 1223 430 1282 toTundalus,
454 1222 632 1271 commocione
655 1223 765 1270 maxima
787 1229 878 1270 contra
901 1221 1042 1270 debitorem
1061 1222 1184 1272 turbatus.
1221 1220 1253 1270 Et
1275 1237 1341 1270 ecce
1362 1221 1448 1270 statim

291 1315 429 1364 percussus
446 1300 617 1360 inuisibiliter,
629 1315 730 1348 manum
742 1315 817 1361 quam
833 1300 987 1349 extenderat
1002 1299 1126 1362 replicare
1144 1315 1198 1348 non
1215 1299 1308 1361 potuit,
1320 1307 1365 1348 set
1376 1298 1449 1346 terri·

291 1379 377 1430 biliter
393 1378 502 1428 clamare
517 1379 598 1440 cepit:
623 1377 706 1426 ‘Ecce
723 1393 772 1439 ego
789 1375 901 1438 morior,'
918 1379 1055 1440 statimque
1071 1379 1178 1440 cor(pus
1194 1378 1291 1426 corruit
1303 1377 1449 1434 exalnime,

291 1457 354 1507 acsi
367 1471 496 1518 nunquam
505 1457 616 1506 animam
626 1455 765 1505 habuisset
786 1457 887 1505 Assunt
897 1455 1004 1520 (omnia)
1017 1457 1091 1518 signa
1099 1457 1204 1513 mortis:
1221 1457 1333 1505 accurrit
1344 1455 1448 1510 tamilla,

292 1534 403 1584 clamant
419 1535 548 1598 armigeri,
566 1535 649 1597 plorat
666 1535 772 1596 hospes,
792 1550 885 1598 corpus
902 1535 1059 1594 extenditur,
1078 1536 1213 1597 pulsantur
1231 1535 1314 1596 signa,
1336 1533 1448 1584 aceurn't

249 1622 278 1674 15
293 1611 385 1675 clerus,
407 1612 513 1662 miratur
535 1614 652 1676 populus.
686 1613 727 1661 Ab
746 1613 811 1662 bora
830 1613 928 1662 decima
948 1613 975 1660 in
997 1619 1087 1674 quarta
1105 1613 1169 1662 teria
1188 1629 1269 1675 usque
1289 1614 1317 1662 in
1337 1614 1448 1662 eandem

292 1693 381 1740 boram
399 1691 426 1739 in
443 1691 550 1740 sabbato
565 1699 681 1740 mortuus
701 1692 738 1740 sic
757 1691 851 1749 iacuit:
875 1693 945 1740 calor
964 1699 1050 1740 umen
1070 1691 1187 1740 modicus
1207 1691 1232 1740 in
1250 1692 1359 1740 sinistra
1377 1698 1450 1753 parte

292 1769 405 1832 pectoris
423 1769 593 1819 senciebatur.
637 1768 699 1818 Post
720 1770 768 1818 hec
787 1770 925 1832 resumpsit
946 1771 1064 1832 spiritum
1085 1777 1111 1818 et
1131 1770 1208 1819 debili
1228 1771 1288 1819 flatu
1307 1769 1384 1832 quasi
1404 1783 1452 1831 per

292 1849 368 1897 unius
386 1849 448 1897 hore
465 1848 578 1910 spacium
596 1849 723 1910 respirare
741 1847 823 1910 cepit:
841 1855 868 1897 et
885 1857 912 1898 ut
929 1863 1024 1910 corpus
1042 1849 1138 1897 domini
1157 1849 1206 1897 sibi
1217 1849 1342 1898 alienent
1355 1848 1451 1896 innuit.

292 1925 369 1988 Quod
388 1941 445 1975 cum
465 1926 626 1988 sumpsisset,
646 1933 672 1974 et
690 1926 777 1975 uinum
796 1927 910 1986 bibisset,
930 1927 999 1989 cepit
1016 1927 1091 1975 deum
1110 1927 1213 1976 laudare
1231 1934 1258 1976 et
1274 1927 1380 1977 dicere:
1410 1925 1451 1974 ‘0

249 2015 280 2052 to
292 2006 366 2060 deus,
384 2005 466 2054 maior
483 2011 523 2054 est
543 2005 718 2054 misericordia
736 2011 780 2053 tua
801 2021 877 2067 quam
900 2005 1020 2067 iniquitas
1039 2020 1104 2064 mec,
1122 2005 1182 2054 licet
1201 2021 1293 2067 magna
1309 2005 1345 2054 sit
1363 2006 1449 2053 nimis

292 2083 409 2145 Quantas
420 2083 555 2132 ostendisti
568 2083 645 2132 michi
661 2083 850 2144 tribulaciones,
863 2084 956 2132 multas
969 2091 996 2132 et
1011 2084 1100 2142 malas,
1112 2091 1139 2132 et
1155 2099 1296 2133 conuersus
1309 2083 1451 2132 uiuificasti

292 2177 342 2222 me,
354 2168 381 2210 et
392 2163 424 2210 de
436 2162 527 2210 abissis
544 2169 612 2210 terre
628 2161 720 2210 iterum
737 2162 861 2210 reduxisti
879 2159 936 2214 me.’
969 2161 1047 2224 Quod
1059 2177 1115 2211 cum
1132 2163 1248 2222 dixisset,
1261 2163 1348 2211 statim
1362 2163 1452 2210 omnia

292 2256 343 2303 que
355 2239 464 2288 babebat
477 2239 597 2301 dispersit
608 2247 635 2288 et
647 2239 718 2288 dedit
730 2236 893 2301 pauperibus,
904 2247 930 2289 et
941 2241 975 2289 de
985 2241 1061 2302 signo
1072 2241 1155 2289 crucis
1166 2240 1262 2302 signari
1274 2255 1305 2290 se
1316 2241 1450 2303 precepit:

293 2325 320 2367 et
331 2325 423 2366 cuncta
434 2333 484 2379 que
496 2317 596 2366 uiderat
605 2323 631 2366 et
639 2331 730 2380 passus
738 2316 827 2377 tuerat,
840 2317 961 2376 narrauit,
976 2317 1065 2366 dicens
1078 2335 1085 2366 ι

250 2407 281 2458 25
327 2383 415 2446 ‘Cum
425 2395 510 2444 anima
519 2411 577 2444 ntea
587 2409 681 2457 corpus
693 2403 800 2444 exueret
811 2402 838 2445 et
849 2402 975 2444 mortuum
989 2394 1092 2460 [illud]‘
1103 2411 1162 2445 esse
1172 2403 1349 2458 cognosceret,
1361 2405 1451 2446 reatus

293 2474 333 2524 sui
345 2473 506 2524 consciencia
517 2474 585 2536 cepit
596 2473 743 2532 formidare,
752 2482 779 2523 et
792 2473 852 2537 quid
868 2473 963 2523 laceret
978 2475 1117 2524 cadebat.
1154 2474 1269 2524 Timebat
1280 2475 1394 2537 quidem,
1409 2483 1450 2524 set

293 2552 354 2614 quid
359 2552 607 2614 timeretiguorabat.
616 2551 761 2602 Volebatad
766 2567 859 2614 corpus
866 2554 960 2614 redire,
965 2559 1006 2602 set
1013 2553 1109 2602 intrare
1114 2568 1166 2601 non
1174 2560 1280 2615 poterat.
1292 2553 1375 2614 igitur
1382 2554 1449 2604 ileos

294 2636 321 2680 et
332 2631 437 2692 plorans
448 2637 475 2680 et
483 2630 650 2680 tremebunda
662 2631 760 2693 etquid
773 2637 862 2692 ageret
873 2631 968 2691 nacla,
979 2631 1006 2680 in
1018 2631 1089 2679 nullo
1100 2631 1234 2680 conlidens
1246 2632 1295 2681 nisi
1308 2633 1333 2680 in
1349 2633 1449 2682 miseri·

294 2711 381 2758 cordia
392 2709 442 2771 dei,
457 2710 559 2758 tandem
572 2709 637 2758 uidit
648 2710 720 2758 adse
729 2709 875 2758 uenientem
884 2716 981 2759 nutam
991 2709 1177 2758 immundorum
1189 2711 1323 2772 spirituum
1333 2712 1450 2760 multitu·

249 2806 282 2858 ³⁰
294 2787 387 2844 dinem,
400 2796 492 2837 utnon
504 2787 585 2835 solum
597 2793 676 2835 totam
689 2788 791 2835 domurn
804 2793 830 2836 et
846 2787 937 2836 atrium
954 2788 1054 2846 domus,
1066 2795 1107 2837 set
1123 2789 1203 2836 “iam
1221 2790 1292 2837 uicos
1308 2797 1335 2837 et
1347 2789 1450 2851 plateas

294 2866 406 2916 ciuitatis
415 2865 566 2928 implerent:
578 2873 605 2913 et
616 2865 803 2914 circumdantes
814 2865 931 2914 miseram
943 2865 1062 2926 animam,
1071 2867 1208 2915 dixerunt:
1221 2867 1378 2916 ‘Cantemus
1389 2869 1451 2916 buic

295 2945 389 2994 misere
410 2945 495 2992 anime
507 2945 620 2992 debitum
632 2943 722 2992 mortis
733 2945 859 2993 canticum
869 2945 887 3004 ⁸,
907 2945 966 3006 quia
977 2944 1029 2993 lilia
1047 2945 1136 2993 mortis
1147 2951 1195 3003 est,
1208 2951 1234 2993 et
1245 2945 1317 2994 cibus
1330 2945 1399 3006 ignis
1410 2947 1450 2994 in·

294 3023 477 3084 extinguibilis,
487 3022 569 3071 amica
580 3022 742 3070 tenebrarum
750 3031 777 3071 et
789 3022 852 3071 lucis
864 3021 984 3072 inimica)
1018 3022 1051 3073 Et
1061 3025 1181 3072 conuersi
1191 3025 1224 3072 ad
1235 3039 1292 3072 eam
1304 3025 1451 3074 stridebmt

295 3102 415 3151 dentibus
426 3101 451 3150 in
464 3117 520 3150 eam
533 3108 559 3150 et
571 3101 672 3161 ungulis
683 3101 795 3163 propriis
807 3115 854 3162 pre
869 3101 954 3150 lurore
967 3101 1046 3150 nimio
1062 3117 1144 3164 genas
1154 3102 1298 3152 teterrimas
1307 3103 1449 3163 halabant,

250 3181 431 3233 didicentes:
451 3179 543 3240 ‘Ecce
557 3179 657 3237 misera,
669 3179 779 3242 populus
794 3195 871 3242 quem
888 3179 999 3242 elem‘sti,
1010 3195 1068 3228 cum
1086 3181 1177 3242 quibus
1194 3195 1282 3230 arsura
1298 3181 1406 3230 intrabis
1421 3184 1447 3232 in

295 3257 432 3308 internum.
469 3257 562 3306 Nutrix
574 3257 696 3317 scandali,
711 3258 821 3306 amatrix
832 3258 969 3320 discordie,
980 3258 1049 3319 quod
1059 3266 1087 3307 et
1099 3273 1148 3308 uos
1162 3275 1284 3317 mamus,
1296 3273 1378 3321 quare
1395 3277 1448 3310 nou

295 3337 413 3398 superbis
429 3337 523 3385 modot
539 3351 617 3396 quare
635 3350 686 3383 non
703 3334 874 3385 adulterarisl
896 3351 975 3397 quare
988 3351 1039 3384 uon
1052 3337 1202 3387 fornicarisl
1234 3336 1283 3386 Vbi
1295 3345 1335 3386 est
1347 3340 1449 3389 uanitas

295 3423 338 3464 tua
354 3421 380 3463 et
397 3429 463 3463 uana
479 3413 580 3462 leticiai
598 3412 641 3462 ubi
659 3413 724 3462 risus
739 3413 929 3463 inmoderatusl
947 3414 989 3463 ubi
1006 3414 1128 3464 tortitudo
1146 3422 1199 3475 tua,
1214 3431 1265 3478 qua
1281 3415 1397 3479 plurimis
1410 3419 1449 3466 in-

294 3493 423 3543 sultabasi
447 3492 533 3554 Quare
545 3493 622 3541 modo
634 3507 685 3540 non
699 3491 784 3541 innuis
795 3493 883 3554 oculis,
895 3507 946 3540 non
953 3493 1016 3542 teris
1024 3495 1100 3555 pede,
1112 3509 1164 3542 non
1173 3495 1254 3555 digito
1260 3495 1382 3557 loqueris,
1393 3511 1447 3546 non

250 3587 283 3639 4⁰
295 3586 376 3635 prauo
392 3572 470 3621 corde
482 3571 636 3620 machinaris
652 3571 753 3629 malurn,
770 3571 836 3620 sicut
848 3571 934 3620 iacere
949 3571 1051 3620 solebas
1066 3573 1093 3620 in
1104 3573 1250 3622 leuitatibus
1268 3572 1345 3622 tuisl'
1380 3575 1448 3624 Cum

295 3651 343 3699 bec
355 3658 381 3700 et
396 3649 490 3698 similia
505 3650 629 3708 dicerent,
643 3649 707 3698 uidit
717 3665 733 3697 a
750 3649 827 3710 longe
844 3649 991 3698 uenientem
1007 3650 1107 3700 stellam
1119 3649 1210 3712 quasi⁸
1220 3651 1407 3712 lucidissimam,
1422 3655 1448 3702 in

295 3745 370 3792 quam
389 3729 474 3777 statim
495 3726 665 3788 infatigabiles
683 3728 739 3775 lixit
757 3729 873 3785 intuitus,
891 3743 998 3790 sperans
1018 3743 1048 3777 se
1067 3729 1169 3790 aliquod
1187 3729 1309 3778 solacium
1327 3745 1375 3792 per
1390 3747 1449 3781 eam

295 3814 481 3871 percepturum.
518 3805 579 3854 Erat
595 3813 680 3854 autem
695 3805 804 3867 angelus
815 3806 919 3856 domini.
955 3805 1007 3868 Qui
1025 3821 1081 3855 cum
1098 3807 1325 3870 appropinquaret,
1342 3813 1449 3872 proprio

295 3901 352 3934 eam
374 3885 495 3934 salutauit
518 3883 629 3945 nomine,
650 3883 758 3932 dicens:
781 3885 855 3932 ‘Aue
873 3883 996 3934 Tundale.
1032 3883 1101 3946 Quid
1120 3885 1207 3948 agist'
1240 3885 1340 3935 Videas
1361 3896 1447 3938 autem

251 3982 282 4032 45
296 3964 339 4013 ille
345 3965 491 4025 speciosum
499 3963 618 4011 iuuenem
631 3961 715 4022 nimis,
725 3969 752 4010 et
763 3963 871 4011 audiens
880 3979 910 4012 se
919 3962 1025 4025 proprio
1034 3963 1138 4012 nomine
1145 3963 1289 4022 salutatum,
1300 3980 1347 4027 pre
1355 3965 1449 4017 timore

212 4043 220 4060 ⁶
296 4042 372 4091 simul
384 4049 411 4090 et
422 4042 516 4102 gaudio
527 4041 563 4088 sic
575 4040 725 4103 respondit:
744 4045 750 4068 ¹
763 4039 833 4101 Heu,
844 4041 949 4090 domine
963 4047 1045 4102 pater,
1057 4041 1280 4118 circumdedentnt
1291 4058 1332 4102 me
1343 4043 1448 4096 dolores
1476 4079 1477 4099 ,

298 4161 374 4212 MSS.
388 4163 439 4212 and
456 4161 499 4210 old
514 4161 605 4224 prints,
618 4160 651 4209 cs.
664 4159 757 4222 Hardy
769 4159 802 4209 ll.
815 4177 878 4223 239:
895 4162 935 4211 ed.
947 4161 983 4223 by
994 4160 1096 4211 Scbade
1109 4161 1187 4212 Halle
1202 4163 1273 4224 1869,
1286 4163 1317 4213 A.
1330 4161 1449 4227 Wagner
1475 4175 1476 4209 l

296 4227 427 4290 Erlangen
443 4229 519 4284 1882,
537 4242 584 4276 our
595 4233 652 4276 text
663 4225 767 4276 follows
779 4227 824 4275 the
836 4227 997 4288 abridgment
1009 4227 1035 4275 in
1048 4227 1121 4280 Vinc.
1135 4227 1200 4279 Bell.
1212 4227 1323 4278 xxvii.
1337 4231 1377 4280 88.
1474 4263 1475 4268 ,

329 4293 409 4343 ¹VB.
423 4294 466 4355 qui
479 4293 657 4342 commilitonis
671 4293 715 4352 (al.
729 4293 948 4354 commutationis)
960 4292 1055 4344 debito.
1122 4295 1271 4357 'preciiat
1284 4310 1334 4345 om.
1399 4299 1445 4350 ¹r.
1474 4269 1475 4319 l

297 4358 521 4410 reseditlctVB.
590 4357 672 4408 ¹us.
686 4373 723 4410 se.
788 4357 1077 4410 ⁸T.mortiflcaucium.
1183 4360 1445 4424 ‘atquasiuetlan
1473 4367 1474 4429 l
