3012 4898
289 365 361 450 392
599 339 1123 448 sustenementum.
1301 358 1442 426 [us-u
1485 449 1486 466 .

287 559 365 595 nemo
374 547 434 612 nisi)
443 546 541 598 electus
550 548 662 598 nansire
673 555 783 612 poterat.
820 549 917 599 Dehoc
923 555 1003 612 ponte
1011 547 1076 597 uidit
1082 547 1168 597 anima
1176 545 1219 596 illa
1227 545 1327 598 multos
1340 547 1442 600 adae.

288 624 339 691 [et]
355 641 434 676 unum
445 626 527 676 solum
539 627 708 690 presbiterum
723 627 824 678 illesum
841 629 1003 690 pertransire,
1022 627 1065 689 qni
1083 633 1140 676 erat
1155 625 1320 688 peregm'nus,
1333 631 1443 688 portans

288 703 398 766 palmam
415 712 443 755 et
460 706 565 756 indutus
582 705 704 767 sclauina,
722 713 748 755 et
766 706 864 769 primus
881 713 942 755 ante
960 705 1074 770 [omnes]
1092 705 1235 766 intrepidus
1254 705 1443 765 pertransibat

287 780 405 844 Angelus
421 791 507 833 autem
523 783 655 832 timentem
673 783 812 834 consolans
829 785 939 834 animam
957 783 1036 832 dixit:
1061 782 1119 831 ‘Ne
1136 783 1233 843 fimus
1251 781 1285 830 ab
1303 783 1358 830 hac
1376 781 1442 830 enim
1486 815 1487 852 ss

260 867 274 918 5
289 875 357 924 pena
368 860 532 921 liberaberis;
549 869 589 912 set
600 863 675 912 aliam
685 861 812 924 pacieris'
838 863 871 912 Et
886 861 1046 926 procedens¹
1058 862 1204 910 tenuiteam
1216 867 1243 910 et
1253 860 1324 910 ultra
1336 867 1443 923 pontem

288 939 361 988 duxit
374 939 481 999 illesam,
493 939 599 991 dicens:
618 940 693 989 ‘Hec
705 949 754 999 est,
767 941 857 1002 inquit,
870 940 945 990 uallis
957 940 1085 989 horribilis
1095 939 1146 1004 [in]
1156 939 1166 968 ¹
1177 953 1244 1001 pena
1251 937 1443 1002 superborum.¹

291 1003 405 1067 Profecti
417 1025 477 1067 sunt
487 1025 572 1068 autem
584 1033 631 1081 per
642 1019 709 1067 uiam
725 1021 888 1068 tenebrosam
905 1027 931 1068 et
947 1025 1087 1068 tortuosam
1103 1025 1131 1066 et
1146 1017 1273 1067 difficilem
1285 1017 1378 1066 ualde.
1413 1015 1443 1064 Et

288 1111 345 1144 cum
366 1097 471 1145 multum
488 1096 633 1146 laborarent
650 1097 676 1145 in
694 1097 779 1146 eundo
796 1112 844 1160 per
859 1097 989 1155 tenebras,
1005 1097 1069 1145 uidit
1086 1095 1171 1145 anima
1186 1095 1219 1143 a¹
1235 1095 1317 1157 longe
1331 1095 1442 1144 bestiam

287 1174 430 1224 incredibili
442 1175 618 1237 magnitudine
629 1181 656 1224 et
666 1176 773 1225 horrore
783 1174 956 1234 intollerabili,
964 1190 1013 1236 que
1023 1174 1104 1222 maior
1114 1181 1169 1222 erat
1180 1173 1299 1222 omnibns
1311 1173 1443 1222 montibus

245 1257 353 1315 loquos
372 1253 444 1316 prius
462 1254 568 1302 uiderat
613 1252 687 1303 Oculi
707 1253 763 1302 eius
782 1252 856 1315 quasi
876 1253 956 1302 eolles
975 1253 1058 1315 igniti,
1076 1267 1106 1301 os
1124 1251 1180 1300 eius
1200 1249 1275 1300 ualde
1299 1259 1400 1314 pauens
1419 1257 1443 1298 et

287 1338 404 1394 apertum
416 1329 694 1394 uidebaturei‘posse
705 1346 798 1395 capere
813 1345 908 1380 nouem
923 1331 993 1379 milia
1006 1329 1137 1379 hominum
1151 1337 1316 1378 armatorum.
1356 1329 1442 1378 Habe
1487 1363 1488 1398 ,

287 1409 331 1458 bat
340 1415 426 1458 autem
435 1411 461 1458 in
474 1425 519 1458 ore
531 1425 579 1458 suo
590 1409 656 1459 dnos
665 1408 800 1472 gigantas*
810 1409 893 1458 uersis
904 1409 1031 1471 capitibus
1042 1407 1119 1457 ualde
1128 1407 1324 1470 incompositos,
1333 1421 1442 1470 quorum

289 1501 356 1536 unus
378 1488 487 1537 habebat
510 1495 586 1550 caput
611 1503 712 1537 sursum
734 1489 767 1537 ad
790 1487 937 1550 superiores
963 1486 1055 1536 dentes
1077 1485 1175 1548 prefate
1197 1485 1279 1534 bestie
1309 1493 1336 1534 et
1360 1485 1442 1548 pedes

288 1565 408 1614 deorsum
435 1566 468 1614 ad
494 1565 637 1625 inferiores,
660 1565 726 1614 alter
748 1579 908 1623 econucrso;
933 1571 960 1613 et
986 1570 1060 1613 erant
1087 1563 1158 1626 quasi
1183 1563 1322 1626 columpne
1345 1565 1374 1612 in
1399 1577 1442 1611 ore

246 1649 275 1702 15
289 1643 352 1706 eius,
372 1644 415 1704 qui
430 1659 460 1692 os
477 1643 539 1693 illud
556 1643 582 1692 in
599 1643 792 1692 similitudinem
810 1644 885 1692 trium
901 1650 1031 1706 portarum
1046 1641 1202 1690 diuidebant.
1239 1640 1357 1689 Flamma
1372 1642 1442 1689 inex·

288 1721 428 1784 tinguibilis
439 1737 473 1769 ex
485 1737 530 1771 ore
543 1721 588 1770 illo
598 1721 694 1782 exibat,
707 1737 757 1784 que
770 1721 795 1769 in
807 1727 861 1770 tres
873 1727 960 1782 partas
971 1735 1019 1782 per
1030 1720 1086 1768 illas
1097 1727 1150 1768 tres
1161 1725 1250 1781 portas
1261 1720 1441 1768 diuidebatur:

288 1806 315 1850 et
332 1806 422 1849 contra
435 1801 516 1862 ipsam
535 1800 659 1849 flammam
676 1800 761 1848 anime
778 1799 916 1862 dampnate
933 1799 1028 1847 intrare
1041 1798 1205 1859 cogebantur.
1241 1797 1321 1846 lictor
1338 1811 1442 1860 qnoque

288 1877 462 1928 intollerabilis
481 1893 515 1927 ex
534 1893 579 1926 ore
597 1878 654 1941 ipso
672 1878 766 1935 exibat,
785 1885 812 1926 et
830 1877 948 1940 planctus
968 1876 1137 1925 multitudinis
1157 1876 1189 1924 de
1207 1881 1299 1924 uentre
1319 1876 1380 1924 eins
1398 1887 1443 1937 per
1488 1875 1489 1878 ’

285 1955 357 2005 idem
374 1971 405 2005 os
420 1956 576 2006 audiebatur.
612 1955 684 2006 lntus
700 1957 768 2004 enim
785 1961 859 2004 erant
876 1956 954 2004 multa
970 1954 1041 2002 milia
1057 1954 1216 2002 uirorumue
1233 1953 1373 2002 mulierum
1389 1953 1441 2000 dira

246 2043 277 2080 ao
289 2041 416 2084 tormenta
433 2035 569 2083 luentium.
608 2035 678 2084 Ante
697 2034 753 2082 eius
771 2048 801 2082 os
823 2033 903 2082 eciam
925 2033 1113 2081 immundorum
1135 2031 1270 2094 spirituum
1293 2030 1440 2088 multitudo,

289 2113 388 2162 animas
410 2113 505 2162 intrare
527 2113 686 2174 cogencium,
710 2113 801 2172 stabat,
826 2125 871 2160 eas
893 2117 1030 2172 antequam
1053 2112 1179 2159 intrarent
1201 2109 1287 2157 multis
1310 2109 1397 2172 plagis
1419 2115 1442 2155 et

289 2190 437 2239 uerberibus
455 2190 596 2240 allicientes
603 2188 619 2240 ⁸.
656 2190 773 2252 Cumque
792 2189 876 2238 anima
893 2189 1001 2238 Tundali
1020 2189 1064 2237 diu
1082 2187 1228 2250 aspexisset
1247 2195 1299 2236 mm
1318 2185 1441 2236 horribile

289 2276 440 2324 monstrum,
457 2269 532 2318 nimis
549 2269 672 2318 exterrita
689 2268 754 2316 dixit
770 2267 804 2316 ad
819 2267 954 2328 angelum:
974 2267 1108 2328 ‘Domine
1127 2281 1206 2328 quare
1223 2265 1284 2314 illuc
1299 2265 1441 2328 appropin-

289 2343 387 2407 quasl'
421 2346 454 2395 Et
472 2347 594 2408 angelus:
614 2344 683 2394 ‘lter
701 2353 817 2394 nostrum
837 2345 912 2393 aliter
927 2344 1033 2406 explere
1051 2359 1103 2392 non
1121 2359 1266 2407 possumus.
1310 2343 1372 2393 Hoc
1393 2352 1441 2392 tor·

246 2437 276 2487 25
290 2431 403 2474 mentum
424 2439 476 2473 non
496 2431 606 2488 possunt
623 2422 722 2473 uitare*
741 2423 791 2474 nisi
814 2423 896 2473 electi.
941 2421 999 2472 Hec
1021 2423 1102 2472 bestia
1125 2429 1232 2471 uocatur
1248 2420 1398 2481 Acheruns,
1417 2429 1441 2469 et
1489 2471 1490 2484 ,

289 2503 397 2552 deuorat
415 2517 505 2552 omnes
525 2517 624 2553 auaros.
659 2502 699 2551 De
719 2503 767 2551 hac
786 2501 908 2564 scriptum
927 2508 986 2551 est:
1012 2500 1192 2550 “Absorbebit
1209 2501 1315 2549 fluuium
1340 2507 1368 2549 et
1391 2513 1441 2548 non
1489 2487 1490 2548 l

289 2580 421 2629 mirabitur
428 2597 435 2636 ς
452 2588 479 2629 et
490 2581 567 2630 habet
578 2580 697 2630 fiduciam
709 2581 777 2642 quod
789 2579 878 2630 inlluat
896 2579 1013 2629 Iordanis
1024 2579 1050 2628 in
1066 2595 1097 2628 os
1108 2577 1190 2629 eius.''
1224 2577 1270 2628 Hii
1282 2594 1349 2628 uero
1360 2580 1404 2642 qui
1416 2579 1441 2625 in

290 2673 335 2706 ore
347 2659 402 2707 eius
414 2666 440 2708 et
451 2659 520 2707 inter
530 2660 622 2708 dentes
634 2666 758 2721 apparent
771 2659 948 2721 contrapositi,
960 2659 1079 2720 gigantas
1094 2662 1162 2717 sunt,
1174 2663 1201 2706 et
1216 2657 1271 2705 suis
1281 2657 1442 2720 temporibus

290 2736 316 2785 in
328 2743 399 2786 secta
411 2751 456 2785 sua
472 2737 534 2786 nulli
547 2744 599 2787 tam
615 2737 706 2786 fideles
721 2733 857 2786 iuemnt⁸.'
891 2735 923 2785 Et
938 2751 995 2785 cum
1007 2737 1055 2785 hec
1067 2736 1176 2786 dixisset
1186 2735 1302 2798 angelus,
1314 2737 1442 2785 accedens
1489 2759 1490 2766 .

245 2825 278 2875 30
290 2815 396 2878 propius
415 2815 583 2864 antecedebat
601 2815 712 2864 animam
729 2822 756 2864 et
772 2815 842 2863 stetit
863 2822 925 2864 ante
944 2815 1061 2874 bauan,
1079 2814 1165 2863 anima
1186 2828 1249 2862 uero
1266 2813 1329 2862 licet
1350 2815 1442 2864 nolens

289 2894 452 2954 sequebatur.
494 2893 527 2942 Et
547 2909 605 2942 curn
622 2893 698 2942 simul
715 2899 814 2942 starent
831 2899 891 2942 ante
911 2893 1028 2952 bestiann
1045 2893 1153 2956 angelus
1172 2893 1298 2955 disparuit
1314 2899 1343 2941 et
1359 2893 1442 2942 anima

289 2971 382 3020 misera
399 2971 455 3020 sola
471 2971 600 3021 remansit.
636 2970 769 3020 Demones
786 2977 872 3019 autem
892 2971 1114 3020 circumdederunt
1132 2985 1187 3020 eam
1206 2977 1234 3019 ut
1254 2985 1336 3020 canas
1353 2970 1441 3028 rabidi,

289 3055 316 3098 et
333 3050 485 3110 flagellatam
502 3055 635 3099 traxerunt
651 3064 739 3098 secum
757 3049 783 3098 in
800 3055 918 3098 uentrem
934 3049 1022 3098 bestie.
1056 3048 1159 3111 Quanta
1173 3063 1236 3098 uero
1253 3049 1288 3097 ibi
1305 3065 1386 3112 passa
1401 3049 1441 3106 sit,

290 3127 374 3176 uultus
386 3129 441 3178 eius
452 3136 478 3177 et
489 3143 586 3178 morum
598 3128 734 3177 conuersio
745 3135 836 3190 postea
847 3127 977 3178 indicauit
1012 3127 1092 3176 Passa
1103 3135 1143 3177 est
1153 3127 1186 3177 ibi
1199 3142 1299 3176 morsus
1310 3134 1339 3176 et
1350 3129 1441 3177 lacem·

246 3219 276 3271 35
290 3206 388 3266 ciones,
400 3221 496 3264 canum,
517 3221 642 3265 ursorum,
660 3206 773 3262 leonum,
790 3206 952 3268 serpentium
968 3213 995 3255 et
1011 3206 1156 3254 animalium
1173 3205 1279 3255 aliorum
1297 3206 1441 3255 innumera·

289 3283 375 3332 bilium
400 3284 587 3346 incognitorum
610 3291 637 3333 et
659 3291 881 3334 monstruosorum
906 3283 1041 3343 feritatem,
1064 3285 1202 3334 demonum
1224 3283 1300 3343 ictus,
1323 3287 1441 3334 ardorem

289 3361 363 3423 ignis,
375 3363 538 3424 asperitatem
554 3362 662 3425 frigoris,
677 3362 785 3411 fetorem
800 3362 939 3425 sulphuris,
952 3362 1086 3423 caliginem
1104 3363 1244 3422 oculorum,
1257 3361 1356 3411 lluxum
1374 3362 1441 3412 lani-

290 3455 387 3489 marum
407 3441 563 3501 ardencium,
582 3440 718 3490 stridorem
736 3441 864 3500 dentium,
882 3441 981 3502 copiam
1000 3441 1200 3490 tribulationum.
1243 3440 1282 3488 lbi
1300 3456 1331 3490 se
1350 3442 1442 3491 misera

290 3518 375 3568 anima
397 3519 430 3567 de
452 3519 581 3582 preteritis
602 3519 737 3568 accusabat
763 3526 791 3568 et
813 3533 860 3581 pre
882 3519 962 3567 nimia
980 3520 1165 3580 desperacione
1185 3525 1212 3568 et
1234 3518 1344 3568 tristicia
1364 3533 1441 3583 genn

245 3613 279 3664 40
290 3597 407 3660 proprias
424 3597 559 3648 lacerabat.
594 3597 701 3646 Etcum
717 3612 747 3646 se
764 3603 865 3660 putaret
882 3597 916 3645 ibi
933 3597 1083 3647 eternaliter
1100 3599 1270 3660 dampnatum,
1283 3599 1376 3648 nescia
1393 3613 1441 3660 quo

291 3675 390 3738 ordine,
404 3683 479 3724 extra
489 3676 595 3725 bestiam
610 3691 639 3726 se
656 3689 716 3725 esse
733 3675 823 3725 sensit
858 3673 966 3724 Etcum
983 3675 1086 3738 longius
1103 3691 1119 3724 a
1135 3676 1217 3726 bestia
1234 3675 1333 3727 iaceret
1344 3677 1441 3732 debilis,

290 3755 410 3817 aperiens
422 3755 511 3804 oculos
523 3755 586 3804 uidit
597 3769 679 3818 prope
692 3753 744 3819 [se]
757 3753 827 3802 illum
839 3754 882 3816 qui
893 3753 1063 3803 antecedebat
1073 3754 1193 3817 angelum
1205 3755 1276 3805 lucis.
1313 3756 1391 3806 Tunc
1403 3755 1441 3805 illa

291 3834 414 3895 gaudens,
426 3833 486 3882 licet
497 3833 591 3882 afflicta
602 3833 717 3892 multum,
729 3831 841 3881 laudauit
857 3832 987 3881 dominum
1005 3833 1038 3881 de
1049 3847 1096 3882 sua
1107 3833 1288 3882 misericordia
1326 3835 1441 3897 Angelus

291 3919 377 3960 autern
395 3913 478 3974 tetigit
494 3910 562 3960 illam
579 3917 606 3960 et
622 3910 783 3960 consortauit.
853 3899 956 3961 Euntes
978 3911 1039 3959 inde
1062 3911 1164 3972 lougius
1183 3911 1305 3961 uiderunt
1324 3919 1441 3974 stagnum

246 4005 277 4059 45
291 3989 401 4054 amplum
422 3991 497 4039 ualde
518 3995 545 4038 et
565 3995 783 4051 tempestuosum
807 3987 863 4038 eius
881 3989 972 4037 fluctus
989 3987 1049 4037 elati
1067 4003 1120 4037 non
1135 3989 1317 4050 permittebant
1337 4003 1442 4040 cernere

291 4067 383 4118 celum.
397 4069 434 4116 lbi
444 4067 552 4133 [in]erat
559 4067 668 4130 plurima
677 4067 811 4116 multitudo
818 4065 957 4116 bestiarum
965 4066 1120 4128 terribilium,
1129 4067 1300 4128 mugiencium
1309 4075 1339 4116 ut
1346 4069 1441 4117 animas

291 4147 454 4195 deaurarent.
500 4144 551 4195 Per
567 4146 646 4195 latum
663 4145 748 4206 stagni
766 4160 833 4207 pons
852 4144 957 4194 multum
974 4152 1098 4208 angimus
1118 4151 1183 4207 erat,
1202 4151 1228 4194 et
1248 4144 1342 4207 longus
1362 4159 1441 4208 iisque

291 4224 324 4273 ad
342 4225 394 4274 duo
412 4224 536 4286 miliaria;
557 4224 666 4274 latitudo
683 4225 739 4273 eius
758 4231 814 4273 erat
832 4223 908 4272 unius
926 4221 1020 4286 palme.
1054 4222 1170 4286 Longior
1188 4230 1245 4272 erat
1264 4230 1291 4272 et
1309 4226 1442 4286 angustior

325 4347 386 4399 ¹01.
398 4351 549 4411 precedens.
606 4347 661 4400 ¹T.
673 4355 710 4410 et,
720 4348 775 4397 VB.
787 4348 822 4397 in.
873 4347 1033 4398 'Schnon
1083 4347 1185 4398 ‘T.et.
1236 4345 1440 4411 ‘dpanstoa

292 4413 346 4466 ‘al
353 4415 505 4478 affligentes.
532 4413 543 4445 ¹
553 4414 583 4466 T.
596 4415 701 4466 intrare.
730 4413 740 4444 ⁸
751 4414 812 4466 Sch.
824 4415 904 4466 adds:
915 4413 1048 4464 Vocantur
1055 4415 1123 4464 enim
1131 4413 1269 4477 Fergusius
1276 4421 1305 4464 et
1312 4415 1441 4465 Conallus
