3012 4898
264 325 339 402 374
575 303 707 390 mlii
732 297 923 404 11OEde
946 299 1098 404 staffile.

262 503 370 574 lentes,
389 501 504 562 iusticie
524 501 668 577 operibus
688 501 797 576 iugiter
817 501 1003 560 insistebant.
1040 500 1193 559 Gilbertus
1216 501 1321 576 itaque
1342 509 1415 558 etate

262 591 382 650 iuuenis
403 600 560 664 assumpto
583 607 688 648 secum
705 591 836 662 quodam
857 591 896 646 de
915 589 1026 646 familia
1044 607 1100 646 sua
1118 589 1280 647 Richardo
1299 589 1417 646 nomine

263 681 497 752 crucesignatus
510 679 737 736 lherosolimam
750 677 905 751 proiectus
917 687 972 736 est
1002 677 1139 750 Cumque
1151 679 1220 735 loca
1232 689 1341 735 sauma
1352 695 1417 734 cum
1496 659 1498 734 l

263 767 329 824 aliis
342 767 513 824 christianis
525 767 667 836 visitaret,
679 783 698 822 a
715 766 846 838 quodam
864 765 1030 822 admiraldo
1047 777 1154 838 captus
1171 777 1203 822 et
1221 767 1419 840 compeditus.

235 855 390 928 ,singulis
423 855 531 913 diebus
561 855 811 928 qualemcumque
843 853 900 910 sibi
930 853 1041 910 victum
1074 853 1232 910 laboribus
1270 854 1418 928 impositis

264 944 484 1018 quodammodo
509 941 719 1016 comparauit¹.
757 941 818 998 Per
838 957 961 998 menses
984 942 1091 998 decem
1113 951 1144 998 et
1166 959 1284 999 nouem
1308 944 1422 1000 sdauo-

265 1049 332 1088 rum
346 1047 430 1088 more
442 1033 588 1098 seruiens,
602 1047 656 1104 pre
669 1029 777 1086 ceteris
789 1027 915 1102 captiuis
927 1029 958 1085 in
970 1029 1063 1086 oculis
1075 1029 1238 1086 admiraldi
1250 1034 1381 1104 gratiam
1391 1041 1422 1085 et

265 1119 399 1176 fauorem
425 1119 546 1186 inuenit,
566 1127 595 1174 et
616 1117 789 1190 frequenter
812 1133 913 1174 coram
939 1135 976 1172 eo
999 1118 1038 1174 ad
1063 1135 1202 1174 mensam
1224 1119 1368 1188 veniens,
1386 1119 1423 1174 de

265 1215 413 1264 terrarum
436 1205 621 1262 mirabilibus
642 1213 674 1261 et
694 1204 828 1277 gentium
847 1205 980 1260 moribus
1002 1213 1032 1260 et
1054 1203 1120 1274 ritu,
1140 1222 1199 1276 per
1220 1205 1423 1280 interpretem

223 1317 254 1355 ιο
266 1293 415 1352 inuicem¹
435 1291 635 1350 conserebant
673 1289 768 1347 Multa
787 1293 826 1347 ob
847 1290 926 1348 illius
950 1293 1075 1364 gratiam
1100 1292 1207 1348 collata
1234 1295 1424 1368 concaptiuis

266 1390 337 1439 sunt
354 1379 519 1438 beneficia:
539 1388 718 1455 procurante
730 1377 904 1452 potissime¹
916 1379 1004 1435 unica
1016 1378 1173 1436 admiraldi
1187 1379 1263 1452 filia,
1271 1401 1338 1455 que
1351 1384 1425 1439 miro

265 1467 373 1526 affectu
387 1467 564 1537 Gilbertum,
580 1467 662 1524 nullo
678 1475 780 1523 tamen
797 1467 920 1535 sciente,
933 1465 1081 1538 diligebat
1119 1465 1215 1524 Nacta
1232 1471 1364 1526 tandem
1379 1469 1424 1525 die

265 1558 395 1629 quadarn
408 1556 617 1629 oportunitate,
628 1553 781 1626 inquisiuit
794 1554 831 1610 ab
841 1571 877 1610 eo
887 1555 925 1610 de
935 1571 994 1627 qua
1005 1562 1084 1610 terra
1096 1564 1126 1610 et
1138 1553 1264 1613 ciuitate
1277 1559 1424 1614 oriundus

268 1643 330 1716 fuit,
343 1645 381 1700 de
395 1643 455 1700 lide
470 1645 559 1700 etiam
577 1651 608 1699 et
628 1642 770 1716 reiigione
787 1658 822 1698 ac
840 1643 1068 1699 conuersatione
1087 1641 1339 1714 christianorum,
1353 1645 1424 1718 [et]¹

224 1753 254 1805 ¹⁵
267 1749 327 1805 que
352 1729 449 1787 forent
472 1729 657 1787 credentium
679 1747 751 1802 spes
772 1738 802 1784 et
822 1729 990 1786 seculorum
1010 1729 1124 1802 premia
1143 1728 1330 1789 futurorum.
1368 1732 1425 1802 Qui

267 1835 336 1876 cum
353 1815 571 1892 responderet⁶
583 1818 663 1890 quod
676 1816 822 1890 Anglicus
839 1825 922 1874 esset
940 1825 969 1872 et
989 1815 1116 1873 ciuitatis
1132 1815 1232 1874 incola
1251 1818 1424 1876 Londonia·

269 1923 345 1974 mm,
363 1915 453 1979 atque
472 1923 540 1962 cum
560 1906 598 1962 de
623 1905 683 1962 fide
701 1904 863 1962 christiana
881 1905 1010 1977 quedam
1029 1905 1183 1967 catholice,
1200 1907 1281 1963 sicut
1296 1909 1380 1966 deus
1398 1907 1424 1964 ei

268 1995 475 2068 inspirauerat‚
488 1993 621 2050 breuiter
633 1993 833 2066 explanasset,
846 2003 1065 2066 consequenter
1076 2003 1106 2050 et
1122 1993 1190 2068 ipsa
1207 1996 1247 2052 ab
1264 2015 1304 2053 eo
1323 2000 1425 2055 scisci·

268 2091 329 2139 tata
347 2091 394 2138 est
412 2080 532 2138 dicens:
553 2081 651 2138 ‘Num
671 2090 799 2138 mortem
817 2099 874 2154 pro
892 2083 950 2138 deo
968 2091 1019 2139 tuo
1038 2090 1068 2138 et
1086 2081 1145 2138 fide
1164 2082 1281 2141 Christi
1300 2104 1425 2142 conser-
1497 2109 1498 2120 ἒ

225 2195 256 2231 ao
269 2171 368 2227 uanda
385 2169 535 2242 intrepide
554 2169 701 2226 sustinere
720 2167 848 2226 vellest’
886 2169 1055 2240 ‘Libenter,
1074 2168 1178 2242 inquit,
1196 2189 1255 2244 pro
1276 2174 1339 2230 deo
1359 2193 1425 2230 meo

270 2257 381 2315 moriar
402 2266 432 2314 et
453 2257 554 2314 omnia
576 2267 725 2315 tormenta
746 2257 807 2330 pati
831 2267 953 2331 paratus
974 2259 1059 2314 sum!
1096 2257 1164 2328 Quo
1185 2259 1300 2330 audito,
1324 2264 1425 2336 puella

270 2363 341 2403 mox
362 2354 422 2402 tota
447 2353 568 2416 mutata,
587 2345 745 2418 profitetur
769 2363 802 2402 se
827 2344 1019 2402 christianam
1041 2345 1115 2416 lieri,
1136 2347 1305 2406 dummodo
1326 2349 1424 2423 ipsam

270 2433 302 2489 in
327 2434 484 2505 coniugem
509 2433 645 2506 accipere
670 2433 700 2488 in
725 2431 785 2490 fide
808 2451 864 2489 sua
888 2434 1060 2506 sponderet.
1105 2432 1210 2490 Tacuit
1239 2435 1293 2493 ille
1318 2455 1424 2494 secum

270 2521 449 2590 deliberans,
463 2530 493 2577 et
509 2519 643 2577 mulieris
656 2520 795 2577 fallatiam
809 2521 919 2577 timens
932 2521 1030 2578 statim
1043 2521 1235 2594 acquiescere
1248 2525 1359 2594 noluit,
1372 2525 1424 2584 sed

226 2635 256 2686 ²5
271 2609 379 2684 puelle,
402 2609 581 2682 importunis
606 2609 746 2682 precibus
771 2607 928 2678 insistenti,
950 2609 1058 2666 dedic
1080 2609 1110 2665 in
1131 2609 1214 2667 diem
1235 2629 1424 2671 consensum

270 2697 439 2771 protelauit.
475 2696 612 2768 Cumque
629 2696 729 2768 puella
740 2696 936 2753 vehementer
952 2696 1133 2770 affligeretur
1144 2707 1175 2754 et
1191 2700 1231 2755 ob
1246 2699 1425 2760 dilationem

270 2785 301 2842 in
315 2784 380 2843 dies
393 2785 462 2857 plus
474 2787 563 2841 anxia
576 2782 753 2852 efficeretur,
767 2783 919 2841 Gilbertus
935 2800 1003 2840 cum
1022 2784 1120 2854 sociis,
1133 2786 1271 2844 cathenis
1285 2789 1423 2864 diruptis,

270 2889 422 2930 acarcere
435 2873 511 2929 liber
523 2871 627 2930 euasit
663 2872 710 2929 Ex
722 2871 772 2928 illa
783 2889 856 2928 vero
869 2872 943 2928 hora
960 2881 990 2928 et
1007 2873 1045 2929 de
1062 2871 1247 2944 proiectione
1263 2893 1322 2932 sua
1339 2889 1371 2935 et
1389 2881 1424 2935 de

271 2961 340 3034 suga
364 2960 464 3033 puella
489 2961 629 3033 cogitans,
654 2969 740 3016 nocte
765 2961 903 3032 quadam,
928 2959 1076 3016 uniuersis
1102 2977 1232 3033 sompno
1257 2964 1423 3036 depressis,

225 3073 259 3124 30
272 3047 388 3105 modico
408 3065 463 3120 pro
484 3047 661 3104 necessariis
682 3064 784 3104 secum
806 3055 971 3121 assumpto,
990 3047 1144 3120 multiplici
1163 3065 1198 3104 se
1218 3052 1344 3110 tradidit
1365 3055 1424 3110 dis·

271 3135 388 3193 crimini
409 3134 550 3208 fugiendo
558 3135 577 3193 ⁸.
614 3135 826 3208 Paganismum
845 3135 933 3208 igitur
951 3151 1096 3208 prospere
1115 3138 1336 3210 pertransiens,
1356 3159 1422 3198 curn

271 3223 450 3296 quibusdam
473 3223 687 3280 mercatoribus
708 3233 739 3280 et
763 3225 938 3297 peregrinis,
958 3223 1009 3296 qui
1029 3223 1159 3296 linguam
1178 3223 1244 3282 eius
1266 3239 1423 3295 nouerant,

272 3310 453 3368 transcursis
471 3311 584 3368 cunctis
601 3311 741 3384 periculis
754 3310 896 3384 Angliam
912 3312 1033 3367 tandem
1051 3309 1202 3383 applicuit
1249 3313 1392 3390 Cumque
1407 3335 1423 3374 a

273 3397 336 3455 suis
354 3397 511 3455 comitibus
530 3397 689 3456 dissociata
708 3397 822 3469 suisset,
836 3397 908 3455 nihil
927 3399 1007 3454 aliud
1025 3397 1209 3472 interrogare
1228 3399 1288 3457 nisi
1308 3412 1422 3462 tantum

229 3503 259 3556 35
274 3485 473 3555 ‘Londoniaa
499 3485 705 3544 Londonias2⁷
731 3488 822 3542 nouit.
868 3486 936 3557 Quo
960 3487 1079 3542 tandem
1105 3487 1315 3560 perueniente,
1341 3493 1424 3567 quasi

274 3573 368 3631 bestia
392 3574 518 3630 erratica
539 3592 597 3648 per
622 3575 736 3648 plateas
761 3575 889 3632 ciuitatis
909 3575 1062 3644 incedens,
1078 3573 1212 3632 ’‘Beket
1229 3576 1348 3636 Beket’
1367 3599 1422 3654 que

273 3679 347 3736 sepe
368 3661 528 3736 repetens'
540 3661 697 3720 obuiantes
715 3679 851 3736 quosque
864 3661 1049 3735 explorantis
1066 3679 1150 3720 more
1167 3665 1422 3740 circumspiciens,

273 3753 312 3808 ob
331 3749 484 3824 disparem
502 3750 598 3823 ipsius
617 3749 750 3808 habitum
769 3758 799 3807 et
817 3751 949 3824 linguam
967 3750 1005 3806 ab
1022 3752 1162 3807 omnibus
1179 3752 1318 3811 derisum
1335 3773 1422 3830 passa

272 3849 329 3897 est.
367 3837 521 3911 Cumque·
530 3840 612 3894 iuxta
625 3840 747 3895 domum
758 3837 969 3895 Gilberti-vbi
982 3855 1061 3895 nunc
1072 3847 1120 3896 est
1133 3839 1291 3912 hospitalis
1299 3843 1322 3876 ¹⁰
1330 3845 1421 3901 sancti

227 3947 261 3998 40
274 3925 568 3985 Thome—omnibus
577 3927 607 3982 in
616 3941 682 3983 eam
694 3925 920 3983 intendentibus
930 3943 1000 3982 casu
1010 3924 1295 3985 fortuitotransitum
1304 3930 1419 4000 faceret,

274 4015 458 4088 diuulgatum
476 4022 523 4071 est
537 4013 647 4087 vbique
661 4015 741 4087 quod
756 4016 887 4088 quedam
903 4013 1059 4071 iuuencula
1074 4014 1160 4088 quasi
1178 4015 1282 4088 ydiota
1289 4017 1309 4051 ¹¹
1323 4020 1419 4076 multis

274 4121 341 4162 eam
361 4101 556 4176 sequentibus
576 4111 606 4159 et
624 4102 819 4160 irridentibus
841 4119 897 4176 per
915 4102 1044 4176 plateam
1062 4111 1214 4175 euagaret
1252 4104 1418 4164 Richardus

306 4243 315 4273 ¹
333 4243 363 4295 Ε.
373 4243 522 4306 comparuit
606 4242 616 4272 ⁸
636 4243 666 4293 E.
677 4244 773 4294 mitem.
861 4242 872 4273 ¹
890 4242 918 4292 E.
930 4242 1116 4305 potentissime.
1202 4243 1213 4274 ⁴
1230 4259 1283 4296 om.
1368 4245 1418 4295 ’ἱ

274 4311 471 4373 responderent
536 4310 547 4341 ⁸
562 4307 595 4370 Q.
607 4309 729 4371 fugiendi.
800 4305 811 4337 ¹
829 4309 861 4370 Q.
876 4309 1012 4360 londonia
1024 4307 1166 4360 Londonia.
1231 4309 1273 4342 Η
1289 4325 1341 4364 om.
1354 4311 1416 4372 inq

273 4376 283 4406 ⁸
300 4375 330 4426 Ε.
344 4375 469 4437 Dumque.
536 4375 554 4404 ¹⁸
571 4375 603 4436 Q.
616 4375 708 4425 domus
719 4374 861 4438 hospitalia.
927 4373 945 4406 ¹¹
963 4375 992 4426 E.
1003 4375 1108 4438 ydeota.
