3008 4904
364 313 440 406 Dc
465 311 628 402 &annu
654 313 885 404 bimanus.
1127 341 1194 410 241

154 527 384 595 ilSnpuunrua
402 546 472 586 nun
490 545 653 586 tncrronns
672 545 711 586 ns
731 529 901 586 nrusnnu¹z
928 527 1042 587 Lscrro
1062 529 1085 588 l.

120 631 170 705 [ln
186 633 275 691 Festo
290 634 522 707 (Translatione)
537 635 568 693 S.
582 634 750 692 Osmundi:
772 633 807 691 ln
820 635 919 710 primo
934 635 1126 709 Nocturno².]

112 737 301 796 Reuenimus
318 741 432 797 dudum
450 758 529 796 noua
546 739 736 796 solemnitate
755 739 821 797 dies
838 741 987 798 natalitios
1006 741 1199 800 saluation1s³

146 826 313 884 beatissimi
341 827 472 900 presulis
498 827 647 884 Osmundi
671 827 814 884 lestiuum
843 829 1023 885 celebrando
1048 830 1197 896 natalem:

51 909 168 986 iamque
195 914 387 972 illucescente
407 915 494 972 nobis
517 914 720 972 translationis
740 933 796 971 sue
820 918 994 973 veneranda
1018 917 1199 988 celebritate,

51 1003 135 1072 quasi
152 1019 263 1058 nouam
282 1002 348 1058 eius
364 1002 395 1059 in
413 1004 559 1058 mundum
578 1001 763 1060 natiuitatem
779 1019 848 1059 cum
867 1003 956 1076 pleno
969 1003 1040 1060 cleri
1054 1022 1088 1062 ac
1101 1004 1199 1078 plebis

50 1086 138 1143 iubilo
158 1089 336 1146 solemniter
354 1107 545 1146 renouamus.
583 1089 683 1146 Hodie
706 1107 836 1162 namque
856 1091 966 1148 deuota
986 1100 1083 1150 mater
1107 1092 1227 1164 saris-5

50 1175 200 1234 buriensis
221 1177 349 1236 ecclesia
373 1177 579 1235 dulcissimum
603 1177 766 1246 alumnum,
789 1193 879 1249 quem
903 1177 980 1235 intra
1004 1195 1059 1238 sua
1083 1179 1200 1238 viscera

51 1263 177 1334 plurimo
210 1282 357 1322 annorum
384 1265 506 1322 delluxu
534 1266 572 1321 ab
597 1265 728 1322 humano
758 1274 881 1337 aspectu
911 1266 1084 1336 recondidit,
1109 1267 1198 1325 hodie

50 1351 179 1422 glorioso
192 1350 260 1407 eius
272 1370 397 1425 corpore
410 1352 441 1410 in
454 1352 582 1408 sublime
595 1352 739 1408 translato
757 1351 980 1408 desideratam*
995 1353 1047 1410 diu
1060 1355 1200 1428 gentibus

51 1439 146 1510 palam
159 1438 292 1512 proludit
303 1439 335 1497 in
348 1441 463 1497 lucem:
485 1439 522 1496 Et
534 1457 625 1512 quem
638 1440 792 1513 quondam
802 1449 833 1497 vt
845 1457 974 1513 granum
987 1441 1199 1503 mortificatum

81 1559 146 1638 ¹Cl3
161 1561 225 1638 'San
247 1561 324 1612 Brea.
345 1577 370 1624 p.
390 1577 448 1624 47a,
471 1562 503 1610 16
521 1560 591 1622 July.
633 1560 700 1622 (The
723 1560 886 1638 Translation
911 1562 933 1610 is
956 1577 991 1610 on
1016 1565 1046 1640 ro
1064 1563 1134 1628 July,
1156 1565 1201 1614 the

53 1625 205 1688 Deposition
217 1642 234 1690 4
245 1627 321 1692 Dec.)
449 1625 460 1656 ²
478 1627 509 1676 ln
521 1627 566 1676 the
578 1626 669 1676 Sarum
682 1627 815 1690 Breviary,
828 1627 873 1678 the
885 1628 968 1677 Office
979 1629 1086 1692 begam

470 1741 516 1792 Ad
525 1743 626 1806 periuras
644 1741 778 1806 Vesperies:

52 1823 111 1874 Ant.
128 1825 241 1887 Suscipe
258 1839 316 1874 cum
333 1825 428 1887 gaudio
444 1832 528 1874 mater
543 1823 653 1873 filiorum

129 1893 157 1940 in
176 1892 305 1940 Osmundi
322 1892 401 1940 iubilo
418 1905 508 1952 preces
525 1890 685 1939 famulorum.
718 1891 762 1940 Ps.
781 1890 896 1942 Laudme
913 1891 994 1954 pueri.

53 1954 111 2005 Ant.
131 1957 298 2006 confessoris
315 1957 445 2005 dominum
463 1971 528 2018 gens
545 1956 675 2006 collaudet
692 1963 753 2018 tota,

130 2029 157 2070 et
174 2023 201 2070 in
220 2021 301 2071 sancti
319 2022 425 2084 gloriam
443 2022 534 2070 reddat
551 2022 592 2083 pia
608 2029 675 2071 vota.
709 2022 753 2072 Ps.
772 2021 886 2071 Laudate
904 2021 1044 2072 dominum.

52 2086 111 2137 Ant.
131 2088 194 2137 Exit
213 2089 269 2137 eius
285 2088 392 2149 spiritus
408 2094 503 2136 terram
521 2088 680 2148 miserorum,
713 2105 721 2116 ·

131 2161 158 2202 et
175 2155 256 2204 intrat
272 2169 320 2215 pro
337 2153 436 2202 meritis
452 2168 560 2214 regnum
577 2155 715 2202 beatorum.
748 2152 793 2202 Ps.
812 2151 900 2202 lauda
916 2153 1011 2202 anima.

53 2218 113 2268 Ant.
131 2219 185 2269 lste
203 2219 308 2268 domum
325 2219 421 2267 domini
438 2226 553 2267 sacratus
570 2216 709 2276 fabricauit,

133 2293 159 2333 et
171 2285 307 2346 dispersos
318 2284 427 2333 clericos
443 2284 516 2332 simul
530 2284 703 2345 congregauit.
739 2281 784 2334 Ps.
802 2283 916 2332 Laudate
927 2282 1058 2333 dominum
1070 2282 1198 2346 quoniam.

53 2348 113 2398 Ant
131 2351 222 2400 lauda
238 2349 312 2412 Syon
329 2350 460 2398 dominum
476 2350 563 2411 magni
580 2349 744 2410 contessoris,

132 2415 210 2465 lauda
227 2415 296 2477 pium
314 2415 443 2478 presulem
460 2415 533 2464 cuius
551 2421 590 2464 est
606 2415 701 2463 laboris

132 2481 253 2543 quicquid
270 2489 327 2530 tuas
343 2481 433 2530 ianuas
449 2481 516 2529 bene
534 2480 704 2529 confortauite

133 2547 254 2608 quicquid
272 2554 330 2596 tuos
347 2547 416 2595 filios
433 2547 482 2594 iam
499 2545 638 2595 letificauit.
671 2545 714 2594 Ps.
733 2544 822 2594 Lauda
840 2544 1013 2598 Hierusalem.

56 2611 113 2675 Cap.
131 2612 200 2662 Ecce
217 2613 340 2662 sacerdos
357 2612 436 2674 (Eccl
448 2612 464 2660 l.
479 2615 513 2670 1).

54 2676 86 2726 R.
134 2678 211 2727 Miles
228 2685 255 2727 et
271 2679 337 2726 alme
353 2685 428 2740 pater
445 2677 587 2740 Osmunde,
606 2676 648 2725 dei
664 2676 751 2738 gregis
768 2683 865 2742 auctor,

133 2743 239 2792 Christo
256 2743 334 2792 funde
351 2757 443 2805 preces
459 2751 562 2791 nostras
579 2744 605 2790 et
622 2741 697 2790 ablue
714 2741 809 2803 culpas.

58 2805 84 2857 V.
131 2807 167 2858 Vt
185 2823 235 2857 nos
250 2809 303 2857 vite
319 2809 409 2858 sedem
426 2807 556 2857 valeamus
572 2809 697 2856 scandere
715 2808 817 2870 celsam,

133 2875 249 2924 Christo.

56 2935 175 2999 Hymnus
192 2940 247 2989 lste
264 2940 404 2990 consessor.
442 2938 470 2988 V.
486 2938 597 2988 Amauit.

56 3005 114 3054 Ant.
135 3005 278 3054 Confessor
294 3005 398 3064 domini,
417 3005 536 3067 precibus
553 3001 693 3054 succurre⁵
707 3002 783 3071 plebi,

133 3079 161 3120 vt
177 3070 251 3119 viciis
268 3071 341 3119 vacui
357 3071 458 3118 valeant
476 3070 520 3117 tibi
538 3069 693 3119 consociari:

134 3145 162 3186 et
178 3143 224 3185 tua
239 3151 306 3198 quos
324 3135 424 3198 reperis
441 3135 560 3184 solennia
576 3135 767 3197 preuenientea,

134 3209 162 3251 tu
180 3201 269 3264 populi
287 3203 377 3250 doctor
393 3200 433 3250 lac
449 3207 475 3250 vt
492 3208 576 3250 tecum
595 3201 756 3250 comitentur.
792 3199 836 3248 Ps.
855 3199 1010 3262 Magnifica&

57 3263 148 3317 Oratio.
167 3267 240 3316 Deus
257 3267 328 3316 cuius
344 3267 449 3328 antiqua
466 3267 588 3314 miracula
604 3265 681 3314 etiam
699 3265 795 3313 nostris
812 3265 969 3328 temporibus
986 3266 1018 3315 ad
1036 3266 1072 3315 tui
1091 3265 1204 3316 nominis

183 3331 401 3394 magnificentiam
413 3347 443 3380 ac
457 3332 557 3380 laudem
572 3338 599 3379 et
615 3332 741 3379 honorem
756 3331 839 3379 sancti
853 3331 1010 3380 confessoris
1026 3332 1061 3380 tui
1075 3331 1203 3380 Osmundi

185 3400 341 3448 choruscare
359 3397 499 3447 sentimus:
519 3397 634 3445 concede
651 3396 781 3458 propicius
795 3403 822 3444 vt
840 3397 912 3445 euius
930 3397 1124 3446 translationem
1140 3398 1203 3446 eoli-

183 3479 249 3524 mus,
262 3464 318 3512 eius
334 3462 563 3512 intercessionibus
580 3467 607 3511 et
623 3462 650 3509 in
667 3461 783 3524 presenti
795 3461 884 3511 sectilo
901 3469 927 3513 te
944 3463 1125 3525 glorificemus,
1137 3471 1165 3514 et
1175 3464 1204 3515 iu

185 3530 272 3578 futuro
284 3536 310 3577 te
322 3528 418 3591 perfrui
430 3543 579 3588 mereamur,
592 3542 646 3589 per.

57 3589 239 3644 invitatorium
260 3594 433 3656 Omnipotens
450 3593 568 3642 dominus
584 3593 703 3641 laudetur
718 3592 793 3642 trinis
810 3600 837 3642 et
855 3607 930 3657 unus,

135 3660 185 3721 Qui
202 3660 274 3710 dedit
291 3659 427 3708 Osmundo
444 3659 550 3708 celestia
565 3673 648 3720 regna
664 3659 747 3706 beato.

58 3720 100 3774 Ps.
131 3725 234 3776 Venite.
270 3725 394 3789 Hymnus
411 3724 465 3776 Iste
482 3724 616 3774 confessor
632 3724 739 3775 domini.

486 3823 519 3872 In
531 3823 617 3886 pruno
632 3822 777 3874 Nocturna:

59 3903 117 3954 Ant
135 3906 218 3957 Natus
235 3921 297 3956 mox
314 3906 458 3955 renascitur
475 3904 625 3954 osmundus
642 3905 712 3954 sonte
729 3905 807 3964 lotus,

59 4031 83 4081 Α
103 4040 113 4082 t
135 3973 269 4087 aAgulnctis
286 3971 646 4085 piacul⁸·teffeclmsl·l²tmr¹lll·u⁵
663 3977 740 4019 totus.
776 3969 822 4020 Ps.
841 3969 938 4020 Beatus
954 3971 1001 4022 vir.

86 4050 119 4085 n.

137 4111 163 4153 et
179 4052 411 4165 lyergcnegsslgegt
427 4049 627 4152 :erleamllitearil’
645 4099 687 4150 Ps.
708 4100 796 4162 Quare
812 4100 979 4151 fremuerunt.

59 4163 119 4216 Ant
140 4168 284 4218 iuuentutis
301 4169 427 4217 terminos
445 4168 560 4230 prudens
577 4167 746 4228 transigebat,

139 4249 224 4297 neque
241 4240 329 4283 contra
346 4234 463 4295 spiritum
481 4247 541 4284 oaro
557 4231 714 4295 preualebat.
748 4229 1008 4293 Palmataeque
1047 4227 1074 4279 V.
1091 4230 1203 4284 Amauit.

63 4295 144 4358 (Tnen
157 4300 260 4350 follows
273 4299 361 4348 Lectio
374 4298 407 4365 Ι.)

133 4379 144 4410 ⁸
158 4382 191 4431 al.
204 4381 348 4432 saluatoris.
448 4381 458 4410 ⁴
475 4380 508 4430 al.
520 4380 701 4430 desideratum.
800 4381 811 4412 ⁸
828 4393 847 4432 r.
860 4393 982 4430 succurre
993 4377 1126 4441 precibusl

94 4485 158 4532 vot.
170 4491 202 4534 11.
619 4489 641 4531 R
