<?xml version="1.0" encoding="UTF-8"?>
<!DOCTYPE html PUBLIC "-//W3C//DTD XHTML 1.0 Transitional//EN"
    "http://www.w3.org/TR/xhtml1/DTD/xhtml1-transitional.dtd">
<html xmlns="http://www.w3.org/1999/xhtml" xml:lang="en" lang="en">
 <head>
  <title>
</title>
<meta http-equiv="Content-Type" content="text/html;charset=utf-8" />
  <meta name='ocr-system' content='tesseract 3.04.00' />
  <meta name='ocr-capabilities' content='ocr_page ocr_carea ocr_par ocr_line ocrx_word'/>
</head>
<body>
  <div class='ocr_page' id='page_1' title='image "./novalegendaangl00wordgoog/novalegendaangl00wordgoog_0460.png"; bbox 0 0 3028 4894; ppageno 0'>
   <div class='ocr_carea' id='block_1_1' title="bbox 389 329 1247 430">
    <p class='ocr_par' dir='ltr' id='par_1_1' title="bbox 389 329 1247 430">
     <span class='ocr_line' id='line_1_1' title="bbox 389 329 1247 430; baseline -0.024 -3"><span class='ocrx_word' id='word_1_1' title='bbox 389 331 464 427; x_wconf 70' lang='lat' dir='ltr'>Dr</span> <span class='ocrx_word' id='word_1_2' title='bbox 488 329 653 422; x_wconf 56' lang='lat' dir='ltr'>&amp;torto</span> <span class='ocrx_word' id='word_1_3' title='bbox 678 330 962 419; x_wconf 81' lang='lat' dir='ltr'>ttttltittotuo.</span> <span class='ocrx_word' id='word_1_4' title='bbox 1177 355 1247 430; x_wconf 81' lang='lat'>451</span> 
     </span>
    </p>
   </div>
   <div class='ocr_carea' id='block_1_2' title="bbox 99 531 1300 3500">
    <p class='ocr_par' dir='ltr' id='par_1_2' title="bbox 99 531 1300 3500">
     <span class='ocr_line' id='line_1_2' title="bbox 99 531 1252 607; baseline 0.002 -19"><span class='ocrx_word' id='word_1_5' title='bbox 99 531 241 589; x_wconf 86' lang='lat' dir='ltr'>viderunt</span> <span class='ocrx_word' id='word_1_6' title='bbox 253 531 320 590; x_wconf 85' lang='lat' dir='ltr'>eain</span> <span class='ocrx_word' id='word_1_7' title='bbox 333 551 403 592; x_wconf 87' lang='lat' dir='ltr'>esse</span> <span class='ocrx_word' id='word_1_8' title='bbox 416 534 491 592; x_wconf 89' lang='lat' dir='ltr'>mire</span> <span class='ocrx_word' id='word_1_9' title='bbox 503 533 733 607; x_wconf 86' lang='lat' dir='ltr'>pulchritudinis</span> <span class='ocrx_word' id='word_1_10' title='bbox 745 543 775 590; x_wconf 88' lang='lat' dir='ltr'>et</span> <span class='ocrx_word' id='word_1_11' title='bbox 788 533 971 591; x_wconf 87' lang='lat' dir='ltr'>incredibilis</span> <span class='ocrx_word' id='word_1_12' title='bbox 984 533 1163 607; x_wconf 85' lang='lat' dir='ltr'>splendoris,</span> <span class='ocrx_word' id='word_1_13' title='bbox 1172 543 1203 591; x_wconf 88' lang='lat' dir='ltr'>et</span> <span class='ocrx_word' id='word_1_14' title='bbox 1220 535 1252 590; x_wconf 92' lang='lat' dir='ltr'>in</span> 
     </span>
     <span class='ocr_line' id='line_1_3' title="bbox 100 620 1252 695; baseline 0.002 -20"><span class='ocrx_word' id='word_1_15' title='bbox 100 638 138 675; x_wconf 88' lang='lat' dir='ltr'>ea</span> <span class='ocrx_word' id='word_1_16' title='bbox 154 620 297 678; x_wconf 85' lang='lat' dir='ltr'><strong>thronum</strong></span> <span class='ocrx_word' id='word_1_17' title='bbox 315 624 389 679; x_wconf 87' lang='lat' dir='ltr'>mire</span> <span class='ocrx_word' id='word_1_18' title='bbox 406 623 627 695; x_wconf 86' lang='lat' dir='ltr'>magnitudinis.</span> <span class='ocrx_word' id='word_1_19' title='bbox 664 622 749 679; x_wconf 93' lang='lat' dir='ltr'>Tunc</span> <span class='ocrx_word' id='word_1_20' title='bbox 768 623 872 679; x_wconf 90' lang='lat' dir='ltr'>ductor</span> <span class='ocrx_word' id='word_1_21' title='bbox 889 621 1005 678; x_wconf 90' lang='lat' dir='ltr'>itineris</span> <span class='ocrx_word' id='word_1_22' title='bbox 1023 621 1083 679; x_wconf 88' lang='lat' dir='ltr'>ait:</span> <span class='ocrx_word' id='word_1_23' title='bbox 1103 621 1188 678; x_wconf 86' lang='lat' dir='ltr'>‘Hec</span> <span class='ocrx_word' id='word_1_24' title='bbox 1205 631 1252 678; x_wconf 91' lang='lat' dir='ltr'>est</span> 
     </span>
     <span class='ocr_line' id='line_1_4' title="bbox 102 709 1253 782; baseline 0.003 -19"><span class='ocrx_word' id='word_1_25' title='bbox 102 709 219 764; x_wconf 88' lang='lat' dir='ltr'>mansio</span> <span class='ocrx_word' id='word_1_26' title='bbox 239 719 399 782; x_wconf 89' lang='lat' dir='ltr'>preparata</span> <span class='ocrx_word' id='word_1_27' title='bbox 421 709 580 766; x_wconf 87' lang='lat' dir='ltr'>Rathbodo</span> <span class='ocrx_word' id='word_1_28' title='bbox 602 709 687 766; x_wconf 70' lang='lat' dir='ltr'>duci!</span> <span class='ocrx_word' id='word_1_29' title='bbox 724 709 774 766; x_wconf 90' lang='lat' dir='ltr'>Ad</span> <span class='ocrx_word' id='word_1_30' title='bbox 794 710 850 766; x_wconf 91' lang='lat' dir='ltr'>hec</span> <span class='ocrx_word' id='word_1_31' title='bbox 871 711 1015 767; x_wconf 89' lang='lat' dir='ltr'>diaconus</span> <span class='ocrx_word' id='word_1_32' title='bbox 1037 711 1253 781; x_wconf 84' lang='lat' dir='ltr'>obstupescens</span> 
     </span>
     <span class='ocr_line' id='line_1_5' title="bbox 101 794 1253 870; baseline 0.004 -21"><span class='ocrx_word' id='word_1_33' title='bbox 101 794 194 853; x_wconf 83' lang='lat' dir='ltr'>dixit:</span> <span class='ocrx_word' id='word_1_34' title='bbox 215 796 268 853; x_wconf 89' lang='lat' dir='ltr'>‘Si</span> <span class='ocrx_word' id='word_1_35' title='bbox 282 814 299 852; x_wconf 90' lang='lat' dir='ltr'>a</span> <span class='ocrx_word' id='word_1_36' title='bbox 311 797 369 854; x_wconf 90' lang='lat' dir='ltr'>deo</span> <span class='ocrx_word' id='word_1_37' title='bbox 381 797 458 854; x_wconf 89' lang='lat' dir='ltr'>sacta</span> <span class='ocrx_word' id='word_1_38' title='bbox 475 807 545 854; x_wconf 86' lang='lat' dir='ltr'>sunt</span> <span class='ocrx_word' id='word_1_39' title='bbox 562 797 626 864; x_wconf 89' lang='lat' dir='ltr'>ista,</span> <span class='ocrx_word' id='word_1_40' title='bbox 640 806 785 870; x_wconf 85' lang='lat' dir='ltr'>perpetuo</span> <span class='ocrx_word' id='word_1_41' title='bbox 801 805 959 854; x_wconf 91' lang='lat' dir='ltr'>maneant:</span> <span class='ocrx_word' id='word_1_42' title='bbox 979 796 1005 854; x_wconf 92' lang='lat' dir='ltr'>si</span> <span class='ocrx_word' id='word_1_43' title='bbox 1022 814 1040 853; x_wconf 90' lang='lat' dir='ltr'>a</span> <span class='ocrx_word' id='word_1_44' title='bbox 1056 797 1182 867; x_wconf 91' lang='lat' dir='ltr'>diabolo,</span> <span class='ocrx_word' id='word_1_45' title='bbox 1196 799 1253 854; x_wconf 93' lang='lat' dir='ltr'>cito</span> 
     </span>
     <span class='ocr_line' id='line_1_6' title="bbox 102 883 1282 958; baseline 0.003 -21"><span class='ocrx_word' id='word_1_46' title='bbox 102 883 293 956; x_wconf 69' lang='lat' dir='ltr'>dispereant!</span> <span class='ocrx_word' id='word_1_47' title='bbox 332 884 453 942; x_wconf 89' lang='lat' dir='ltr'>Etcum</span> <span class='ocrx_word' id='word_1_48' title='bbox 472 884 559 958; x_wconf 87' lang='lat' dir='ltr'>signo</span> <span class='ocrx_word' id='word_1_49' title='bbox 579 895 683 942; x_wconf 88' lang='lat' dir='ltr'>sancte</span> <span class='ocrx_word' id='word_1_50' title='bbox 701 883 798 942; x_wconf 87' lang='lat' dir='ltr'>crucis</span> <span class='ocrx_word' id='word_1_51' title='bbox 817 902 851 941; x_wconf 88' lang='lat' dir='ltr'>se</span> <span class='ocrx_word' id='word_1_52' title='bbox 869 884 1011 957; x_wconf 84' lang='lat' dir='ltr'>signaret,</span> <span class='ocrx_word' id='word_1_53' title='bbox 1025 885 1187 941; x_wconf 90' lang='lat' dir='ltr'>conductor</span> <span class='ocrx_word' id='word_1_54' title='bbox 1204 883 1282 952; x_wconf 64' lang='lat' dir='ltr'>illes</span> 
     </span>
     <span class='ocr_line' id='line_1_7' title="bbox 101 971 1253 1044; baseline 0.003 -19"><span class='ocrx_word' id='word_1_55' title='bbox 101 971 220 1027; x_wconf 88' lang='lat' dir='ltr'>transiit</span> <span class='ocrx_word' id='word_1_56' title='bbox 232 971 263 1028; x_wconf 90' lang='lat' dir='ltr'>in</span> <span class='ocrx_word' id='word_1_57' title='bbox 276 971 435 1042; x_wconf 90' lang='lat' dir='ltr'>diabolum,</span> <span class='ocrx_word' id='word_1_58' title='bbox 448 983 478 1029; x_wconf 91' lang='lat' dir='ltr'>et</span> <span class='ocrx_word' id='word_1_59' title='bbox 494 974 602 1028; x_wconf 91' lang='lat' dir='ltr'>domus</span> <span class='ocrx_word' id='word_1_60' title='bbox 615 989 706 1028; x_wconf 90' lang='lat' dir='ltr'>aurea</span> <span class='ocrx_word' id='word_1_61' title='bbox 718 973 748 1027; x_wconf 95' lang='lat' dir='ltr'>in</span> <span class='ocrx_word' id='word_1_62' title='bbox 762 972 873 1029; x_wconf 86' lang='lat' dir='ltr'>lutum:</span> <span class='ocrx_word' id='word_1_63' title='bbox 894 973 1097 1044; x_wconf 89' lang='lat' dir='ltr'>remansitque</span> <span class='ocrx_word' id='word_1_64' title='bbox 1110 972 1253 1028; x_wconf 90' lang='lat' dir='ltr'>diaconus</span> 
     </span>
     <span class='ocr_line' id='line_1_8' title="bbox 101 1058 1254 1133; baseline 0.003 -21"><span class='ocrx_word' id='word_1_65' title='bbox 101 1066 131 1113; x_wconf 91' lang='lat' dir='ltr'>et</span> <span class='ocrx_word' id='word_1_66' title='bbox 155 1058 179 1114; x_wconf 88' lang='lat' dir='ltr'>F</span> <span class='ocrx_word' id='word_1_67' title='bbox 180 1059 241 1115; x_wconf 91' lang='lat' dir='ltr'>riso</span> <span class='ocrx_word' id='word_1_68' title='bbox 265 1060 296 1116; x_wconf 94' lang='lat' dir='ltr'>in</span> <span class='ocrx_word' id='word_1_69' title='bbox 322 1061 422 1117; x_wconf 92' lang='lat' dir='ltr'>medio</span> <span class='ocrx_word' id='word_1_70' title='bbox 443 1060 575 1116; x_wconf 90' lang='lat' dir='ltr'>locorum</span> <span class='ocrx_word' id='word_1_71' title='bbox 596 1059 783 1133; x_wconf 80' lang='lat' dir='ltr'>palustrium,</span> <span class='ocrx_word' id='word_1_72' title='bbox 802 1077 861 1132; x_wconf 91' lang='lat' dir='ltr'>que</span> <span class='ocrx_word' id='word_1_73' title='bbox 885 1060 975 1133; x_wconf 88' lang='lat' dir='ltr'>plena</span> <span class='ocrx_word' id='word_1_74' title='bbox 1000 1068 1085 1116; x_wconf 86' lang='lat' dir='ltr'>erant</span> <span class='ocrx_word' id='word_1_75' title='bbox 1109 1059 1254 1132; x_wconf 89' lang='lat' dir='ltr'>virgultis.</span> 
     </span>
     <span class='ocr_line' id='line_1_9' title="bbox 100 1145 1253 1221; baseline 0.002 -20"><span class='ocrx_word' id='word_1_76' title='bbox 100 1145 215 1202; x_wconf 81' lang='lat' dir='ltr'>Triduo</span> <span class='ocrx_word' id='word_1_77' title='bbox 233 1164 305 1220; x_wconf 88' lang='lat' dir='ltr'>ergo</span> <span class='ocrx_word' id='word_1_78' title='bbox 324 1147 506 1205; x_wconf 89' lang='lat' dir='ltr'>immensum</span> <span class='ocrx_word' id='word_1_79' title='bbox 526 1147 642 1204; x_wconf 88' lang='lat' dir='ltr'>itineris</span> <span class='ocrx_word' id='word_1_80' title='bbox 661 1147 864 1218; x_wconf 86' lang='lat' dir='ltr'>conficientes,</span> <span class='ocrx_word' id='word_1_81' title='bbox 884 1147 1000 1204; x_wconf 89' lang='lat' dir='ltr'>reuersi</span> <span class='ocrx_word' id='word_1_82' title='bbox 1020 1148 1147 1205; x_wconf 90' lang='lat' dir='ltr'>suntad</span> <span class='ocrx_word' id='word_1_83' title='bbox 1167 1148 1253 1221; x_wconf 89' lang='lat' dir='ltr'>oppi-</span> 
     </span>
     <span class='ocr_line' id='line_1_10' title="bbox 102 1234 1253 1307; baseline 0.003 -19"><span class='ocrx_word' id='word_1_84' title='bbox 102 1234 210 1290; x_wconf 91' lang='lat' dir='ltr'>dum¹:</span> <span class='ocrx_word' id='word_1_85' title='bbox 243 1244 272 1291; x_wconf 93' lang='lat' dir='ltr'>et</span> <span class='ocrx_word' id='word_1_86' title='bbox 302 1237 410 1292; x_wconf 91' lang='lat' dir='ltr'>ducem</span> <span class='ocrx_word' id='word_1_87' title='bbox 440 1254 458 1292; x_wconf 90' lang='lat' dir='ltr'>a</span> <span class='ocrx_word' id='word_1_88' title='bbox 488 1237 616 1292; x_wconf 89' lang='lat' dir='ltr'>demone</span> <span class='ocrx_word' id='word_1_89' title='bbox 647 1235 839 1306; x_wconf 85' lang='lat' dir='ltr'>ludificatum,</span> <span class='ocrx_word' id='word_1_90' title='bbox 867 1235 982 1292; x_wconf 82' lang='lat' dir='ltr'>subita²</span> <span class='ocrx_word' id='word_1_91' title='bbox 1009 1243 1106 1291; x_wconf 88' lang='lat' dir='ltr'>morte</span> <span class='ocrx_word' id='word_1_92' title='bbox 1136 1235 1253 1307; x_wconf 89' lang='lat' dir='ltr'>perisse</span> 
     </span>
     <span class='ocr_line' id='line_1_11' title="bbox 101 1321 1300 1396; baseline 0.005 -22"><span class='ocrx_word' id='word_1_93' title='bbox 101 1321 276 1392; x_wconf 90' lang='lat' dir='ltr'>inueniunt;</span> <span class='ocrx_word' id='word_1_94' title='bbox 301 1332 331 1379; x_wconf 91' lang='lat' dir='ltr'>et</span> <span class='ocrx_word' id='word_1_95' title='bbox 351 1341 411 1396; x_wconf 89' lang='lat' dir='ltr'>que</span> <span class='ocrx_word' id='word_1_96' title='bbox 429 1323 567 1381; x_wconf 89' lang='lat' dir='ltr'>viderant</span> <span class='ocrx_word' id='word_1_97' title='bbox 586 1331 690 1380; x_wconf 88' lang='lat' dir='ltr'>sancto</span> <span class='ocrx_word' id='word_1_98' title='bbox 708 1321 868 1379; x_wconf 81' lang='lat' dir='ltr'>Wlfranno</span> <span class='ocrx_word' id='word_1_99' title='bbox 889 1331 1055 1392; x_wconf 88' lang='lat' dir='ltr'>narrantes,</span> <span class='ocrx_word' id='word_1_100' title='bbox 1076 1323 1100 1379; x_wconf 88' lang='lat' dir='ltr'><strong>F</strong></span> <span class='ocrx_word' id='word_1_101' title='bbox 1102 1323 1162 1380; x_wconf 91' lang='lat' dir='ltr'>riso</span> <span class='ocrx_word' id='word_1_102' title='bbox 1182 1341 1253 1380; x_wconf 90' lang='lat' dir='ltr'>con·</span> <span class='ocrx_word' id='word_1_103' title='bbox 1270 1344 1300 1380; x_wconf 86' lang='lat' dir='ltr'>ro</span> 
     </span>
     <span class='ocr_line' id='line_1_12' title="bbox 102 1398 1253 1484; baseline 0.004 -21"><span class='ocrx_word' id='word_1_104' title='bbox 102 1407 204 1465; x_wconf 90' lang='lat' dir='ltr'>lestim</span> <span class='ocrx_word' id='word_1_105' title='bbox 229 1409 404 1484; x_wconf 89' lang='lat' dir='ltr'>baptizatur.</span> <span class='ocrx_word' id='word_1_106' title='bbox 483 1398 635 1484; x_wconf 77' lang='lat' dir='ltr'>⁸Pipinus</span> <span class='ocrx_word' id='word_1_107' title='bbox 660 1410 741 1466; x_wconf 90' lang='lat' dir='ltr'>enim</span> <span class='ocrx_word' id='word_1_108' title='bbox 757 1428 855 1483; x_wconf 89' lang='lat' dir='ltr'>.quem</span> <span class='ocrx_word' id='word_1_109' title='bbox 885 1420 1006 1468; x_wconf 90' lang='lat' dir='ltr'>sanctus</span> <span class='ocrx_word' id='word_1_110' title='bbox 1030 1410 1253 1468; x_wconf 89' lang='lat' dir='ltr'>Willebrordus</span> 
     </span>
     <span class='ocr_line' id='line_1_13' title="bbox 102 1496 1254 1571; baseline 0.003 -21"><span class='ocrx_word' id='word_1_111' title='bbox 102 1496 258 1568; x_wconf 86' lang='lat' dir='ltr'>baptizans</span> <span class='ocrx_word' id='word_1_112' title='bbox 272 1515 414 1571; x_wconf 90' lang='lat' dir='ltr'>magnum</span> <span class='ocrx_word' id='word_1_113' title='bbox 428 1498 558 1556; x_wconf 83' lang='lat' dir='ltr'>futurum</span> <span class='ocrx_word' id='word_1_114' title='bbox 572 1497 718 1571; x_wconf 80' lang='lat' dir='ltr'>predixit:</span> <span class='ocrx_word' id='word_1_115' title='bbox 738 1497 769 1554; x_wconf 92' lang='lat' dir='ltr'>in</span> <span class='ocrx_word' id='word_1_116' title='bbox 782 1499 927 1571; x_wconf 87' lang='lat' dir='ltr'>regimine</span> <span class='ocrx_word' id='word_1_117' title='bbox 940 1498 1047 1555; x_wconf 92' lang='lat' dir='ltr'>domus</span> <span class='ocrx_word' id='word_1_118' title='bbox 1065 1500 1148 1571; x_wconf 87' lang='lat' dir='ltr'>regie</span> <span class='ocrx_word' id='word_1_119' title='bbox 1161 1499 1185 1554; x_wconf 86' lang='lat' dir='ltr'><strong>F</strong></span> <span class='ocrx_word' id='word_1_120' title='bbox 1186 1516 1254 1555; x_wconf 89' lang='lat' dir='ltr'>ran·</span> 
     </span>
     <span class='ocr_line' id='line_1_14' title="bbox 102 1585 1254 1657; baseline 0.005 -19"><span class='ocrx_word' id='word_1_121' title='bbox 102 1599 206 1640; x_wconf 89' lang='lat' dir='ltr'>corum</span> <span class='ocrx_word' id='word_1_122' title='bbox 219 1585 294 1657; x_wconf 93' lang='lat' dir='ltr'>patri</span> <span class='ocrx_word' id='word_1_123' title='bbox 308 1603 363 1642; x_wconf 92' lang='lat' dir='ltr'>suo</span> <span class='ocrx_word' id='word_1_124' title='bbox 373 1586 481 1643; x_wconf 91' lang='lat' dir='ltr'>Carolo</span> <span class='ocrx_word' id='word_1_125' title='bbox 491 1585 653 1654; x_wconf 90' lang='lat' dir='ltr'>successit;</span> <span class='ocrx_word' id='word_1_126' title='bbox 672 1587 726 1642; x_wconf 87' lang='lat' dir='ltr'>sed</span> <span class='ocrx_word' id='word_1_127' title='bbox 738 1603 807 1642; x_wconf 91' lang='lat' dir='ltr'>cum</span> <span class='ocrx_word' id='word_1_128' title='bbox 819 1603 874 1642; x_wconf 88' lang='lat' dir='ltr'>rex</span> <span class='ocrx_word' id='word_1_129' title='bbox 888 1585 1069 1646; x_wconf 88' lang='lat' dir='ltr'>Francorum</span> <span class='ocrx_word' id='word_1_130' title='bbox 1082 1587 1254 1644; x_wconf 86' lang='lat' dir='ltr'>Hildericus</span> 
     </span>
     <span class='ocr_line' id='line_1_15' title="bbox 101 1671 1253 1747; baseline 0.004 -21"><span class='ocrx_word' id='word_1_131' title='bbox 101 1681 185 1728; x_wconf 88' lang='lat' dir='ltr'>esset</span> <span class='ocrx_word' id='word_1_132' title='bbox 204 1671 316 1730; x_wconf 91' lang='lat' dir='ltr'>inutilis</span> <span class='ocrx_word' id='word_1_133' title='bbox 334 1682 364 1730; x_wconf 90' lang='lat' dir='ltr'>et</span> <span class='ocrx_word' id='word_1_134' title='bbox 382 1673 537 1744; x_wconf 87' lang='lat' dir='ltr'>remissus,</span> <span class='ocrx_word' id='word_1_135' title='bbox 557 1673 690 1746; x_wconf 86' lang='lat' dir='ltr'>nihilque</span> <span class='ocrx_word' id='word_1_136' title='bbox 709 1674 747 1729; x_wconf 91' lang='lat' dir='ltr'>de</span> <span class='ocrx_word' id='word_1_137' title='bbox 765 1691 859 1747; x_wconf 87' lang='lat' dir='ltr'>regno</span> <span class='ocrx_word' id='word_1_138' title='bbox 877 1682 977 1746; x_wconf 91' lang='lat' dir='ltr'>preter</span> <span class='ocrx_word' id='word_1_139' title='bbox 995 1674 1074 1746; x_wconf 86' lang='lat' dir='ltr'>regis</span> <span class='ocrx_word' id='word_1_140' title='bbox 1093 1691 1204 1731; x_wconf 91' lang='lat' dir='ltr'>nomen</span> <span class='ocrx_word' id='word_1_141' title='bbox 1223 1684 1253 1732; x_wconf 92' lang='lat' dir='ltr'>et</span> 
     </span>
     <span class='ocr_line' id='line_1_16' title="bbox 101 1759 1298 1836; baseline 0.005 -22"><span class='ocrx_word' id='word_1_142' title='bbox 101 1759 215 1816; x_wconf 91' lang='lat' dir='ltr'>victum</span> <span class='ocrx_word' id='word_1_143' title='bbox 237 1761 414 1835; x_wconf 86' lang='lat' dir='ltr'>perciperet,</span> <span class='ocrx_word' id='word_1_144' title='bbox 434 1761 586 1835; x_wconf 87' lang='lat' dir='ltr'>inquisiuit</span> <span class='ocrx_word' id='word_1_145' title='bbox 612 1761 736 1834; x_wconf 86' lang='lat' dir='ltr'>Pipinus</span> <span class='ocrx_word' id='word_1_146' title='bbox 756 1778 812 1834; x_wconf 90' lang='lat' dir='ltr'>per</span> <span class='ocrx_word' id='word_1_147' title='bbox 836 1762 948 1836; x_wconf 89' lang='lat' dir='ltr'>legatos</span> <span class='ocrx_word' id='word_1_148' title='bbox 967 1779 985 1820; x_wconf 87' lang='lat' dir='ltr'>a</span> <span class='ocrx_word' id='word_1_149' title='bbox 1006 1760 1150 1818; x_wconf 86' lang='lat' dir='ltr'>Zacharia</span> <span class='ocrx_word' id='word_1_150' title='bbox 1174 1779 1253 1835; x_wconf 89' lang='lat' dir='ltr'>papa</span> <span class='ocrx_word' id='word_1_151' title='bbox 1269 1785 1298 1835; x_wconf 85' lang='lat'>¹5</span> 
     </span>
     <span class='ocr_line' id='line_1_17' title="bbox 101 1849 1253 1928; baseline 0.003 -25"><span class='ocrx_word' id='word_1_152' title='bbox 101 1857 203 1904; x_wconf 90' lang='lat' dir='ltr'>vtrurn</span> <span class='ocrx_word' id='word_1_153' title='bbox 216 1849 265 1905; x_wconf 88' lang='lat' dir='ltr'>ille</span> <span class='ocrx_word' id='word_1_154' title='bbox 278 1851 402 1906; x_wconf 88' lang='lat' dir='ltr'>deberet</span> <span class='ocrx_word' id='word_1_155' title='bbox 415 1867 483 1906; x_wconf 88' lang='lat' dir='ltr'>esse</span> <span class='ocrx_word' id='word_1_156' title='bbox 496 1868 551 1906; x_wconf 89' lang='lat' dir='ltr'>rex</span> <span class='ocrx_word' id='word_1_157' title='bbox 569 1849 592 1906; x_wconf 88' lang='lat' dir='ltr'>F</span> <span class='ocrx_word' id='word_1_158' title='bbox 594 1849 696 1906; x_wconf 88' lang='lat' dir='ltr'>rancie</span> <span class='ocrx_word' id='word_1_159' title='bbox 709 1851 759 1922; x_wconf 92' lang='lat' dir='ltr'>qui</span> <span class='ocrx_word' id='word_1_160' title='bbox 772 1850 837 1906; x_wconf 91' lang='lat' dir='ltr'>solo</span> <span class='ocrx_word' id='word_1_161' title='bbox 853 1849 936 1922; x_wconf 89' lang='lat' dir='ltr'>regio</span> <span class='ocrx_word' id='word_1_162' title='bbox 955 1849 1076 1928; x_wconf 84' lang='lat' dir='ltr'>nornine</span> <span class='ocrx_word' id='word_1_163' title='bbox 1095 1858 1253 1907; x_wconf 89' lang='lat' dir='ltr'>contentus</span> 
     </span>
     <span class='ocr_line' id='line_1_18' title="bbox 101 1936 1252 2011; baseline 0.003 -19"><span class='ocrx_word' id='word_1_164' title='bbox 101 1937 168 1992; x_wconf 88' lang='lat' dir='ltr'>ocio</span> <span class='ocrx_word' id='word_1_165' title='bbox 193 1937 311 1994; x_wconf 91' lang='lat' dir='ltr'>deditus</span> <span class='ocrx_word' id='word_1_166' title='bbox 336 1947 408 1995; x_wconf 87' lang='lat' dir='ltr'>erat.</span> <span class='ocrx_word' id='word_1_167' title='bbox 457 1937 513 1994; x_wconf 91' lang='lat' dir='ltr'>Cui</span> <span class='ocrx_word' id='word_1_168' title='bbox 538 1937 673 2011; x_wconf 82' lang='lat' dir='ltr'>pontifex</span> <span class='ocrx_word' id='word_1_169' title='bbox 703 1936 869 2010; x_wconf 87' lang='lat' dir='ltr'>rescripsit,</span> <span class='ocrx_word' id='word_1_170' title='bbox 893 1937 977 1992; x_wconf 91' lang='lat' dir='ltr'>illurn</span> <span class='ocrx_word' id='word_1_171' title='bbox 1007 1937 1118 1993; x_wconf 91' lang='lat' dir='ltr'>debere</span> <span class='ocrx_word' id='word_1_172' title='bbox 1149 1954 1252 2010; x_wconf 88' lang='lat' dir='ltr'>regern</span> 
     </span>
     <span class='ocr_line' id='line_1_19' title="bbox 101 2023 1285 2098; baseline 0.003 -19"><span class='ocrx_word' id='word_1_173' title='bbox 101 2023 249 2097; x_wconf 90' lang='lat' dir='ltr'>appellari</span> <span class='ocrx_word' id='word_1_174' title='bbox 267 2034 297 2081; x_wconf 93' lang='lat' dir='ltr'>et</span> <span class='ocrx_word' id='word_1_175' title='bbox 316 2043 385 2082; x_wconf 90' lang='lat' dir='ltr'>esse</span> <span class='ocrx_word' id='word_1_176' title='bbox 404 2025 456 2098; x_wconf 87' lang='lat' dir='ltr'>qui</span> <span class='ocrx_word' id='word_1_177' title='bbox 475 2027 551 2082; x_wconf 92' lang='lat' dir='ltr'>bene</span> <span class='ocrx_word' id='word_1_178' title='bbox 568 2025 785 2098; x_wconf 89' lang='lat' dir='ltr'>rempublicam</span> <span class='ocrx_word' id='word_1_179' title='bbox 807 2033 933 2097; x_wconf 88' lang='lat' dir='ltr'>regeret.</span> <span class='ocrx_word' id='word_1_180' title='bbox 972 2023 1038 2094; x_wconf 85' lang='lat' dir='ltr'>Qua</span> <span class='ocrx_word' id='word_1_181' title='bbox 1055 2025 1253 2098; x_wconf 86' lang='lat' dir='ltr'>responsione</span> <span class='ocrx_word' id='word_1_182' title='bbox 1283 2061 1285 2066; x_wconf 93' lang='lat'>-</span> 
     </span>
     <span class='ocr_line' id='line_1_20' title="bbox 103 2111 1252 2185; baseline 0.002 -18"><span class='ocrx_word' id='word_1_183' title='bbox 103 2111 210 2168; x_wconf 87' lang='lat' dir='ltr'>Franci</span> <span class='ocrx_word' id='word_1_184' title='bbox 231 2113 362 2183; x_wconf 85' lang='lat' dir='ltr'>animati,</span> <span class='ocrx_word' id='word_1_185' title='bbox 384 2112 539 2169; x_wconf 90' lang='lat' dir='ltr'>Hilden&#39;co</span> <span class='ocrx_word' id='word_1_186' title='bbox 559 2130 631 2185; x_wconf 87' lang='lat' dir='ltr'>rege</span> <span class='ocrx_word' id='word_1_187' title='bbox 651 2112 681 2169; x_wconf 93' lang='lat' dir='ltr'>in</span> <span class='ocrx_word' id='word_1_188' title='bbox 704 2113 919 2169; x_wconf 90' lang='lat' dir='ltr'>monasterium</span> <span class='ocrx_word' id='word_1_189' title='bbox 940 2112 1063 2168; x_wconf 88' lang='lat' dir='ltr'>detruso</span> <span class='ocrx_word' id='word_1_190' title='bbox 1085 2121 1115 2168; x_wconf 92' lang='lat' dir='ltr'>et</span> <span class='ocrx_word' id='word_1_191' title='bbox 1136 2112 1168 2168; x_wconf 91' lang='lat' dir='ltr'>in</span> <span class='ocrx_word' id='word_1_192' title='bbox 1189 2129 1252 2169; x_wconf 90' lang='lat' dir='ltr'>rno-</span> 
     </span>
     <span class='ocr_line' id='line_1_21' title="bbox 102 2187 1300 2274; baseline 0.003 -20"><span class='ocrx_word' id='word_1_193' title='bbox 102 2198 233 2256; x_wconf 88' lang='lat' dir='ltr'>nachum</span> <span class='ocrx_word' id='word_1_194' title='bbox 256 2209 418 2270; x_wconf 85' lang='lat' dir='ltr'>tonsorato,</span> <span class='ocrx_word' id='word_1_195' title='bbox 444 2200 583 2273; x_wconf 91' lang='lat' dir='ltr'>Pipinum</span> <span class='ocrx_word' id='word_1_196' title='bbox 608 2208 777 2257; x_wconf 89' lang='lat' dir='ltr'>erexerunt.</span> <span class='ocrx_word' id='word_1_197' title='bbox 861 2187 1015 2258; x_wconf 76' lang='lat' dir='ltr'>*Carolus</span> <span class='ocrx_word' id='word_1_198' title='bbox 1041 2199 1129 2256; x_wconf 91' lang='lat' dir='ltr'>huius</span> <span class='ocrx_word' id='word_1_199' title='bbox 1154 2199 1253 2274; x_wconf 90' lang='lat' dir='ltr'>Pipini</span> <span class='ocrx_word' id='word_1_200' title='bbox 1269 2220 1300 2258; x_wconf 80' lang='lat' dir='ltr'>ao</span> 
     </span>
     <span class='ocr_line' id='line_1_22' title="bbox 102 2286 1253 2360; baseline 0.003 -18"><span class='ocrx_word' id='word_1_201' title='bbox 102 2296 190 2358; x_wconf 89' lang='lat' dir='ltr'>pater</span> <span class='ocrx_word' id='word_1_202' title='bbox 211 2305 250 2344; x_wconf 89' lang='lat' dir='ltr'>ex</span> <span class='ocrx_word' id='word_1_203' title='bbox 270 2288 436 2345; x_wconf 88' lang='lat' dir='ltr'>concubina</span> <span class='ocrx_word' id='word_1_204' title='bbox 455 2289 583 2360; x_wconf 85' lang='lat' dir='ltr'>genitus,</span> <span class='ocrx_word' id='word_1_205' title='bbox 603 2304 671 2344; x_wconf 90' lang='lat' dir='ltr'>curn</span> <span class='ocrx_word' id='word_1_206' title='bbox 691 2286 857 2344; x_wconf 89' lang='lat' dir='ltr'>sarracenis</span> <span class='ocrx_word' id='word_1_207' title='bbox 876 2305 915 2344; x_wconf 91' lang='lat' dir='ltr'>ex</span> <span class='ocrx_word' id='word_1_208' title='bbox 934 2286 1046 2344; x_wconf 83' lang='lat' dir='ltr'>Affrica</span> <span class='ocrx_word' id='word_1_209' title='bbox 1064 2288 1253 2346; x_wconf 87' lang='lat' dir='ltr'>venientibus</span> 
     </span>
     <span class='ocr_line' id='line_1_23' title="bbox 101 2374 1253 2449; baseline 0.003 -19"><span class='ocrx_word' id='word_1_210' title='bbox 101 2383 226 2430; x_wconf 88' lang='lat' dir='ltr'>strenue</span> <span class='ocrx_word' id='word_1_211' title='bbox 238 2377 389 2448; x_wconf 90' lang='lat' dir='ltr'>pugnauit,</span> <span class='ocrx_word' id='word_1_212' title='bbox 402 2393 514 2449; x_wconf 89' lang='lat' dir='ltr'>cogens</span> <span class='ocrx_word' id='word_1_213' title='bbox 526 2393 579 2432; x_wconf 91' lang='lat' dir='ltr'>eos</span> <span class='ocrx_word' id='word_1_214' title='bbox 592 2376 622 2431; x_wconf 93' lang='lat' dir='ltr'>in</span> <span class='ocrx_word' id='word_1_215' title='bbox 636 2392 695 2432; x_wconf 90' lang='lat' dir='ltr'>vno</span> <span class='ocrx_word' id='word_1_216' title='bbox 707 2375 786 2431; x_wconf 92' lang='lat' dir='ltr'>bello</span> <span class='ocrx_word' id='word_1_217' title='bbox 799 2375 878 2447; x_wconf 92' lang='lat' dir='ltr'>apud</span> <span class='ocrx_word' id='word_1_218' title='bbox 893 2374 1063 2445; x_wconf 90' lang='lat' dir='ltr'>Pictauiam,</span> <span class='ocrx_word' id='word_1_219' title='bbox 1074 2382 1103 2432; x_wconf 91' lang='lat' dir='ltr'>et</span> <span class='ocrx_word' id='word_1_220' title='bbox 1116 2377 1146 2432; x_wconf 95' lang='lat' dir='ltr'>in</span> <span class='ocrx_word' id='word_1_221' title='bbox 1159 2376 1253 2433; x_wconf 89' lang='lat' dir='ltr'>altero</span> 
     </span>
     <span class='ocr_line' id='line_1_24' title="bbox 102 2461 1253 2537; baseline 0.003 -20"><span class='ocrx_word' id='word_1_222' title='bbox 102 2463 185 2534; x_wconf 88' lang='lat' dir='ltr'>apud</span> <span class='ocrx_word' id='word_1_223' title='bbox 199 2463 380 2534; x_wconf 89' lang='lat' dir='ltr'>Narbonam‚</span> <span class='ocrx_word' id='word_1_224' title='bbox 394 2464 582 2520; x_wconf 89' lang='lat' dir='ltr'>retrocedere</span> <span class='ocrx_word' id='word_1_225' title='bbox 594 2463 632 2519; x_wconf 92' lang='lat' dir='ltr'>ad</span> <span class='ocrx_word' id='word_1_226' title='bbox 648 2461 835 2535; x_wconf 85' lang='lat' dir='ltr'>Hispaniam.</span> <span class='ocrx_word' id='word_1_227' title='bbox 874 2461 908 2519; x_wconf 94' lang='lat' dir='ltr'>ln</span> <span class='ocrx_word' id='word_1_228' title='bbox 929 2462 1036 2535; x_wconf 87' lang='lat' dir='ltr'>quibus</span> <span class='ocrx_word' id='word_1_229' title='bbox 1056 2463 1143 2520; x_wconf 93' lang='lat' dir='ltr'>bellis</span> <span class='ocrx_word' id='word_1_230' title='bbox 1161 2465 1253 2537; x_wconf 92' lang='lat' dir='ltr'>quad·</span> 
     </span>
     <span class='ocr_line' id='line_1_25' title="bbox 101 2550 1253 2624; baseline 0.002 -18"><span class='ocrx_word' id='word_1_231' title='bbox 101 2550 240 2623; x_wconf 87' lang='lat' dir='ltr'>ringenta</span> <span class='ocrx_word' id='word_1_232' title='bbox 253 2551 407 2623; x_wconf 90' lang='lat' dir='ltr'>sexaginta</span> <span class='ocrx_word' id='word_1_233' title='bbox 419 2551 552 2624; x_wconf 90' lang='lat' dir='ltr'>quinque</span> <span class='ocrx_word' id='word_1_234' title='bbox 565 2550 646 2607; x_wconf 88' lang='lat' dir='ltr'>milia</span> <span class='ocrx_word' id='word_1_235' title='bbox 658 2567 883 2607; x_wconf 85' lang='lat' dir='ltr'>sarracenorum</span> <span class='ocrx_word' id='word_1_236' title='bbox 895 2559 965 2606; x_wconf 90' lang='lat' dir='ltr'>sunt</span> <span class='ocrx_word' id='word_1_237' title='bbox 977 2550 1083 2607; x_wconf 92' lang='lat' dir='ltr'>occisa.</span> <span class='ocrx_word' id='word_1_238' title='bbox 1107 2551 1253 2624; x_wconf 88' lang='lat' dir='ltr'>Pugnauit</span> 
     </span>
     <span class='ocr_line' id='line_1_26' title="bbox 100 2636 1297 2710; baseline -0.001 -16"><span class='ocrx_word' id='word_1_239' title='bbox 100 2639 192 2694; x_wconf 91' lang='lat' dir='ltr'>etiarn</span> <span class='ocrx_word' id='word_1_240' title='bbox 208 2647 311 2695; x_wconf 90' lang='lat' dir='ltr'>contra</span> <span class='ocrx_word' id='word_1_241' title='bbox 329 2639 467 2696; x_wconf 85' lang='lat' dir='ltr'>Saxones</span> <span class='ocrx_word' id='word_1_242' title='bbox 484 2646 514 2695; x_wconf 92' lang='lat' dir='ltr'>et</span> <span class='ocrx_word' id='word_1_243' title='bbox 530 2638 687 2708; x_wconf 88' lang='lat' dir='ltr'>Bauarros,</span> <span class='ocrx_word' id='word_1_244' title='bbox 700 2654 768 2694; x_wconf 91' lang='lat' dir='ltr'>cum</span> <span class='ocrx_word' id='word_1_245' title='bbox 788 2636 914 2695; x_wconf 85' lang='lat' dir='ltr'>Eudone</span> <span class='ocrx_word' id='word_1_246' title='bbox 926 2637 1108 2710; x_wconf 84' lang='lat' dir='ltr'>Aquitannie</span> <span class='ocrx_word' id='word_1_247' title='bbox 1121 2639 1207 2705; x_wconf 91' lang='lat' dir='ltr'>duce,</span> <span class='ocrx_word' id='word_1_248' title='bbox 1224 2647 1253 2696; x_wconf 89' lang='lat' dir='ltr'>et</span> <span class='ocrx_word' id='word_1_249' title='bbox 1268 2657 1297 2709; x_wconf 82' lang='lat'>²⁵</span> 
     </span>
     <span class='ocr_line' id='line_1_27' title="bbox 103 2724 1252 2798; baseline 0.003 -17"><span class='ocrx_word' id='word_1_250' title='bbox 103 2725 278 2782; x_wconf 80' lang='lat' dir='ltr'>Ranfredo⁶</span> <span class='ocrx_word' id='word_1_251' title='bbox 302 2726 409 2782; x_wconf 91' lang='lat' dir='ltr'>comite</span> <span class='ocrx_word' id='word_1_252' title='bbox 434 2726 619 2798; x_wconf 87' lang='lat' dir='ltr'>Andegauie.</span> <span class='ocrx_word' id='word_1_253' title='bbox 657 2724 720 2782; x_wconf 90' lang='lat' dir='ltr'>lste</span> <span class='ocrx_word' id='word_1_254' title='bbox 749 2725 876 2782; x_wconf 87' lang='lat' dir='ltr'>Carolus</span> <span class='ocrx_word' id='word_1_255' title='bbox 900 2735 1024 2798; x_wconf 92' lang='lat' dir='ltr'>propter</span> <span class='ocrx_word' id='word_1_256' title='bbox 1047 2726 1252 2784; x_wconf 86' lang='lat' dir='ltr'>assiduitatem</span> 
     </span>
     <span class='ocr_line' id='line_1_28' title="bbox 100 2813 1252 2887; baseline 0.001 -17"><span class='ocrx_word' id='word_1_257' title='bbox 100 2813 248 2870; x_wconf 89' lang='lat' dir='ltr'>bellorum</span> <span class='ocrx_word' id='word_1_258' title='bbox 259 2813 270 2846; x_wconf 82' lang='lat'><strong>⁶</strong></span> <span class='ocrx_word' id='word_1_259' title='bbox 281 2815 482 2887; x_wconf 86' lang='lat' dir='ltr'>ingruentium</span> <span class='ocrx_word' id='word_1_260' title='bbox 497 2813 618 2870; x_wconf 87' lang='lat' dir='ltr'>tradidit</span> <span class='ocrx_word' id='word_1_261' title='bbox 631 2813 713 2870; x_wconf 87' lang='lat' dir='ltr'>laicis</span> <span class='ocrx_word' id='word_1_262' title='bbox 726 2830 777 2870; x_wconf 89' lang='lat' dir='ltr'>res</span> <span class='ocrx_word' id='word_1_263' title='bbox 790 2813 926 2870; x_wconf 88' lang='lat' dir='ltr'>ecclesie.</span> <span class='ocrx_word' id='word_1_264' title='bbox 964 2813 1062 2884; x_wconf 84' lang='lat' dir='ltr'>Quam</span> <span class='ocrx_word' id='word_1_265' title='bbox 1075 2815 1114 2870; x_wconf 94' lang='lat' dir='ltr'>ob</span> <span class='ocrx_word' id='word_1_266' title='bbox 1133 2831 1252 2872; x_wconf 91' lang='lat' dir='ltr'>causam</span> 
     </span>
     <span class='ocr_line' id='line_1_29' title="bbox 100 2899 1253 2974; baseline 0 -16"><span class='ocrx_word' id='word_1_267' title='bbox 100 2910 224 2958; x_wconf 90' lang='lat' dir='ltr'>sanctus</span> <span class='ocrx_word' id='word_1_268' title='bbox 242 2901 434 2974; x_wconf 86' lang='lat' dir='ltr'>Eucher[i]us</span> <span class='ocrx_word' id='word_1_269' title='bbox 451 2901 668 2959; x_wconf 85' lang='lat' dir='ltr'>aurelianensis</span> <span class='ocrx_word' id='word_1_270' title='bbox 685 2902 845 2973; x_wconf 84' lang='lat' dir='ltr'>episcopus</span> <span class='ocrx_word' id='word_1_271' title='bbox 861 2899 891 2956; x_wconf 95' lang='lat' dir='ltr'>in</span> <span class='ocrx_word' id='word_1_272' title='bbox 904 2900 1038 2956; x_wconf 89' lang='lat' dir='ltr'>oratione</span> <span class='ocrx_word' id='word_1_273' title='bbox 1052 2900 1168 2974; x_wconf 91' lang='lat' dir='ltr'>positus</span> <span class='ocrx_word' id='word_1_274' title='bbox 1180 2901 1253 2958; x_wconf 89' lang='lat' dir='ltr'>vidit</span> 
     </span>
     <span class='ocr_line' id='line_1_30' title="bbox 100 2987 1252 3062; baseline 0.001 -18"><span class='ocrx_word' id='word_1_275' title='bbox 100 2989 204 3062; x_wconf 89' lang='lat' dir='ltr'>ipsum</span> <span class='ocrx_word' id='word_1_276' title='bbox 218 2988 356 3046; x_wconf 89' lang='lat' dir='ltr'>Carolum</span> <span class='ocrx_word' id='word_1_277' title='bbox 375 2988 525 3046; x_wconf 89' lang='lat' dir='ltr'>inanima</span> <span class='ocrx_word' id='word_1_278' title='bbox 546 2997 576 3045; x_wconf 94' lang='lat' dir='ltr'>et</span> <span class='ocrx_word' id='word_1_279' title='bbox 593 3005 719 3062; x_wconf 87' lang='lat' dir='ltr'>corpore</span> <span class='ocrx_word' id='word_1_280' title='bbox 737 2988 816 3061; x_wconf 91' lang='lat' dir='ltr'>apud</span> <span class='ocrx_word' id='word_1_281' title='bbox 836 2987 985 3044; x_wconf 83' lang='lat' dir='ltr'>infernum</span> <span class='ocrx_word' id='word_1_282' title='bbox 1004 2987 1174 3045; x_wconf 76' lang='lat' dir='ltr'>iulet-iorem</span> <span class='ocrx_word' id='word_1_283' title='bbox 1193 2999 1252 3045; x_wconf 90' lang='lat' dir='ltr'>tor·</span> 
     </span>
     <span class='ocr_line' id='line_1_31' title="bbox 100 3075 1299 3150; baseline 0.003 -18"><span class='ocrx_word' id='word_1_284' title='bbox 100 3075 196 3149; x_wconf 90' lang='lat' dir='ltr'>queri.</span> <span class='ocrx_word' id='word_1_285' title='bbox 232 3077 370 3150; x_wconf 88' lang='lat' dir='ltr'>Angelus</span> <span class='ocrx_word' id='word_1_286' title='bbox 394 3086 494 3134; x_wconf 90' lang='lat' dir='ltr'>autem</span> <span class='ocrx_word' id='word_1_287' title='bbox 519 3075 570 3149; x_wconf 92' lang='lat' dir='ltr'>qui</span> <span class='ocrx_word' id='word_1_288' title='bbox 595 3077 702 3133; x_wconf 91' lang='lat' dir='ltr'>ductor</span> <span class='ocrx_word' id='word_1_289' title='bbox 726 3085 791 3132; x_wconf 87' lang='lat' dir='ltr'>erat</span> <span class='ocrx_word' id='word_1_290' title='bbox 815 3075 948 3148; x_wconf 91' lang='lat' dir='ltr'>episcopi</span> <span class='ocrx_word' id='word_1_291' title='bbox 972 3076 1011 3132; x_wconf 89' lang='lat' dir='ltr'>ad</span> <span class='ocrx_word' id='word_1_292' title='bbox 1035 3075 1093 3131; x_wconf 92' lang='lat' dir='ltr'>ista</span> <span class='ocrx_word' id='word_1_293' title='bbox 1115 3075 1252 3146; x_wconf 86' lang='lat' dir='ltr'>videnda,</span> <span class='ocrx_word' id='word_1_294' title='bbox 1268 3099 1299 3146; x_wconf 78' lang='lat'>³0</span> 
     </span>
     <span class='ocr_line' id='line_1_32' title="bbox 100 3163 1252 3236; baseline 0 -16"><span class='ocrx_word' id='word_1_295' title='bbox 100 3163 232 3221; x_wconf 86' lang='lat' dir='ltr'>asseruit</span> <span class='ocrx_word' id='word_1_296' title='bbox 256 3164 312 3221; x_wconf 92' lang='lat' dir='ltr'>hoc</span> <span class='ocrx_word' id='word_1_297' title='bbox 337 3181 406 3221; x_wconf 89' lang='lat' dir='ltr'>esse</span> <span class='ocrx_word' id='word_1_298' title='bbox 429 3163 570 3220; x_wconf 90' lang='lat' dir='ltr'>iudicium</span> <span class='ocrx_word' id='word_1_299' title='bbox 595 3163 728 3220; x_wconf 91' lang='lat' dir='ltr'>omniurn</span> <span class='ocrx_word' id='word_1_300' title='bbox 753 3163 872 3219; x_wconf 90' lang='lat' dir='ltr'>illorum</span> <span class='ocrx_word' id='word_1_301' title='bbox 894 3164 944 3236; x_wconf 90' lang='lat' dir='ltr'>qui</span> <span class='ocrx_word' id='word_1_302' title='bbox 963 3180 1013 3219; x_wconf 90' lang='lat' dir='ltr'>res</span> <span class='ocrx_word' id='word_1_303' title='bbox 1032 3180 1198 3236; x_wconf 89' lang='lat' dir='ltr'>pauperum</span> <span class='ocrx_word' id='word_1_304' title='bbox 1223 3173 1252 3220; x_wconf 89' lang='lat' dir='ltr'>et</span> 
     </span>
     <span class='ocr_line' id='line_1_33' title="bbox 102 3249 1254 3324; baseline 0.001 -17"><span class='ocrx_word' id='word_1_305' title='bbox 102 3251 231 3308; x_wconf 88' lang='lat' dir='ltr'>ecclesie</span> <span class='ocrx_word' id='word_1_306' title='bbox 250 3254 387 3324; x_wconf 91' lang='lat' dir='ltr'>rapiunt:</span> <span class='ocrx_word' id='word_1_307' title='bbox 408 3268 535 3324; x_wconf 89' lang='lat' dir='ltr'>quorum</span> <span class='ocrx_word' id='word_1_308' title='bbox 554 3268 604 3308; x_wconf 89' lang='lat' dir='ltr'>res</span> <span class='ocrx_word' id='word_1_309' title='bbox 623 3267 677 3307; x_wconf 90' lang='lat' dir='ltr'>rex</span> <span class='ocrx_word' id='word_1_310' title='bbox 695 3251 753 3307; x_wconf 89' lang='lat' dir='ltr'>iste</span> <span class='ocrx_word' id='word_1_311' title='bbox 771 3251 878 3324; x_wconf 87' lang='lat' dir='ltr'>rapuit.</span> <span class='ocrx_word' id='word_1_312' title='bbox 922 3249 1011 3307; x_wconf 88' lang='lat' dir='ltr'>Vnde</span> <span class='ocrx_word' id='word_1_313' title='bbox 1032 3251 1070 3307; x_wconf 88' lang='lat' dir='ltr'>ad</span> <span class='ocrx_word' id='word_1_314' title='bbox 1090 3251 1254 3308; x_wconf 89' lang='lat' dir='ltr'>denuncia-</span> 
     </span>
     <span class='ocr_line' id='line_1_34' title="bbox 100 3337 1254 3413; baseline 0.001 -17"><span class='ocrx_word' id='word_1_315' title='bbox 100 3340 215 3396; x_wconf 89' lang='lat' dir='ltr'>tionem</span> <span class='ocrx_word' id='word_1_316' title='bbox 229 3339 362 3412; x_wconf 91' lang='lat' dir='ltr'>episcopi</span> <span class='ocrx_word' id='word_1_317' title='bbox 376 3339 480 3396; x_wconf 86' lang='lat' dir='ltr'>Sancti</span> <span class='ocrx_word' id='word_1_318' title='bbox 497 3337 625 3395; x_wconf 91' lang='lat' dir='ltr'>Dionisii</span> <span class='ocrx_word' id='word_1_319' title='bbox 641 3339 734 3396; x_wconf 85' lang='lat' dir='ltr'>abbas</span> <span class='ocrx_word' id='word_1_320' title='bbox 750 3347 780 3396; x_wconf 94' lang='lat' dir='ltr'>et</span> <span class='ocrx_word' id='word_1_321' title='bbox 798 3338 970 3411; x_wconf 86' lang='lat' dir='ltr'>capellanus</span> <span class='ocrx_word' id='word_1_322' title='bbox 986 3338 1084 3412; x_wconf 90' lang='lat' dir='ltr'>Pipini</span> <span class='ocrx_word' id='word_1_323' title='bbox 1096 3339 1134 3396; x_wconf 91' lang='lat' dir='ltr'>ad</span> <span class='ocrx_word' id='word_1_324' title='bbox 1152 3341 1254 3413; x_wconf 91' lang='lat' dir='ltr'>sepul·</span> 
     </span>
     <span class='ocr_line' id='line_1_35' title="bbox 101 3425 1252 3500; baseline 0.001 -16"><span class='ocrx_word' id='word_1_325' title='bbox 101 3429 209 3484; x_wconf 89' lang='lat' dir='ltr'>chrum</span> <span class='ocrx_word' id='word_1_326' title='bbox 223 3427 322 3484; x_wconf 90' lang='lat' dir='ltr'>Caroli</span> <span class='ocrx_word' id='word_1_327' title='bbox 335 3435 545 3484; x_wconf 88' lang='lat' dir='ltr'>accesserunt:</span> <span class='ocrx_word' id='word_1_328' title='bbox 566 3435 595 3483; x_wconf 92' lang='lat' dir='ltr'>et</span> <span class='ocrx_word' id='word_1_329' title='bbox 612 3426 746 3483; x_wconf 91' lang='lat' dir='ltr'>reuoluto</span> <span class='ocrx_word' id='word_1_330' title='bbox 759 3425 953 3500; x_wconf 88' lang='lat' dir='ltr'>sarcophago,</span> <span class='ocrx_word' id='word_1_331' title='bbox 966 3426 1149 3484; x_wconf 88' lang='lat' dir='ltr'>drachonem</span> <span class='ocrx_word' id='word_1_332' title='bbox 1168 3428 1252 3485; x_wconf 87' lang='lat' dir='ltr'>exire</span> 
     </span>
    </p>
   </div>
   <div class='ocr_carea' id='block_1_3' title="bbox 100 3513 1298 3677">
    <p class='ocr_par' dir='ltr' id='par_1_3' title="bbox 100 3513 1298 3677">
     <span class='ocr_line' id='line_1_36' title="bbox 100 3513 1298 3590; baseline 0.003 -18"><span class='ocrx_word' id='word_1_333' title='bbox 100 3515 251 3586; x_wconf 84' lang='lat' dir='ltr'>viderunt,</span> <span class='ocrx_word' id='word_1_334' title='bbox 271 3515 354 3571; x_wconf 91' lang='lat' dir='ltr'>nullo</span> <span class='ocrx_word' id='word_1_335' title='bbox 373 3531 498 3588; x_wconf 90' lang='lat' dir='ltr'>corpore</span> <span class='ocrx_word' id='word_1_336' title='bbox 523 3524 694 3588; x_wconf 90' lang='lat' dir='ltr'>apparente.</span> <span class='ocrx_word' id='word_1_337' title='bbox 742 3513 800 3572; x_wconf 92' lang='lat' dir='ltr'>Hic</span> <span class='ocrx_word' id='word_1_338' title='bbox 826 3513 950 3571; x_wconf 91' lang='lat' dir='ltr'>Carolus</span> <span class='ocrx_word' id='word_1_339' title='bbox 974 3513 1029 3571; x_wconf 85' lang='lat' dir='ltr'>suit</span> <span class='ocrx_word' id='word_1_340' title='bbox 1053 3533 1128 3573; x_wconf 87' lang='lat' dir='ltr'>auus</span> <span class='ocrx_word' id='word_1_341' title='bbox 1152 3515 1250 3574; x_wconf 89' lang='lat' dir='ltr'>Caroli</span> <span class='ocrx_word' id='word_1_342' title='bbox 1266 3537 1298 3590; x_wconf 74' lang='lat'>35</span> 
     </span>
     <span class='ocr_line' id='line_1_37' title="bbox 100 3619 212 3677; baseline 0 -18"><span class='ocrx_word' id='word_1_343' title='bbox 100 3619 212 3677; x_wconf 76' lang='lat' dir='ltr'>magni.</span> 
     </span>
    </p>
   </div>
   <div class='ocr_carea' id='block_1_4' title="bbox 101 3737 1253 3876">
    <p class='ocr_par' dir='ltr' id='par_1_4' title="bbox 101 3737 1253 3876">
     <span class='ocr_line' id='line_1_38' title="bbox 136 3737 1253 3811; baseline 0.003 -15"><span class='ocrx_word' id='word_1_344' title='bbox 136 3745 316 3811; x_wconf 70' lang='lat' dir='ltr'>¹xoptoum.</span> <span class='ocrx_word' id='word_1_345' title='bbox 411 3746 468 3796; x_wconf 68' lang='lat' dir='ltr'>’E</span> <span class='ocrx_word' id='word_1_346' title='bbox 480 3748 572 3798; x_wconf 82' lang='lat' dir='ltr'>subito.</span> <span class='ocrx_word' id='word_1_347' title='bbox 674 3737 1021 3798; x_wconf 76' lang='lat' dir='ltr'>¹ctvinc.&#39;t³e11.xlt111.</span> <span class='ocrx_word' id='word_1_348' title='bbox 1038 3760 1092 3810; x_wconf 83' lang='lat'>154.</span> <span class='ocrx_word' id='word_1_349' title='bbox 1187 3748 1253 3800; x_wconf 68' lang='lat' dir='ltr'>‘Ch</span> 
     </span>
     <span class='ocr_line' id='line_1_39' title="bbox 101 3813 859 3876; baseline 0.003 -14"><span class='ocrx_word' id='word_1_350' title='bbox 101 3814 136 3863; x_wconf 91' lang='lat' dir='ltr'>ib.</span> <span class='ocrx_word' id='word_1_351' title='bbox 152 3828 207 3876; x_wconf 83' lang='lat'>149·</span> <span class='ocrx_word' id='word_1_352' title='bbox 314 3813 324 3843; x_wconf 82' lang='lat'>⁸</span> <span class='ocrx_word' id='word_1_353' title='bbox 339 3813 369 3864; x_wconf 83' lang='lat' dir='ltr'>T.</span> <span class='ocrx_word' id='word_1_354' title='bbox 383 3813 412 3865; x_wconf 87' lang='lat' dir='ltr'>E.</span> <span class='ocrx_word' id='word_1_355' title='bbox 427 3813 566 3864; x_wconf 76' lang='lat' dir='ltr'>qulredo.</span> <span class='ocrx_word' id='word_1_356' title='bbox 664 3814 675 3845; x_wconf 80' lang='lat'>⁸</span> <span class='ocrx_word' id='word_1_357' title='bbox 692 3813 720 3863; x_wconf 83' lang='lat' dir='ltr'>E.</span> <span class='ocrx_word' id='word_1_358' title='bbox 735 3813 859 3864; x_wconf 77' lang='lat' dir='ltr'>telorum.</span> 
     </span>
    </p>
   </div>
   <div class='ocr_carea' id='block_1_5' title="bbox 0 0 1520 4894">
    <p class='ocr_par' dir='ltr' id='par_1_5' title="bbox 0 0 1520 4894">
     <span class='ocr_line' id='line_1_40' title="bbox 0 0 1520 4894; baseline 0 0"><span class='ocrx_word' id='word_1_359' title='bbox 0 0 1520 4894; x_wconf 95' lang='lat' dir='ltr'> </span> 
     </span>
    </p>
   </div>
  </div>
 </body>
</html>
