3052 4896
96 298 247 352 nssou
262 301 332 368 eto]
398 283 472 377 Di
493 281 553 372 ᾖ.
573 280 740 378 &homst
755 280 953 376 Dssbsstl'ss.
1176 302 1246 377 553

95 485 177 558 prius
189 487 312 542 existens
325 503 389 542 cum
401 485 548 558 paciencia
564 497 593 542 et
607 485 764 542 humilitate
776 485 932 556 ceterisque
944 483 1101 552 virtutibus,
1114 483 1152 538 ad
1163 483 1248 538 talem

8 633 15 640 ,
95 571 239 624 maculam
257 569 444 640 detegendam
461 571 587 626 sufficere
603 570 756 626 videbatur.
794 571 844 626 Set
860 569 936 640 quod
954 577 1019 624 ante
1038 567 1249 622 conuersionem

8 693 15 724 η,
96 669 180 707 suam
199 653 237 707 ab
255 653 337 708 huius
355 654 458 708 delicto
477 653 588 724 penitus
609 652 752 708 abstinens
773 664 871 707 contra
893 650 1137 721 concupiscencias
1156 649 1248 704 carnis

8 777 10 808 ;
96 744 242 789 certamen
256 735 357 804 inierit,
369 747 396 793 et
410 736 541 792 virtutum
555 745 663 800 amator
675 737 764 791 iactus
778 736 832 789 deo
844 735 985 790 adherens
999 734 1059 789 eius
1070 733 1247 788 dulcedinem

8 889 10 894 y
96 817 193 873 adhuc
208 819 343 874 secularis
359 819 453 890 sepius
471 818 670 889 degustauerit,
687 835 744 873 non
761 819 851 874 solum
866 835 901 872 ex
915 816 1138 887 precedentibus,
1151 832 1248 870 verum
1262 827 1276 880 ε

8 947 10 976 ᾖ
96 901 189 956 eciam
209 918 244 956 ex
261 903 354 958 verbis
371 903 498 958 eiusdem
517 902 652 974 perpendi
672 911 773 972 potest,
787 901 889 973 quibus
902 899 930 956 in
944 906 1147 971 cap⁰.xxvt11.
1166 899 1247 970 primi

96 983 163 1038 libri
193 986 239 1040 De
267 985 381 1055 speculo
407 985 531 1041 caritatis
560 985 684 1055 seipsum
713 984 840 1040 districte
867 993 988 1039 accusat.
1033 983 1148 1051 Quanta
1172 981 1249 1036 enim

8 1139 11 1146 μ
97 1068 258 1123 efferendus
277 1068 312 1123 sit
330 1070 421 1136 laude,
439 1079 600 1140 quantoque
617 1068 750 1139 preconio
769 1084 834 1122 eum
852 1069 984 1122 extollere
1002 1066 1124 1122 debeant
1142 1066 1248 1133 fideles,

97 1167 230 1206 sermone
243 1151 347 1206 diserto
364 1151 483 1223 stiloque
498 1151 619 1222 eleganti
633 1151 762 1222 exprimit
775 1149 941 1206 venerabilis
955 1151 1045 1205 abbas
1061 1149 1203 1206 Gilbertus
1220 1149 1248 1203 in

8 1283 10 1312 3
97 1244 220 1290 tractatu
232 1251 284 1291 suo
296 1236 388 1306 Super
398 1236 509 1291 cantica
520 1235 700 1302 canticorum,
714 1234 817 1290 omelia
827 1235 877 1288 sd&
1264 1257 1294 1294 ιο

8 1393 10 1458 j
97 1397 129 1452 p.
137 1378 210 1451 798]
224 1396 248 1436 2.
263 1381 385 1437 lncrnrr
397 1393 471 1436 vrrs
481 1392 592 1436 sancrr
605 1383 725 1436 Tuonn
738 1391 886 1436 nouxcur
901 1392 1053 1436 MARTtttts
1067 1381 1248 1436 Douoxmn

167 1498 194 1552 D
213 1498 334 1564 laudem,
346 1498 465 1568 gloriam
481 1508 510 1553 et
524 1498 662 1553 honorem
671 1497 800 1553 ¹nominis
817 1497 923 1552 domini
942 1497 1030 1554 nostri
1044 1498 1130 1553 Ihesu
1143 1498 1247 1554 Christi

201 1598 306 1649 omnes,
326 1581 373 1652 qui
392 1582 537 1637 credentes
555 1581 624 1636 estis
642 1580 670 1635 in
690 1580 746 1649 illo,
765 1581 839 1636 hunc
857 1581 950 1636 locum
967 1581 1186 1652 frequentantes,
1199 1598 1248 1636 seu

98 1681 153 1736 per
173 1665 247 1719 hunc
267 1666 359 1719 locum
377 1674 572 1720 transeuntes:
597 1664 620 1718 si
639 1665 712 1720 hanc
731 1665 953 1735 qualemcunque
972 1665 1137 1734 scripturam
1155 1665 1249 1734 legere

99 1747 291 1816 decreueritis,
303 1764 360 1803 non
373 1747 473 1818 ipsam,
486 1764 582 1818 queso,
594 1747 693 1802 rudem
705 1748 854 1803 verborum
873 1747 975 1802 seriem
988 1747 1080 1801 minus
1093 1758 1158 1817 apte
1171 1764 1249 1802 com·

98 1839 216 1902 pactam
228 1831 423 1886 tantummodo
436 1831 589 1900 corrigatis,
603 1847 698 1886 verum
715 1831 805 1886 eciam
819 1829 924 1885 domini
942 1830 1029 1886 nostri
1044 1830 1129 1885 Ihesu
1143 1828 1247 1886 Christi
1264 1849 1293 1900 1⁵

99 1923 284 1970 sacrosancta
307 1914 440 1970 virtutum
464 1915 615 1984 magnalia,
640 1931 696 1985 que
719 1913 825 1970 meritis
854 1912 947 1969 dilecti
978 1913 1052 1968 serui
1083 1912 1125 1968 sui
1156 1913 1249 1970 fratris

99 1999 212 2053 Thome
236 1997 272 2052 de
296 1998 323 2052 la
349 1998 432 2067 Hale,
456 1999 600 2070 quondam
624 1997 707 2054 huius
731 1998 848 2054 ecclesie
876 1997 1017 2065 monachi,
1042 1998 1097 2052 hoc
1126 1997 1155 2052 in
1185 1996 1249 2053 loco

98 2081 241 2145 tumulati,
267 2080 371 2137 Christi
402 2082 531 2137 fidelibus
555 2082 648 2137 varias
680 2079 873 2137 infirmitates¹
896 2091 955 2136 tam
985 2097 1132 2150 corporum
1164 2097 1249 2151 quam

99 2164 257 2219 animarum
271 2164 458 2220 diuersimode
472 2165 674 2222 sustinentibus
686 2176 715 2221 et
728 2166 780 2220 suh
793 2181 844 2234 spe
857 2164 1060 2220 melioracionis
1074 2164 1249 2234 impetrande

98 2248 177 2302 hunc
194 2247 292 2317 prefati
311 2249 441 2304 monachi
459 2249 596 2304 tumulum
615 2265 666 2320 per
686 2267 716 2304 se
735 2250 778 2303 vel
798 2265 848 2319 per
865 2248 936 2304 alios
953 2246 1066 2304 visitare
1084 2247 1250 2303 vouentibus
1265 2268 1296 2304 ao

99 2329 236 2386 diuinitus
249 2341 312 2386 sunt
325 2342 437 2387 ostensa
449 2342 476 2387 et
489 2332 616 2402 graciose
631 2333 740 2400 collata,
753 2343 811 2388 tota
828 2331 930 2387 mentis
947 2330 1102 2386 deuocione
1113 2329 1250 2399 venerari,

100 2413 247 2484 predicare
259 2423 287 2469 et
300 2415 427 2470 attollere
439 2415 529 2470 velitis
543 2435 550 2471 ε
568 2416 700 2486 quatinus
709 2415 809 2470 exinde
822 2415 934 2470 Christo
946 2415 1043 2470 laudes
1055 2423 1084 2469 et
1096 2413 1250 2484 gratiarum

99 2496 233 2552 acciones
256 2515 274 2551 a
298 2497 355 2552 suis
376 2497 504 2554 fidelibus
528 2499 648 2569 persolui
668 2499 781 2554 valeant
805 2499 952 2556 uberiores.
991 2499 1068 2554 Nam
1089 2497 1160 2553 sicut
1181 2515 1250 2554 voce

100 2579 228 2635 veritatis
247 2581 398 2637 asseritur:
419 2599 476 2636 non
493 2593 536 2638 est
551 2599 673 2638 accensa
690 2584 803 2638 lucerna
821 2584 874 2638 suh
892 2580 987 2636 modio
1005 2582 1192 2650 recondenda,
1206 2591 1249 2638 set

100 2680 187 2732 super
199 2664 399 2719 candelabrum
411 2665 504 2721 verius
516 2667 671 2722 attollenda
684 2685 690 2722 :
710 2677 739 2722 vt
753 2665 800 2737 qui
812 2666 882 2722 iuste
894 2665 989 2721 viuere
998 2663 1144 2731 voluerint,
1155 2666 1249 2720 lumen
1265 2687 1294 2737 ²5

100 2745 229 2802 veritatis
248 2748 360 2802 valeant
388 2748 496 2818 intueri,
519 2759 547 2806 et
567 2749 657 2821 ipsum
679 2751 779 2806 saltem
799 2748 909 2805 discant
929 2749 1064 2818 venerari,
1085 2749 1201 2804 laudare
1221 2760 1249 2804 et

99 2828 256 2900 glorificare
268 2831 315 2901 qui
329 2831 413 2887 dicit:
433 2833 515 2903 ‘Ego
534 2849 596 2888 sum
615 2836 662 2888 lux
679 2832 796 2902 mundi;
815 2833 863 2904 qui
878 2832 1002 2904 sequitur
1014 2849 1069 2898 me,
1081 2848 1137 2886 non
1151 2831 1250 2886 ambu-

99 2912 171 2968 labit
185 2912 212 2967 in
226 2914 356 2981 tenebris,
370 2925 412 2970 set
424 2915 539 2971 habebit
552 2917 646 2971 lumen
654 2916 728 2970 vite.'
759 2917 803 2970 Ex
815 2917 870 2971 hac
883 2916 986 2986 quippe
998 2931 1065 2970 vera
1077 2913 1175 2969 mundi
1187 2915 1250 2969 luce

101 2995 245 3051 Iohannes
269 2997 444 3067 euangelista
468 2998 589 3070 loquitur
613 2998 727 3054 dicens:
754 2999 842 3053 ‘Erat
866 2998 913 3053 lux
937 3015 1011 3062 vera,
1033 3014 1088 3068 que
1113 2995 1250 3051 illuminat

100 3094 217 3133 omnem
235 3080 379 3134 hominem
391 3082 550 3137 venientem
563 3081 593 3136 in
604 3082 679 3137 hunc
692 3081 845 3136 mundum!
882 3083 926 3135 Ex
938 3081 993 3135 hac
1006 3081 1096 3134 eciam
1108 3096 1175 3133 vera
1188 3079 1249 3134 luce
1264 3101 1297 3151 30

101 3161 151 3216 illa
169 3163 296 3231 preclara
317 3163 455 3219 beneficia
473 3164 649 3232 miraculosa,
672 3164 772 3236 quibus
797 3165 901 3220 cotidie
923 3163 1025 3220 Christi
1051 3161 1168 3218 fideles²
1191 3173 1250 3217 tam

101 3245 132 3300 in
145 3261 262 3315 corpore
274 3263 358 3316 quam
378 3246 405 3302 in
422 3248 517 3303 anima
528 3248 656 3317 graciose
669 3258 804 3304 sanantur
816 3259 844 3304 et
857 3247 1066 3315 illuminantur;
1085 3262 1120 3301 ex
1132 3262 1249 3316 quorum

100 3343 170 3382 vero
182 3345 299 3385 numero
314 3331 470 3387 monachus
490 3329 543 3385 iste
559 3331 620 3386 fuit.
658 3331 763 3387 Omnia
775 3331 879 3402 quippe
892 3331 952 3386 sine
965 3329 1051 3386 dubio
1063 3330 1100 3384 ab
1114 3330 1175 3399 ipsa
1189 3331 1250 3386 luce

100 3411 269 3482 proueniunt
281 3423 310 3468 et
322 3415 483 3483 procedunt
522 3415 599 3484 Ergo
617 3431 675 3470 non
694 3415 833 3470 immerito
851 3433 870 3470 a
888 3415 979 3470 cuntis
999 3413 1103 3470 Christi
1122 3413 1251 3470 fidelihus

101 3494 192 3564 quiin
205 3495 312 3551 mundo
324 3507 388 3552 sunt
406 3498 459 3552 hec
471 3499 565 3565 verba,
577 3507 605 3554 et
617 3499 744 3569 preclara
759 3508 786 3554 et
803 3497 925 3569 gloriosa
941 3499 988 3552 lux
1003 3497 1080 3552 omni
1097 3497 1251 3554 deuocione
1264 3517 1295 3571 35

100 3587 146 3634 est
163 3578 316 3644 adoranda,
329 3581 449 3635 colenda
467 3591 495 3635 et
507 3581 676 3637 veneranda.
713 3584 798 3636 Nunc
811 3581 895 3651 igitur
912 3580 940 3636 in
956 3580 1038 3636 huius
1051 3581 1251 3650 gloriosissime

100 3661 172 3716 lucis
190 3661 305 3717 nomine
328 3671 356 3718 et
381 3663 485 3719 honore
510 3662 638 3734 legantur
656 3665 777 3735 quedam
801 3674 881 3735 gesta
905 3662 1177 3734 com[m]endabilia,
1197 3681 1251 3735 que

101 3745 259 3800 monachus
272 3744 333 3814 iste,
346 3746 416 3800 dum
428 3746 457 3800 in
469 3747 524 3802 hac
536 3747 594 3802 vita
605 3747 753 3818 temporali
767 3757 951 3804 conuersatus
962 3757 1015 3814 est,
1028 3758 1140 3803 strenue
1154 3747 1251 3817 gessit.

104 3831 116 3895 ΙΙ
139 3829 173 3881 ln
190 3826 287 3898 primis
299 3829 438 3899 siquidem
452 3847 530 3886 sacre
543 3830 679 3900 scripture
690 3848 747 3885 non
761 3832 916 3899 immemor,
929 3849 986 3902 qua
998 3831 1118 3886 dicitur:
1138 3833 1250 3886 ‘Iustus

101 3929 137 3968 ex
155 3910 210 3966 fide
222 3909 308 3977 viuit‚'
322 3921 350 3967 et
368 3912 471 3968 idcirco
489 3914 585 3968 firmus
603 3923 631 3968 et
650 3913 757 3970 stabilis
776 3931 887 3985 semper
905 3915 933 3968 in
953 3914 1007 3968 fide
1020 3913 1095 3982 vixit,
1108 3923 1136 3970 et
1155 3913 1251 3969 omnia
1263 3931 1297 3982 40

101 4009 157 4065 que
169 4009 233 4049 vere
251 3993 316 4048 fidei
335 4005 512 4050 sacramenta
530 3998 747 4066 concemehant,
760 3995 977 4067 magnanimiter
988 3997 1155 4065 obseruauit,
1169 3996 1250 4052 bonis

101 4076 226 4132 moribus
245 4087 274 4132 et
291 4077 379 4133 sacris
394 4078 524 4149 operibus
541 4079 600 4134 suis
617 4079 715 4135 fideles
727 4097 851 4152 quosque
864 4080 1053 4151 multipliciter
1065 4081 1250 4137 confortando

102 4171 130 4216 et
148 4177 212 4216 vere
231 4158 407 4229 letificand03
433 4161 499 4232 quia
519 4162 674 4218 secundum
692 4164 779 4220 verba
796 4164 871 4219 beati
891 4163 1018 4232 Gregorii
1041 4163 1119 4219 ‘felix
1139 4163 1249 4234 estqui

102 4243 245 4300 credendo
264 4242 337 4298 bene
356 4243 432 4310 viuit,
450 4255 478 4300 et
499 4246 572 4302 bene
590 4245 711 4302 viuendo
730 4246 814 4300 fidem
834 4257 939 4302 rectam
961 4245 1083 4302 custodit
1091 4243 1108 4300 ³.
1146 4247 1184 4301 Et
1204 4247 1250 4302 ille

135 4345 303 4398 ¹MS.rsrlis
314 4347 503 4400 infirmitatibus.
606 4347 823 4404 ¹MS.fidelibns.
925 4347 1160 4415 'outhemsrginz
1179 4351 1250 4401 Felix

101 4412 349 4478 enqutbeneviuit.
