3054 4904
260 320 309 388 90
573 297 704 384 liunt
729 292 920 398 sttsstttbtt
943 296 1095 400 fincte.

259 497 505 570 appropInquans
527 497 698 566 monticulo,
717 495 798 556 sessa
821 497 959 556 residens
980 516 1144 573 parumper
1167 501 1300 558 dormire
1324 503 1413 576 oepit.

260 584 314 640 Cui
331 586 391 641 duo
408 587 535 657 preclari
552 587 607 642 viri
624 588 654 641 in
672 559 772 643 itabitu
788 587 950 660 pontificali
969 589 1058 658 (vnus
1075 589 1191 658 itinere,
1203 607 1264 660 quo
1276 597 1413 654 venerat,

259 674 394 742 veniens,
407 673 482 729 alter
493 675 541 730 via
553 691 612 747 qua
625 673 702 730 itura
715 677 791 745 erat)
805 683 947 744 astantes,
960 676 1037 732 duos
1049 677 1152 732 oculos
1164 677 1251 751 yalde
1265 677 1414 738 lucentes.

258 767 290 814 vt
309 760 336 814 ei
355 760 520 830 videbatur,
542 762 572 816 in
594 762 733 817 manibus
753 763 926 834 gestabant:
956 762 1091 832 Quorum
1110 779 1189 819 vnus
1206 779 1302 820 vnum
1320 779 1413 834 quem

230 847 380 918 §tenebat
399 848 528 918 oculum,
546 849 622 904 alter
640 849 767 905 alterum
787 850 874 922 capiti
894 867 949 906 suo
967 851 1154 922 adaptabant
1191 849 1415 922 Expergesacta

260 934 367 990 mulier
385 935 487 992 oculos
506 953 540 993 se
556 938 730 1009 percepisse
746 954 782 994 ac
799 938 897 993 visum
916 938 1019 1009 geuisa
1036 947 1091 994 est
1128 937 1215 1007 Quod
1234 947 1336 993 autem
1356 937 1414 992 hoc

220 1077 228 1086 ,
259 1023 434 1078 miraculum
452 1025 538 1080 beato
558 1024 670 1080 martiri
689 1025 806 1082 Thome
828 1035 991 1097 sanctoque
1010 1024 1109 1081 Yuoni
1121 1027 1159 1081 sit
1172 1025 1415 1092 asscribendum,

258 1109 332 1165 nulli
357 1111 438 1166 venit
463 1110 493 1166 in
519 1111 651 1168 dubium.
722 1100 791 1168 Viri
818 1121 880 1169 tres
909 1113 1013 1169 morbo
1037 1114 1180 1185 ydropico
1204 1111 1308 1182 inflati,
1333 1129 1414 1186 aqua

259 1195 353 1250 sancti
366 1193 454 1251 huius
467 1195 581 1266 hausta,
595 1196 698 1252 sedato
710 1205 827 1253 tumore
840 1197 997 1254 sanitatem
1011 1205 1207 1269 reportarunt.

727 1492 753 1553 ll
772 1491 909 1549 Narratio
917 1491 935 1549 ¹.

216 1641 248 1678 ιο
296 1614 431 1702 Quidam
445 1631 623 1703 peregrinus
635 1648 653 1687 a
666 1641 769 1688 sancto
784 1630 941 1687 Leonardo
954 1629 1082 1700 rediens,
1096 1629 1126 1686 in
1142 1629 1277 1686 Auernis
1287 1629 1414 1704 ²captus

259 1723 314 1784 est,
328 1725 357 1772 et
369 1720 506 1789 querenti
520 1735 573 1774 cur
584 1719 774 1774 innocentem
788 1720 819 1775 in
838 1735 956 1774 carcere
970 1719 1174 1786 reclusissent,
1187 1718 1414 1790 responderunt

259 1803 410 1875 quodnisi
427 1823 460 1860 se
479 1807 600 1878 copiose
616 1807 784 1876 redimeret,
800 1824 860 1863 non
878 1805 984 1862 exiret.
1022 1804 1166 1878 Sequenti
1183 1813 1270 1860 nocte
1287 1805 1413 1861 domino

258 1890 372 1947 castelli
390 1900 512 1948 sanctus
533 1891 708 1949 Leonardus
729 1895 867 1966 apparuit
888 1903 918 1949 et
934 1903 965 1948 vt
987 1891 1178 1965 peregrinum
1196 1909 1286 1948 suum
1307 1892 1414 1949 illum³

258 1979 450 2035 innocentem
471 1981 553 2035 abire
578 1981 764 2052 permitteret
789 1982 956 2053 imperauit.
993 1979 1054 2036 Sed
1079 1980 1128 2036 ille
1153 1995 1241 2034 mane
1263 1981 1413 2052 euigilans

217 2089 245 2140 15
259 2073 288 2120 et
308 2065 453 2121 visionem
473 2067 558 2139 quasi
577 2067 776 2140 sompn[i]um
795 2066 1047 2141 paruipendens⁴‚
1060 2067 1153 2123 altera
1169 2077 1256 2125 nocte
1274 2069 1414 2124 similiter

260 2152 450 2226 sompniauit.
481 2153 697 2212 Verumtamen
722 2156 878 2212 hominem
902 2155 1038 2211 relaxare
1063 2172 1125 2210 non
1150 2157 1273 2210 curauit.
1310 2155 1413 2212 Tertia

259 2252 346 2296 nocte
372 2242 477 2298 beatus
503 2241 679 2299 Leonardus
704 2244 896 2316 peregrinum
921 2243 1076 2315 arripiens,
1102 2253 1186 2298 extra
1210 2243 1334 2314 opidum
1359 2245 1413 2300 de·

259 2329 360 2385 duxit:
380 2338 410 2385 et
423 2329 523 2386 statim
535 2329 646 2386 turris⁶
658 2347 726 2386 cum
742 2332 840 2387 media
854 2339 939 2404 parte
957 2331 1072 2387 castelli
1088 2347 1240 2398 corruens,
1253 2332 1413 2403 oppressis

259 2416 396 2488 plurimis
419 2419 517 2473 solum
539 2419 705 2491 principem
725 2419 830 2475 adsui
850 2417 1056 2475 confusionem
1080 2417 1180 2474 fractis
1205 2418 1343 2474 cruribus
1365 2437 1413 2476 re·

217 2526 247 2560 20
260 2505 400 2562 seruauit.

732 2708 755 2769 tl
776 2707 938 2764 Narratiot.

296 2832 432 2920 Quidam
446 2843 537 2902 frater
550 2847 673 2903 sedebat
686 2847 716 2902 in
729 2847 852 2903 heremo
865 2855 895 2902 et
910 2846 1109 2902 seducebatur
1127 2863 1145 2902 a
1160 2845 1340 2904 demonibus
1357 2866 1416 2921 per

259 2951 356 2991 annos
369 2933 523 3007 plurimos,
533 2933 599 3008 ipse
611 2951 684 2990 vero
697 2934 885 2990 existimabat
898 2935 967 3007 quia
979 2933 1077 3006 angeli
1091 2944 1168 2990 sunt.
1195 2933 1416 3007 Egrediebatur

259 3031 359 3078 autem
381 3031 466 3095 pater
489 3023 554 3078 eius
576 3022 742 3078 secundum
764 3039 885 3078 carnem
907 3039 962 3094 per
982 3031 1103 3094 tempus
1125 3031 1155 3078 et
1174 3023 1311 3078 visitabat
1333 3041 1416 3082 eum.

259 3109 327 3166 Vna
348 3119 448 3166 autem
468 3109 584 3166 dierum
607 3109 672 3164 tulit
696 3109 859 3182 bipennem
880 3125 992 3179 secum,
1016 3108 1121 3165 dicens
1146 3110 1231 3182 ‘quia
1255 3121 1416 3169 reuertens

216 3214 244 3264 ²5
259 3196 401 3255 afferam*
424 3197 496 3253 mihi
518 3213 614 3269 pauca
639 3197 734 3268 ligna!
773 3195 810 3251 Et
831 3196 1014 3269 preueniens
1035 3213 1112 3252 vnus
1138 3197 1249 3253 demon
1274 3197 1350 3254 dixit
1375 3201 1416 3256 ad

259 3284 354 3341 filium
376 3285 458 3341 eius:
488 3283 583 3340 ‘Ecce
605 3283 741 3340 diabolus
762 3283 845 3341 venit
869 3284 906 3339 ad
932 3291 961 3338 tc
980 3281 1011 3338 in
1031 3282 1224 3339 similitudine
1245 3285 1341 3355 patris
1362 3286 1416 3355 tui,

261 3373 375 3428 habens
397 3372 560 3445 bipennem
579 3375 610 3427 in
633 3381 735 3445 sporta
760 3387 814 3428 sua
835 3379 867 3427 vt
886 3370 1042 3443 impugnet
1061 3381 1099 3426 te.
1136 3371 1182 3427 Tu
1208 3388 1281 3444 ergo
1306 3390 1416 3445 prene-

261 3459 348 3516 niens
368 3460 437 3515 tolle
458 3460 540 3516 illam
565 3459 728 3532 bipennem
751 3461 789 3516 ab
810 3461 885 3533 ipso,
907 3470 938 3515 et
960 3477 1094 3532 repugna
1116 3459 1175 3517 illi!
1213 3459 1306 3533 Igitur
1327 3472 1418 3535 pater

259 3549 325 3604 eius
349 3546 465 3604 reuenit
495 3549 662 3603 secundum
687 3547 954 3604 consuetudinem:
984 3555 1014 3604 et
1038 3546 1190 3620 accipiens
1214 3547 1293 3605 filius
1317 3548 1418 3622 ipsius

214 3657 246 3705 50
259 3635 422 3708 bipennem
440 3635 478 3691 ab
496 3635 571 3707 ipso,
585 3637 733 3706 percussit
751 3653 820 3692 eum
837 3642 868 3690 et
884 3634 999 3691 occidit.
1037 3633 1075 3690 Et
1093 3634 1233 3690 continuo
1249 3637 1370 3695 adhesit
1388 3644 1417 3698 ei

259 3723 382 3796 spiritus
396 3723 544 3794 malignus
557 3732 586 3779 et
599 3722 762 3779 suffocabat
775 3740 853 3779 eum.

292 3847 300 3876 ¹
318 3846 357 3897 Cs.
369 3845 441 3894 Vinc.
455 3845 519 3896 Bell.
533 3845 606 3896 XXI.
622 3861 665 3906 123
686 3847 748 3908 Leg.
759 3845 823 3894 Aur.
836 3860 860 3906 p.
873 3846 931 3906 690.
1019 3842 1029 3870 ²
1046 3844 1075 3893 Τ.
1089 3843 1119 3893 E.
1132 3845 1264 3895 Alucrnia.
1355 3849 1366 3878 ⁸
1382 3851 1417 3898 ai.

259 3912 401 4028 Qum*
418 3911 446 3962 E.
461 3912 659 3976 peruipendens.
737 3911 792 3960 ⁵T.
806 3911 903 3962 turrim.
982 3909 1111 3959 ‘Exvic
1123 3909 1190 3961 Patr.
1205 3925 1279 3962 roan.
1360 3913 1417 3965 if..
