3062 4888
290 270 362 360 566
722 255 925 360 flonensis
953 258 1004 334 11.

289 461 494 519 ministrabant.
532 461 593 518 illic
613 478 681 532 ergo
703 459 872 531 quibusdam
891 459 964 516 casis
984 469 1012 515 et
1034 475 1122 529 paruo
1142 459 1264 516 oratorio
1286 461 1459 526 instructis,

288 559 407 618 ortoque
434 547 472 602 ad
496 546 573 602 olera
597 544 837 600 subministranda
862 545 995 614 plantato,
1017 542 1106 598 tribus
1130 542 1328 600 habitauerunt
1350 545 1459 599 annis.

290 631 339 686 Set
361 629 426 701 quia
447 629 522 686 nullo
539 629 627 684 modo
645 628 777 696 indignus
796 627 981 682 conueniebat
1000 626 1041 682 eis
1062 627 1150 694 locus,
1169 643 1225 682 non
1244 639 1305 682 tam
1323 639 1458 700 propter

290 713 490 768 infertilitatem
520 729 606 784 quam
633 721 781 766 ventorum
809 711 1049 780 procellarumque
1075 708 1275 777 inmanitatem,
1304 710 1458 766 retardati

261 807 275 860 5
289 795 532 852 contristabantur.
570 796 640 850 Erat
657 803 752 849 autem
768 792 883 864 quidam
901 793 981 846 collis
999 791 1027 846 in
1045 791 1139 848 medio
1154 792 1242 848 insule
1256 811 1345 863 super
1358 811 1457 864 quern

289 897 353 936 curn
378 880 508 936 undecim
527 875 662 950 [sanctus]
686 875 785 932 sedere
806 885 835 930 et
856 875 963 930 dictare
981 885 1164 930 consueuerat
1183 876 1350 947 discipulis:
1380 878 1458 932 binc

289 979 355 1018 vero
372 963 444 1018 silua
461 961 634 1033 conspicitur
648 961 752 1016 decora
768 968 797 1014 et
813 959 895 1014 vallis
913 959 1008 1014 medio
1026 959 1186 1024 constituta,
1205 961 1242 1014 ad
1259 971 1356 1015 ortum
1378 961 1457 1016 solis

291 1057 459 1117 conspecta;
490 1056 533 1102 set
557 1059 692 1114 magnum
715 1043 840 1112 pelagus,
865 1041 909 1096 cui
935 1041 1037 1096 fluuius
1061 1043 1159 1111 ingens
1179 1042 1302 1113 iungitur
1324 1045 1457 1099 nornine

290 1130 419 1200 Ampnis,
432 1130 511 1200 quasi
524 1129 581 1184 sere
593 1126 652 1183 bini
671 1124 781 1180 miliarii
799 1125 895 1195 spacio
912 1124 1052 1180 intererat.
1087 1125 1114 1178 A
1131 1127 1211 1181 uallis
1228 1139 1326 1182 autem
1348 1129 1456 1182 medio

247 1227 277 1266 ro
289 1213 386 1282 tundo,
398 1213 456 1268 sole
481 1211 585 1267 cotidie
605 1207 733 1281 protinus
755 1219 859 1275 exorto,
873 1209 952 1278 quasi
973 1207 1067 1262 sumus
1087 1207 1115 1264 in
1136 1211 1223 1264 altum
1245 1210 1456 1280 porrigebatur

290 1295 401 1364 nebula,
422 1297 555 1366 locusque
575 1294 640 1349 inde
662 1292 764 1347 cotidie
788 1291 987 1362 aspicientibus
1011 1291 1169 1346 leuissimus
1193 1295 1360 1363 apparebat.
1400 1295 1453 1348 Ad

291 1379 365 1433 hunc
378 1396 445 1449 ergo
458 1381 551 1434 locum
564 1375 665 1432 deduci
679 1375 854 1444 flagitabant,
867 1373 931 1430 etc.¹
969 1375 1099 1444 Quadam
1116 1374 1201 1445 igitur
1212 1376 1258 1432 die
1271 1377 1343 1432 dum
1364 1395 1453 1432 more

289 1462 372 1516 solito
392 1479 475 1533 super
494 1459 650 1532 predictum
671 1459 770 1513 collem
790 1457 877 1513 tercia
897 1458 969 1514 hora
989 1459 1100 1528 expleta
1121 1458 1254 1514 inunum
1275 1461 1452 1530 congregati

290 1546 485 1601 conuenissent
502 1555 530 1600 et
549 1542 642 1598 locum
659 1543 731 1596 vltra
749 1541 910 1596 mare-vbi
930 1551 1029 1611 postea
1046 1557 1156 1596 sacrum
1174 1559 1275 1612 eorpus
1294 1543 1358 1598 eius
1379 1561 1451 1598 cum

247 1647 276 1698 r5
291 1628 539 1684 innumerabilibus
563 1635 725 1682 sanctorum
749 1625 888 1679 sociorum
918 1624 1054 1696 requieuit
1083 1625 1450 1697 corporibus-aspicerent

289 1721 438 1780 semotum,
456 1723 485 1768 et
503 1709 637 1782 pergendi
656 1709 692 1763 ad
712 1707 789 1762 illum
807 1709 943 1764 baberent
964 1718 1079 1763 votum:
1107 1709 1181 1764 sacta
1202 1709 1279 1780 prius
1299 1711 1449 1776 oracione,

289 1795 359 1850 dixit
370 1796 516 1851 iratribus:
536 1795 699 1848 ‘Tantusne
717 1791 788 1846 inest
801 1791 882 1846 vobis
903 1791 996 1846 adhuc
1011 1799 1124 1862 tamque
1140 1793 1249 1847 validus
1264 1809 1348 1848 amor
1360 1803 1391 1849 vt
1408 1796 1448 1849 ad

289 1879 383 1933 locum
396 1877 551 1950 properetis
564 1893 649 1948 quem
663 1876 699 1930 de
710 1875 793 1944 longe
806 1875 967 1945 conspicitis
978 1875 1005 1930 l’
1043 1874 1086 1929 Illi
1105 1885 1200 1930 autern
1213 1893 1263 1946 pre
1275 1877 1447 1933 confusione

291 1962 444 2032 stupefacti,
456 1961 679 2032 responderunt:
699 1967 705 1986 ¹
719 1958 849 2024 Domine,
866 1956 970 2012 sdmus
987 1956 1053 2028 quia
1067 1960 1152 2013 homo
1169 1957 1214 2013 dei
1228 1975 1278 2026 es;
1298 1960 1373 2016 sicut
1386 1972 1446 2026 tua,

247 2055 278 2093 ²0
291 2045 329 2100 ita
347 2055 443 2101 nostra
461 2045 513 2100 erit
530 2044 674 2099 voluntas.¹
712 2042 762 2097 llle
785 2049 880 2095 autem
902 2041 1049 2096 mitissime
1067 2041 1126 2096 ait:
1153 2041 1202 2097 ‘Si
1224 2043 1306 2098 vultis
1329 2055 1445 2099 tanturn

290 2128 469 2198 proscindere
482 2127 651 2199 profundum
665 2133 693 2180 et
705 2124 795 2179 locum
809 2123 886 2178 illum
899 2123 986 2190 adire,
999 2124 1096 2180 flexis²
1107 2134 1149 2179 ter
1162 2125 1281 2194 genibus
1296 2127 1445 2182 Christum

289 2211 435 2266 dominum
456 2211 597 2266 humiliter
615 2217 713 2277 rogate
730 2217 761 2262 vt
784 2206 809 2261 si
827 2206 884 2261 dux
911 2216 939 2261 et
959 2223 1054 2262 comes
1075 2206 1155 2262 vobis
1176 2206 1277 2264 adesse
1300 2209 1444 2280 dignatur,

290 2294 370 2350 vobis
389 2295 474 2350 bodie
493 2293 603 2363 signum
621 2291 794 2346 demonstret
812 2289 1007 2344 notissimum!
1045 2291 1110 2358 Quo
1127 2289 1224 2345 dicto:
1244 2293 1381 2360 ‘Teneat‚
1401 2293 1442 2346 in·

290 2377 359 2448 quit,
372 2377 561 2448 unusquisque
571 2373 671 2446 prioris
681 2372 858 2444 precedentis
868 2373 999 2428 manum'
1023 2370 1077 2428 At¹
1088 2373 1133 2428 vbi
1144 2374 1197 2428 hec
1207 2373 1285 2442 dixit,
1297 2376 1441 2446 sequentis

247 2476 277 2528 ²5
291 2476 321 2514 se
340 2469 439 2515 tenens
460 2459 559 2530 prioris
581 2459 735 2525 dexteram,
755 2456 855 2511 ceteris
877 2457 931 2512 hoc
952 2456 1050 2511 ordine
1075 2455 1114 2512 ita
1132 2455 1288 2526 agentibus,
1308 2459 1440 2528 profundi

290 2541 375 2596 maris
388 2543 489 2597 ostium
503 2541 594 2596 baculi
606 2539 743 2611 percussit
756 2539 879 2609 cuspide.
916 2539 1002 2594 Cuius
1014 2556 1078 2594 cum
1092 2557 1142 2594 ora
1154 2539 1300 2609 tetigisset,
1316 2541 1439 2612 Moisay-

290 2639 355 2679 cum
374 2634 436 2695 post
455 2623 541 2678 maris
559 2621 635 2678 rubri
653 2621 802 2678 transitum
819 2637 883 2676 curn
902 2622 1032 2677 undecim
1051 2623 1205 2678 decantans
1223 2639 1349 2692 ymnum,
1363 2625 1438 2680 nullo

290 2707 390 2764 timore
410 2706 564 2778 perturbati
586 2705 667 2762 siccis
687 2706 806 2776 pedibus
831 2705 999 2760 transierunt
1023 2723 1073 2777 per
1096 2705 1209 2761 siccum.
1248 2708 1437 2776 ingredientes

291 2791 374 2860 igitur
393 2790 492 2846 siluam
512 2788 698 2861 pergrandem
717 2805 800 2858 super
820 2805 870 2842 ora
891 2787 980 2844 litoris
1004 2789 1095 2856 sitam,
1115 2789 1321 2860 lustrantesque
1339 2793 1437 2846 vallem

247 2891 279 2942 30
291 2891 345 2946 que
364 2874 440 2944 prius
458 2873 500 2930 eis
518 2874 555 2929 de
572 2875 656 2942 longe
675 2881 851 2943 apparuerat,
874 2871 1041 2927 inuenerunt
1059 2873 1200 2942 quendam
1220 2873 1248 2927 in
1267 2873 1361 2928 medio
1378 2876 1436 2929 eius

291 2957 408 3013 fundum
428 2958 456 3013 in
477 2957 593 3012 modum
611 2955 697 3010 iunde
716 2955 877 3009 formatum.
915 2953 976 3010 lllic
996 2971 1064 3024 ergo
1086 2955 1137 3010 tuti
1157 2955 1254 3012 sedere
1275 2957 1435 3024 maluerunt,

291 3040 376 3096 deum
395 3057 445 3112 per
463 3039 558 3095 omnia
576 3038 770 3108 glorificantes
794 3041 805 3103 ΙΙ
827 3039 899 3092 Cum
917 3047 1010 3093 autem
1031 3039 1154 3108 quadam
1172 3037 1217 3093 die
1236 3048 1350 3109 propter
1366 3057 1435 3110 aque

291 3123 523 3195 longinquitatem
547 3121 675 3192 discipuli
699 3119 808 3189 fatigati
830 3119 969 3190 cepissent
994 3121 1072 3175 iilum
1097 3137 1195 3190 rogare
1216 3131 1246 3176 vt
1271 3137 1373 3192 aquam
1396 3123 1435 3178 eis

292 3207 379 3274 daret,
398 3206 525 3261 consulte
544 3203 687 3260 constituit
705 3219 753 3258 eos
773 3211 801 3256 vt
822 3203 859 3258 ad
879 3221 965 3273 opera
985 3203 1111 3259 iniuncta
1129 3204 1379 3275 proficiscerentur;
1405 3219 1433 3260 at

247 3303 277 3354 35
293 3289 347 3344 illis
359 3289 441 3343 iussis
453 3289 495 3343 eis
512 3287 716 3355 obedientibus,
731 3286 806 3341 solus
819 3286 848 3340 in
866 3287 986 3342 claustro
1003 3287 1118 3342 relictus
1134 3297 1186 3343 est.
1221 3289 1392 3358 Expendens
1404 3307 1433 3345 se

293 3371 321 3426 in
346 3371 484 3437 oracione,
506 3370 710 3440 deprecabatur
729 3369 813 3424 deum
834 3369 951 3425 dicens:
975 3369 1117 3426 ‘Domine
1142 3372 1226 3426 lhesu
1251 3371 1369 3440 Christe,
1389 3372 1432 3443 qui

292 3455 398 3511 siccam
417 3471 514 3524 rupem
533 3453 687 3523 producere
706 3469 808 3523 aquam
826 3451 935 3507 sicienti
955 3454 1059 3524 populo
1080 3463 1130 3508 tuo
1148 3452 1177 3508 in
1195 3453 1309 3508 heremo
1328 3455 1434 3525 largiter

190 3529 193 3536 ’
293 3537 406 3604 iussisti,
419 3535 553 3607 digneris,
567 3553 663 3608 queso,
677 3545 705 3590 et
716 3535 782 3590 huic
800 3535 967 3605 paruissimo
979 3537 1181 3591 monachorum
1196 3537 1273 3606 gregi
1291 3538 1395 3607 aperire
1406 3551 1432 3594 et

294 3622 361 3677 dare
373 3621 479 3676 iontem
492 3637 572 3692 aque,
581 3620 655 3673 vnde
667 3618 849 3674 ministraturi
869 3618 897 3672 in
910 3620 1039 3674 hocloco
1052 3619 1128 3675 sitim
1141 3619 1250 3690 possint
1262 3619 1432 3690 extinguere!

247 3725 280 3775 40
295 3707 360 3761 Hoc
378 3705 473 3776 itaque
492 3703 539 3758 vbi
559 3702 677 3768 dixerat,
696 3700 778 3773 quasi
798 3702 932 3757 circulum
949 3703 978 3758 in
997 3703 1113 3758 modum
1130 3703 1217 3758 fontis
1233 3703 1270 3757 de
1288 3704 1376 3759 baculi
1392 3705 1430 3760 sui

293 3788 410 3860 cuspide
422 3787 506 3844 iecit:
526 3794 554 3841 et
573 3801 639 3840 ecce
655 3801 720 3839 mox
739 3801 811 3854 aque
829 3785 984 3855 largissime
1001 3803 1112 3856 egresse
1131 3794 1240 3842 suntet
1258 3786 1321 3841 lons
1340 3797 1431 3857 patens

292 3871 495 3944 liquidissimus
516 3868 654 3940 apparuit,
672 3877 701 3922 et
724 3866 819 3923 statim
839 3886 918 3923 oram
936 3869 1048 3924 termini
1068 3869 1110 3925 sui
1130 3869 1269 3924 excedens
1287 3886 1321 3924 ac
1342 3882 1430 3927 contra

294 3955 360 4012 solis
379 3965 471 4011 ortum
490 3952 631 4024 profluens
652 3950 717 4006 litus
739 3961 875 4022 appetens
897 3971 928 4008 se
945 3951 1049 4023 dirigit.
1086 3955 1199 4008 Fratres
1216 3962 1311 4008 autem
1329 3956 1429 4024 expleta

294 4039 420 4094 iniuncta
437 4053 523 4107 opera
540 4043 714 4090 reuertentes
732 4032 915 4105 videntesque
933 4036 988 4091 boc
1005 4037 1113 4106 grande
1130 4034 1303 4102 miraculum,
1322 4039 1427 4092 multum

248 4151 280 4203 45
294 4121 385 4191 gauisi
406 4129 516 4175 suntet
535 4116 619 4172 deum
639 4116 668 4172 in
689 4119 744 4172 hoc
762 4117 833 4172 sicut
856 4117 885 4172 in
904 4119 1034 4174 omnibus
1052 4118 1200 4174 virtutibus
1217 4119 1277 4174 eius
1295 4119 1427 4176 laudantes

294 4205 422 4260 adorant
438 4206 449 4270 ΙΙ
467 4203 542 4256 lnter
560 4201 612 4256 hec
630 4209 710 4256 tanta
726 4211 755 4257 et
775 4200 943 4256 admiranda
962 4202 1107 4273 mirabilia,
1126 4202 1249 4274 quadam
1268 4213 1350 4260 nocte
1368 4205 1425 4260 dum

465 4312 475 4343 ¹
492 4327 521 4364 so
532 4311 587 4364 MS.
767 4311 777 4342 ¹
794 4311 848 4363 MS.
861 4313 972 4364 flexibus
1152 4313 1163 4343 ⁸
1179 4329 1198 4364 r.
1212 4313 1270 4364 net
