<?xml version="1.0" encoding="UTF-8"?>
<!DOCTYPE html PUBLIC "-//W3C//DTD XHTML 1.0 Transitional//EN"
    "http://www.w3.org/TR/xhtml1/DTD/xhtml1-transitional.dtd">
<html xmlns="http://www.w3.org/1999/xhtml" xml:lang="en" lang="en">
 <head>
  <title>
</title>
<meta http-equiv="Content-Type" content="text/html;charset=utf-8" />
  <meta name='ocr-system' content='tesseract 3.04.00' />
  <meta name='ocr-capabilities' content='ocr_page ocr_carea ocr_par ocr_line ocrx_word'/>
</head>
<body>
  <div class='ocr_page' id='page_1' title='image "./novalegendaangl00wordgoog/novalegendaangl00wordgoog_0497.png"; bbox 0 0 3064 4888; ppageno 0'>
   <div class='ocr_carea' id='block_1_1' title="bbox 268 279 1421 386">
    <p class='ocr_par' dir='ltr' id='par_1_1' title="bbox 268 207 1515 410">
     <span class='ocr_line' id='line_1_1' title="bbox 268 279 1421 386; baseline -0.01 -19"><span class='ocrx_word' id='word_1_1' title='bbox 268 294 342 386; x_wconf 74' lang='lat' dir='ltr'>,u</span> <span class='ocrx_word' id='word_1_2' title='bbox 581 287 713 374; x_wconf 78' lang='lat' dir='ltr'>nuc</span> <span class='ocrx_word' id='word_1_3' title='bbox 737 281 927 386; x_wconf 71' lang='lat' dir='ltr'>nepum</span> <span class='ocrx_word' id='word_1_4' title='bbox 951 279 1102 383; x_wconf 64' lang='lat' dir='ltr'>nuuc.</span> <span class='ocrx_word' id='word_1_5' title='bbox 1219 279 1421 356; x_wconf 58' lang='lat' dir='ltr'>[trane</span> 
     </span>
    </p>
   </div>
   <div class='ocr_carea' id='block_1_2' title="bbox 269 479 1515 648">
    <p class='ocr_par' dir='ltr' id='par_1_2' title="bbox 269 479 1515 648">
     <span class='ocr_line' id='line_1_2' title="bbox 269 479 1515 562; baseline -0.011 -15"><span class='ocrx_word' id='word_1_6' title='bbox 269 491 359 548; x_wconf 89' lang='lat' dir='ltr'>deum</span> <span class='ocrx_word' id='word_1_7' title='bbox 388 487 554 546; x_wconf 89' lang='lat' dir='ltr'>mirabilem</span> <span class='ocrx_word' id='word_1_8' title='bbox 581 485 782 560; x_wconf 82' lang='lat' dir='ltr'>predicamus.</span> <span class='ocrx_word' id='word_1_9' title='bbox 831 481 941 539; x_wconf 88' lang='lat' dir='ltr'>Diuina</span> <span class='ocrx_word' id='word_1_10' title='bbox 968 479 1117 555; x_wconf 82' lang='lat' dir='ltr'>siquidem</span> <span class='ocrx_word' id='word_1_11' title='bbox 1140 498 1234 554; x_wconf 91' lang='lat' dir='ltr'>opera</span> <span class='ocrx_word' id='word_1_12' title='bbox 1257 489 1289 539; x_wconf 93' lang='lat' dir='ltr'>et</span> <span class='ocrx_word' id='word_1_13' title='bbox 1313 480 1424 536; x_wconf 87' lang='lat' dir='ltr'>iudicia</span> <span class='ocrx_word' id='word_1_14' title='bbox 1514 481 1515 562; x_wconf 66' lang='lat' dir='ltr'>l</span> 
     </span>
     <span class='ocr_line' id='line_1_3' title="bbox 269 569 1515 648; baseline -0.01 -13"><span class='ocrx_word' id='word_1_15' title='bbox 269 587 373 634; x_wconf 88' lang='lat' dir='ltr'>nostro</span> <span class='ocrx_word' id='word_1_16' title='bbox 390 593 483 634; x_wconf 88' lang='lat' dir='ltr'>sensu</span> <span class='ocrx_word' id='word_1_17' title='bbox 501 574 760 648; x_wconf 85' lang='lat' dir='ltr'>comprehendere</span> <span class='ocrx_word' id='word_1_18' title='bbox 778 589 840 628; x_wconf 89' lang='lat' dir='ltr'>non</span> <span class='ocrx_word' id='word_1_19' title='bbox 857 587 1029 643; x_wconf 88' lang='lat' dir='ltr'>possumus,</span> <span class='ocrx_word' id='word_1_20' title='bbox 1042 587 1098 626; x_wconf 91' lang='lat' dir='ltr'>nec</span> <span class='ocrx_word' id='word_1_21' title='bbox 1110 569 1251 627; x_wconf 89' lang='lat' dir='ltr'>estimare</span> <span class='ocrx_word' id='word_1_22' title='bbox 1262 571 1424 626; x_wconf 89' lang='lat' dir='ltr'>audemus.</span> <span class='ocrx_word' id='word_1_23' title='bbox 1514 635 1515 644; x_wconf 9' lang='grc' dir='ltr'>χ</span> 
     </span>
    </p>
   </div>
   <div class='ocr_carea' id='block_1_3' title="bbox 269 653 1426 818">
    <p class='ocr_par' dir='ltr' id='par_1_3' title="bbox 269 653 1426 818">
     <span class='ocr_line' id='line_1_4' title="bbox 271 653 1426 729; baseline -0.009 -11"><span class='ocrx_word' id='word_1_24' title='bbox 271 659 417 718; x_wconf 86' lang='lat' dir='ltr'>Reuelata</span> <span class='ocrx_word' id='word_1_25' title='bbox 428 659 588 716; x_wconf 78' lang='lat' dir='ltr'>scribimus</span> <span class='ocrx_word' id='word_1_26' title='bbox 599 667 630 714; x_wconf 87' lang='lat' dir='ltr'>et</span> <span class='ocrx_word' id='word_1_27' title='bbox 642 659 680 714; x_wconf 92' lang='lat' dir='ltr'>ad</span> <span class='ocrx_word' id='word_1_28' title='bbox 693 673 729 713; x_wconf 92' lang='lat' dir='ltr'>ea</span> <span class='ocrx_word' id='word_1_29' title='bbox 741 673 800 729; x_wconf 90' lang='lat' dir='ltr'>que</span> <span class='ocrx_word' id='word_1_30' title='bbox 812 671 874 712; x_wconf 89' lang='lat' dir='ltr'>non</span> <span class='ocrx_word' id='word_1_31' title='bbox 887 663 958 710; x_wconf 90' lang='lat' dir='ltr'>sunt</span> <span class='ocrx_word' id='word_1_32' title='bbox 974 653 1136 710; x_wconf 86' lang='lat' dir='ltr'>reuelanda</span> <span class='ocrx_word' id='word_1_33' title='bbox 1148 654 1239 710; x_wconf 91' lang='lat' dir='ltr'>deum</span> <span class='ocrx_word' id='word_1_34' title='bbox 1251 670 1285 709; x_wconf 87' lang='lat' dir='ltr'>ac</span> <span class='ocrx_word' id='word_1_35' title='bbox 1300 662 1426 709; x_wconf 68' lang='lat' dir='ltr'>muetos</span> 
     </span>
     <span class='ocr_line' id='line_1_5' title="bbox 269 739 1426 818; baseline -0.009 -13"><span class='ocrx_word' id='word_1_36' title='bbox 269 748 344 816; x_wconf 90' lang='lat' dir='ltr'>eius,</span> <span class='ocrx_word' id='word_1_37' title='bbox 354 757 386 804; x_wconf 90' lang='lat' dir='ltr'>vt</span> <span class='ocrx_word' id='word_1_38' title='bbox 398 747 578 817; x_wconf 71' lang='lat' dir='ltr'>tendentur,</span> <span class='ocrx_word' id='word_1_39' title='bbox 588 760 777 818; x_wconf 87' lang='lat' dir='ltr'>nequaquam</span> <span class='ocrx_word' id='word_1_40' title='bbox 790 742 934 815; x_wconf 84' lang='lat' dir='ltr'>cogimus.</span> <span class='ocrx_word' id='word_1_41' title='bbox 954 739 1077 812; x_wconf 82' lang='lat' dir='ltr'>Legitur</span> <span class='ocrx_word' id='word_1_42' title='bbox 1088 742 1168 813; x_wconf 93' lang='lat' dir='ltr'>quod</span> <span class='ocrx_word' id='word_1_43' title='bbox 1180 740 1323 798; x_wconf 88' lang='lat' dir='ltr'>dominus</span> <span class='ocrx_word' id='word_1_44' title='bbox 1336 741 1426 812; x_wconf 92' lang='lat' dir='ltr'>quin·</span> 
     </span>
    </p>
   </div>
   <div class='ocr_carea' id='block_1_4' title="bbox 240 827 1515 996">
    <p class='ocr_par' dir='ltr' id='par_1_4' title="bbox 240 827 1515 996">
     <span class='ocr_line' id='line_1_6' title="bbox 240 827 1515 908; baseline -0.007 -16"><span class='ocrx_word' id='word_1_45' title='bbox 240 852 328 908; x_wconf 67' lang='lat' dir='ltr'>nque</span> <span class='ocrx_word' id='word_1_46' title='bbox 341 833 422 892; x_wconf 88' lang='lat' dir='ltr'>milia</span> <span class='ocrx_word' id='word_1_47' title='bbox 437 833 593 890; x_wconf 87' lang='lat' dir='ltr'>hominum</span> <span class='ocrx_word' id='word_1_48' title='bbox 609 833 648 889; x_wconf 94' lang='lat' dir='ltr'>de</span> <span class='ocrx_word' id='word_1_49' title='bbox 664 830 797 904; x_wconf 90' lang='lat' dir='ltr'>quinque</span> <span class='ocrx_word' id='word_1_50' title='bbox 815 829 944 902; x_wconf 88' lang='lat' dir='ltr'>panibus</span> <span class='ocrx_word' id='word_1_51' title='bbox 962 836 993 884; x_wconf 93' lang='lat' dir='ltr'>et</span> <span class='ocrx_word' id='word_1_52' title='bbox 1010 829 1127 884; x_wconf 90' lang='lat' dir='ltr'>duobus</span> <span class='ocrx_word' id='word_1_53' title='bbox 1146 827 1278 900; x_wconf 78' lang='lat' dir='ltr'>piscibus</span> <span class='ocrx_word' id='word_1_54' title='bbox 1297 827 1427 884; x_wconf 87' lang='lat' dir='ltr'>saciauit</span> <span class='ocrx_word' id='word_1_55' title='bbox 1514 863 1515 882; x_wconf 52' lang='lat' dir='ltr'>t</span> 
     </span>
     <span class='ocr_line' id='line_1_7' title="bbox 269 915 1515 996; baseline -0.007 -17"><span class='ocrx_word' id='word_1_56' title='bbox 269 931 300 980; x_wconf 96' lang='lat' dir='ltr'>et</span> <span class='ocrx_word' id='word_1_57' title='bbox 324 923 404 996; x_wconf 92' lang='lat' dir='ltr'>quod</span> <span class='ocrx_word' id='word_1_58' title='bbox 425 921 583 980; x_wconf 81' lang='lat' dir='ltr'>vndecim¹</span> <span class='ocrx_word' id='word_1_59' title='bbox 604 917 725 993; x_wconf 89' lang='lat' dir='ltr'>cophini</span> <span class='ocrx_word' id='word_1_60' title='bbox 750 917 832 991; x_wconf 89' lang='lat' dir='ltr'>pleni</span> <span class='ocrx_word' id='word_1_61' title='bbox 856 918 894 973; x_wconf 91' lang='lat' dir='ltr'>de</span> <span class='ocrx_word' id='word_1_62' title='bbox 918 915 1094 988; x_wconf 75' lang='lat' dir='ltr'>fingmentis</span> <span class='ocrx_word' id='word_1_63' title='bbox 1118 925 1296 989; x_wconf 89' lang='lat' dir='ltr'>supererant</span> <span class='ocrx_word' id='word_1_64' title='bbox 1321 932 1427 972; x_wconf 89' lang='lat' dir='ltr'>corne-</span> <span class='ocrx_word' id='word_1_65' title='bbox 1514 931 1515 944; x_wconf 60' lang='lat'>¹</span> 
     </span>
    </p>
   </div>
   <div class='ocr_carea' id='block_1_5' title="bbox 227 1003 1427 1694">
    <p class='ocr_par' dir='ltr' id='par_1_5' title="bbox 227 1003 1427 1694">
     <span class='ocr_line' id='line_1_8' title="bbox 269 1003 1426 1084; baseline -0.007 -16"><span class='ocrx_word' id='word_1_66' title='bbox 269 1011 419 1068; x_wconf 87' lang='lat' dir='ltr'>dentibus.</span> <span class='ocrx_word' id='word_1_67' title='bbox 456 1009 646 1084; x_wconf 82' lang='lat' dir='ltr'>operabatur</span> <span class='ocrx_word' id='word_1_68' title='bbox 669 1006 710 1064; x_wconf 92' lang='lat' dir='ltr'>ibi</span> <span class='ocrx_word' id='word_1_69' title='bbox 735 1005 875 1064; x_wconf 91' lang='lat' dir='ltr'>dominus</span> <span class='ocrx_word' id='word_1_70' title='bbox 899 1004 930 1061; x_wconf 90' lang='lat' dir='ltr'>in</span> <span class='ocrx_word' id='word_1_71' title='bbox 956 1003 1136 1074; x_wconf 86' lang='lat' dir='ltr'>hominibus,</span> <span class='ocrx_word' id='word_1_72' title='bbox 1158 1012 1300 1076; x_wconf 81' lang='lat' dir='ltr'>operatur</span> <span class='ocrx_word' id='word_1_73' title='bbox 1320 1013 1352 1061; x_wconf 93' lang='lat' dir='ltr'>et</span> <span class='ocrx_word' id='word_1_74' title='bbox 1376 1003 1426 1060; x_wconf 87' lang='lat' dir='ltr'>hic</span> 
     </span>
     <span class='ocr_line' id='line_1_9' title="bbox 270 1091 1426 1172; baseline -0.008 -16"><span class='ocrx_word' id='word_1_75' title='bbox 270 1106 361 1172; x_wconf 92' lang='lat' dir='ltr'>prout</span> <span class='ocrx_word' id='word_1_76' title='bbox 383 1098 445 1155; x_wconf 88' lang='lat' dir='ltr'>vult</span> <span class='ocrx_word' id='word_1_77' title='bbox 469 1099 501 1154; x_wconf 92' lang='lat' dir='ltr'>in</span> <span class='ocrx_word' id='word_1_78' title='bbox 521 1095 695 1168; x_wconf 82' lang='lat' dir='ltr'>virginibus</span> <span class='ocrx_word' id='word_1_79' title='bbox 732 1093 794 1151; x_wconf 87' lang='lat' dir='ltr'>Sed</span> <span class='ocrx_word' id='word_1_80' title='bbox 819 1109 888 1150; x_wconf 88' lang='lat' dir='ltr'>cnm</span> <span class='ocrx_word' id='word_1_81' title='bbox 912 1091 978 1165; x_wconf 91' lang='lat' dir='ltr'>ipse</span> <span class='ocrx_word' id='word_1_82' title='bbox 999 1091 1132 1164; x_wconf 84' lang='lat' dir='ltr'>virgines</span> <span class='ocrx_word' id='word_1_83' title='bbox 1153 1109 1248 1159; x_wconf 84' lang='lat' dir='ltr'>sacre,</span> <span class='ocrx_word' id='word_1_84' title='bbox 1268 1093 1426 1164; x_wconf 89' lang='lat' dir='ltr'>quomodo</span> 
     </span>
     <span class='ocr_line' id='line_1_10' title="bbox 271 1179 1425 1253; baseline -0.006 -11"><span class='ocrx_word' id='word_1_85' title='bbox 271 1185 327 1244; x_wconf 77' lang='lat' dir='ltr'>hee</span> <span class='ocrx_word' id='word_1_86' title='bbox 340 1185 455 1253; x_wconf 87' lang='lat' dir='ltr'>fierent,</span> <span class='ocrx_word' id='word_1_87' title='bbox 468 1201 587 1241; x_wconf 89' lang='lat' dir='ltr'>summa</span> <span class='ocrx_word' id='word_1_88' title='bbox 599 1182 741 1240; x_wconf 83' lang='lat' dir='ltr'>instantia</span> <span class='ocrx_word' id='word_1_89' title='bbox 757 1182 1021 1253; x_wconf 79' lang='lat' dir='ltr'>interrogarentur,</span> <span class='ocrx_word' id='word_1_90' title='bbox 1034 1179 1183 1236; x_wconf 83' lang='lat' dir='ltr'>affuerunt</span> <span class='ocrx_word' id='word_1_91' title='bbox 1198 1179 1302 1252; x_wconf 70' lang='lat' dir='ltr'>plures</span> <span class='ocrx_word' id='word_1_92' title='bbox 1321 1180 1425 1235; x_wconf 90' lang='lat' dir='ltr'>statim</span> 
     </span>
     <span class='ocr_line' id='line_1_11' title="bbox 227 1266 1426 1346; baseline -0.008 -12"><span class='ocrx_word' id='word_1_93' title='bbox 227 1297 259 1334; x_wconf 90' lang='lat' dir='ltr'>ro</span> <span class='ocrx_word' id='word_1_94' title='bbox 271 1274 507 1346; x_wconf 86' lang='lat' dir='ltr'>respondentes:</span> <span class='ocrx_word' id='word_1_95' title='bbox 528 1270 623 1341; x_wconf 88' lang='lat' dir='ltr'>‘Quid</span> <span class='ocrx_word' id='word_1_96' title='bbox 639 1287 695 1326; x_wconf 86' lang='lat' dir='ltr'>nos</span> <span class='ocrx_word' id='word_1_97' title='bbox 711 1277 827 1326; x_wconf 90' lang='lat' dir='ltr'>tantum</span> <span class='ocrx_word' id='word_1_98' title='bbox 843 1266 1042 1339; x_wconf 72' lang='lat' dir='ltr'>constringis⁸</span> <span class='ocrx_word' id='word_1_99' title='bbox 1058 1266 1288 1340; x_wconf 74' lang='lat' dir='ltr'>interrogando?</span> <span class='ocrx_word' id='word_1_100' title='bbox 1307 1268 1426 1340; x_wconf 89' lang='lat' dir='ltr'>absque</span> 
     </span>
     <span class='ocr_line' id='line_1_12' title="bbox 271 1353 1426 1427; baseline -0.006 -10"><span class='ocrx_word' id='word_1_101' title='bbox 271 1359 444 1418; x_wconf 87' lang='lat' dir='ltr'>difficultate</span> <span class='ocrx_word' id='word_1_102' title='bbox 465 1368 495 1417; x_wconf 89' lang='lat' dir='ltr'>et</span> <span class='ocrx_word' id='word_1_103' title='bbox 519 1359 585 1416; x_wconf 89' lang='lat' dir='ltr'>&#39;sine</span> <span class='ocrx_word' id='word_1_104' title='bbox 607 1357 722 1415; x_wconf 86' lang='lat' dir='ltr'>lesione</span> <span class='ocrx_word' id='word_1_105' title='bbox 746 1355 841 1412; x_wconf 88' lang='lat' dir='ltr'>nostri</span> <span class='ocrx_word' id='word_1_106' title='bbox 861 1354 1065 1412; x_wconf 85' lang='lat' dir='ltr'>transiuimus.</span> <span class='ocrx_word' id='word_1_107' title='bbox 1102 1353 1140 1410; x_wconf 84' lang='lat' dir='ltr'>Et</span> <span class='ocrx_word' id='word_1_108' title='bbox 1162 1354 1239 1412; x_wconf 88' lang='lat' dir='ltr'>scias</span> <span class='ocrx_word' id='word_1_109' title='bbox 1260 1371 1319 1427; x_wconf 92' lang='lat' dir='ltr'>pro</span> <span class='ocrx_word' id='word_1_110' title='bbox 1340 1363 1426 1410; x_wconf 89' lang='lat' dir='ltr'>eerto</span> 
     </span>
     <span class='ocr_line' id='line_1_13' title="bbox 270 1441 1426 1522; baseline -0.005 -18"><span class='ocrx_word' id='word_1_111' title='bbox 270 1447 341 1522; x_wconf 87' lang='lat' dir='ltr'>quia</span> <span class='ocrx_word' id='word_1_112' title='bbox 359 1447 445 1519; x_wconf 91' lang='lat' dir='ltr'>plura</span> <span class='ocrx_word' id='word_1_113' title='bbox 463 1448 502 1503; x_wconf 93' lang='lat' dir='ltr'>de</span> <span class='ocrx_word' id='word_1_114' title='bbox 520 1445 607 1502; x_wconf 90' lang='lat' dir='ltr'>nobis</span> <span class='ocrx_word' id='word_1_115' title='bbox 625 1461 686 1502; x_wconf 92' lang='lat' dir='ltr'>non</span> <span class='ocrx_word' id='word_1_116' title='bbox 705 1443 851 1516; x_wconf 86' lang='lat' dir='ltr'>scripsisti</span> <span class='ocrx_word' id='word_1_117' title='bbox 869 1459 929 1516; x_wconf 92' lang='lat' dir='ltr'>que</span> <span class='ocrx_word' id='word_1_118' title='bbox 947 1450 1017 1498; x_wconf 88' lang='lat' dir='ltr'>sunt</span> <span class='ocrx_word' id='word_1_119' title='bbox 1035 1441 1228 1499; x_wconf 82' lang='lat' dir='ltr'>admiranda&#39;</span> <span class='ocrx_word' id='word_1_120' title='bbox 1266 1441 1335 1511; x_wconf 83' lang='lat' dir='ltr'>Que</span> <span class='ocrx_word' id='word_1_121' title='bbox 1353 1459 1426 1498; x_wconf 91' lang='lat' dir='ltr'>curn</span> 
     </span>
     <span class='ocr_line' id='line_1_14' title="bbox 271 1529 1426 1603; baseline -0.006 -11"><span class='ocrx_word' id='word_1_122' title='bbox 271 1551 340 1592; x_wconf 89' lang='lat' dir='ltr'>sero</span> <span class='ocrx_word' id='word_1_123' title='bbox 352 1534 401 1591; x_wconf 91' lang='lat' dir='ltr'>vel</span> <span class='ocrx_word' id='word_1_124' title='bbox 419 1551 508 1592; x_wconf 89' lang='lat' dir='ltr'>mane</span> <span class='ocrx_word' id='word_1_125' title='bbox 521 1533 631 1590; x_wconf 89' lang='lat' dir='ltr'>dietam</span> <span class='ocrx_word' id='word_1_126' title='bbox 644 1531 701 1590; x_wconf 91' lang='lat' dir='ltr'>sibi</span> <span class='ocrx_word' id='word_1_127' title='bbox 714 1531 916 1588; x_wconf 83' lang='lat' dir='ltr'>deliberantes</span> <span class='ocrx_word' id='word_1_128' title='bbox 933 1538 1143 1603; x_wconf 78' lang='lat' dir='ltr'>proponerent,</span> <span class='ocrx_word' id='word_1_129' title='bbox 1158 1529 1214 1586; x_wconf 84' lang='lat' dir='ltr'>‘ibi</span> <span class='ocrx_word' id='word_1_130' title='bbox 1231 1530 1280 1585; x_wconf 90' lang='lat' dir='ltr'>vel</span> <span class='ocrx_word' id='word_1_131' title='bbox 1297 1529 1339 1586; x_wconf 91' lang='lat' dir='ltr'>ibi</span> <span class='ocrx_word' id='word_1_132' title='bbox 1354 1547 1426 1602; x_wconf 92' lang='lat' dir='ltr'>per·</span> 
     </span>
     <span class='ocr_line' id='line_1_15' title="bbox 271 1617 1427 1694; baseline -0.004 -16"><span class='ocrx_word' id='word_1_133' title='bbox 271 1621 474 1690; x_wconf 61' lang='lat' dir='ltr'>noctabimusss</span> <span class='ocrx_word' id='word_1_134' title='bbox 498 1622 612 1694; x_wconf 84' lang='lat' dir='ltr'>absque</span> <span class='ocrx_word' id='word_1_135' title='bbox 636 1619 727 1676; x_wconf 92' lang='lat' dir='ltr'>dubio</span> <span class='ocrx_word' id='word_1_136' title='bbox 750 1627 782 1675; x_wconf 90' lang='lat' dir='ltr'>et</span> <span class='ocrx_word' id='word_1_137' title='bbox 805 1617 871 1674; x_wconf 88' lang='lat' dir='ltr'>sine</span> <span class='ocrx_word' id='word_1_138' title='bbox 900 1617 1116 1690; x_wconf 90' lang='lat' dir='ltr'>impedimento</span> <span class='ocrx_word' id='word_1_139' title='bbox 1140 1635 1208 1674; x_wconf 91' lang='lat' dir='ltr'>cum</span> <span class='ocrx_word' id='word_1_140' title='bbox 1232 1617 1427 1690; x_wconf 78' lang='lat' dir='ltr'>permaxima</span> 
     </span>
    </p>
   </div>
   <div class='ocr_carea' id='block_1_6' title="bbox 229 1707 1009 1784">
    <p class='ocr_par' dir='ltr' id='par_1_6' title="bbox 229 1707 1009 1784">
     <span class='ocr_line' id='line_1_16' title="bbox 229 1707 1009 1784; baseline -0.009 -16"><span class='ocrx_word' id='word_1_141' title='bbox 229 1731 257 1784; x_wconf 74' lang='lat'>¹⁵</span> <span class='ocrx_word' id='word_1_142' title='bbox 271 1709 317 1767; x_wconf 89' lang='lat' dir='ltr'>sui</span> <span class='ocrx_word' id='word_1_143' title='bbox 329 1709 429 1768; x_wconf 88' lang='lat' dir='ltr'>cordis</span> <span class='ocrx_word' id='word_1_144' title='bbox 442 1709 622 1766; x_wconf 89' lang='lat' dir='ltr'>iucunditate</span> <span class='ocrx_word' id='word_1_145' title='bbox 635 1707 703 1764; x_wconf 88' lang='lat' dir='ltr'>illuc</span> <span class='ocrx_word' id='word_1_146' title='bbox 716 1722 785 1764; x_wconf 88' lang='lat' dir='ltr'>sero</span> <span class='ocrx_word' id='word_1_147' title='bbox 797 1713 1009 1778; x_wconf 86' lang='lat' dir='ltr'>peruenerunt.</span> 
     </span>
    </p>
   </div>
   <div class='ocr_carea' id='block_1_7' title="bbox 333 1867 1364 2032">
    <p class='ocr_par' dir='ltr' id='par_1_7' title="bbox 333 1867 1364 2032">
     <span class='ocr_line' id='line_1_17' title="bbox 333 1867 1364 1944; baseline -0.005 -11"><span class='ocrx_word' id='word_1_148' title='bbox 333 1873 358 1934; x_wconf 76' lang='lat' dir='ltr'>tl</span> <span class='ocrx_word' id='word_1_149' title='bbox 379 1873 467 1944; x_wconf 86' lang='lat' dir='ltr'>Quod</span> <span class='ocrx_word' id='word_1_150' title='bbox 479 1871 561 1929; x_wconf 90' lang='lat' dir='ltr'>nulla</span> <span class='ocrx_word' id='word_1_151' title='bbox 574 1887 668 1944; x_wconf 87' lang='lat' dir='ltr'>super</span> <span class='ocrx_word' id='word_1_152' title='bbox 678 1886 732 1927; x_wconf 90' lang='lat' dir='ltr'>eas</span> <span class='ocrx_word' id='word_1_153' title='bbox 745 1868 847 1942; x_wconf 89' lang='lat' dir='ltr'>pluuia</span> <span class='ocrx_word' id='word_1_154' title='bbox 859 1867 967 1926; x_wconf 89' lang='lat' dir='ltr'>cecidit</span> <span class='ocrx_word' id='word_1_155' title='bbox 980 1886 1019 1926; x_wconf 86' lang='lat' dir='ltr'>ex</span> <span class='ocrx_word' id='word_1_156' title='bbox 1032 1887 1091 1942; x_wconf 95' lang='lat' dir='ltr'>quo</span> <span class='ocrx_word' id='word_1_157' title='bbox 1103 1871 1142 1926; x_wconf 91' lang='lat' dir='ltr'>de</span> <span class='ocrx_word' id='word_1_158' title='bbox 1154 1870 1264 1944; x_wconf 87' lang='lat' dir='ltr'>palatio</span> <span class='ocrx_word' id='word_1_159' title='bbox 1277 1871 1364 1944; x_wconf 89' lang='lat' dir='ltr'>regio</span> 
     </span>
     <span class='ocr_line' id='line_1_18' title="bbox 504 1955 1188 2032; baseline -0.003 -16"><span class='ocrx_word' id='word_1_160' title='bbox 504 1975 629 2032; x_wconf 85' lang='lat' dir='ltr'>egresse</span> <span class='ocrx_word' id='word_1_161' title='bbox 642 1965 714 2015; x_wconf 90' lang='lat' dir='ltr'>sunt</span> <span class='ocrx_word' id='word_1_162' title='bbox 726 1957 827 2014; x_wconf 91' lang='lat' dir='ltr'>eundo</span> <span class='ocrx_word' id='word_1_163' title='bbox 841 1955 971 2014; x_wconf 89' lang='lat' dir='ltr'>Romam</span> <span class='ocrx_word' id='word_1_164' title='bbox 984 1965 1014 2014; x_wconf 95' lang='lat' dir='ltr'>et</span> <span class='ocrx_word' id='word_1_165' title='bbox 1026 1959 1188 2014; x_wconf 89' lang='lat' dir='ltr'>redeundo.</span> 
     </span>
    </p>
   </div>
   <div class='ocr_carea' id='block_1_8' title="bbox 230 2069 1427 2679">
    <p class='ocr_par' dir='ltr' id='par_1_8' title="bbox 272 2069 1427 2416">
     <span class='ocr_line' id='line_1_19' title="bbox 311 2069 1427 2155; baseline -0.003 -15"><span class='ocrx_word' id='word_1_166' title='bbox 311 2069 363 2140; x_wconf 83' lang='lat' dir='ltr'>Ex</span> <span class='ocrx_word' id='word_1_167' title='bbox 374 2099 434 2155; x_wconf 92' lang='lat' dir='ltr'>quo</span> <span class='ocrx_word' id='word_1_168' title='bbox 447 2097 521 2140; x_wconf 89' lang='lat' dir='ltr'>sane</span> <span class='ocrx_word' id='word_1_169' title='bbox 538 2081 576 2138; x_wconf 90' lang='lat' dir='ltr'>ab</span> <span class='ocrx_word' id='word_1_170' title='bbox 592 2079 659 2136; x_wconf 88' lang='lat' dir='ltr'>aula</span> <span class='ocrx_word' id='word_1_171' title='bbox 675 2077 756 2151; x_wconf 87' lang='lat' dir='ltr'>regis</span> <span class='ocrx_word' id='word_1_172' title='bbox 774 2079 862 2136; x_wconf 87' lang='lat' dir='ltr'>beate</span> <span class='ocrx_word' id='word_1_173' title='bbox 874 2077 984 2136; x_wconf 88' lang='lat' dir='ltr'>Vrsule</span> <span class='ocrx_word' id='word_1_174' title='bbox 1003 2079 1096 2152; x_wconf 88' lang='lat' dir='ltr'>patris</span> <span class='ocrx_word' id='word_1_175' title='bbox 1114 2079 1328 2146; x_wconf 87' lang='lat' dir='ltr'>discesserunt,</span> <span class='ocrx_word' id='word_1_176' title='bbox 1342 2081 1427 2138; x_wconf 91' lang='lat' dir='ltr'>nullo</span> 
     </span>
     <span class='ocr_line' id='line_1_20' title="bbox 272 2165 1427 2244; baseline -0.002 -17"><span class='ocrx_word' id='word_1_177' title='bbox 272 2169 532 2244; x_wconf 76' lang='lat' dir='ltr'>perfundebantur</span> <span class='ocrx_word' id='word_1_178' title='bbox 552 2167 648 2224; x_wconf 90' lang='lat' dir='ltr'>imbre</span> <span class='ocrx_word' id='word_1_179' title='bbox 673 2165 795 2239; x_wconf 89' lang='lat' dir='ltr'>pluuiali</span> <span class='ocrx_word' id='word_1_180' title='bbox 819 2174 926 2223; x_wconf 90' lang='lat' dir='ltr'>euntes</span> <span class='ocrx_word' id='word_1_181' title='bbox 946 2165 1075 2223; x_wconf 82' lang='lat' dir='ltr'>Romam</span> <span class='ocrx_word' id='word_1_182' title='bbox 1094 2166 1142 2224; x_wconf 86' lang='lat' dir='ltr'>et⁸</span> <span class='ocrx_word' id='word_1_183' title='bbox 1159 2168 1332 2238; x_wconf 88' lang='lat' dir='ltr'>redeuntes,</span> <span class='ocrx_word' id='word_1_184' title='bbox 1354 2170 1427 2242; x_wconf 90' lang='lat' dir='ltr'>quia</span> 
     </span>
     <span class='ocr_line' id='line_1_21' title="bbox 273 2253 1426 2328; baseline -0.003 -13"><span class='ocrx_word' id='word_1_185' title='bbox 273 2257 375 2315; x_wconf 90' lang='lat' dir='ltr'>diuina</span> <span class='ocrx_word' id='word_1_186' title='bbox 392 2273 444 2314; x_wconf 88' lang='lat' dir='ltr'>eas</span> <span class='ocrx_word' id='word_1_187' title='bbox 457 2254 616 2314; x_wconf 89' lang='lat' dir='ltr'>clementia</span> <span class='ocrx_word' id='word_1_188' title='bbox 632 2255 670 2312; x_wconf 91' lang='lat' dir='ltr'>ab</span> <span class='ocrx_word' id='word_1_189' title='bbox 688 2253 770 2310; x_wconf 89' lang='lat' dir='ltr'>omni</span> <span class='ocrx_word' id='word_1_190' title='bbox 789 2253 927 2310; x_wconf 88' lang='lat' dir='ltr'>molestia</span> <span class='ocrx_word' id='word_1_191' title='bbox 945 2253 1084 2328; x_wconf 83' lang='lat' dir='ltr'>protexit.</span> <span class='ocrx_word' id='word_1_192' title='bbox 1121 2254 1184 2312; x_wconf 90' lang='lat' dir='ltr'>Sed</span> <span class='ocrx_word' id='word_1_193' title='bbox 1201 2273 1241 2311; x_wconf 93' lang='lat' dir='ltr'>ne</span> <span class='ocrx_word' id='word_1_194' title='bbox 1259 2256 1318 2312; x_wconf 90' lang='lat' dir='ltr'>hoe</span> <span class='ocrx_word' id='word_1_195' title='bbox 1337 2257 1426 2313; x_wconf 89' lang='lat' dir='ltr'>alicui</span> 
     </span>
     <span class='ocr_line' id='line_1_22' title="bbox 273 2341 1426 2416; baseline 0 -14"><span class='ocrx_word' id='word_1_196' title='bbox 273 2344 446 2402; x_wconf 87' lang='lat' dir='ltr'>incredibile</span> <span class='ocrx_word' id='word_1_197' title='bbox 464 2342 608 2412; x_wconf 88' lang='lat' dir='ltr'>videatur,</span> <span class='ocrx_word' id='word_1_198' title='bbox 627 2341 816 2398; x_wconf 82' lang='lat' dir='ltr'>narrabimus</span> <span class='ocrx_word' id='word_1_199' title='bbox 834 2341 984 2414; x_wconf 85' lang='lat' dir='ltr'>quoddam</span> <span class='ocrx_word' id='word_1_200' title='bbox 1006 2341 1104 2399; x_wconf 91' lang='lat' dir='ltr'>simile</span> <span class='ocrx_word' id='word_1_201' title='bbox 1122 2343 1201 2416; x_wconf 91' lang='lat' dir='ltr'>quod</span> <span class='ocrx_word' id='word_1_202' title='bbox 1220 2343 1324 2400; x_wconf 90' lang='lat' dir='ltr'>multis</span> <span class='ocrx_word' id='word_1_203' title='bbox 1345 2345 1426 2402; x_wconf 89' lang='lat' dir='ltr'>bene</span> 
     </span>
    </p>

    <p class='ocr_par' dir='ltr' id='par_1_9' title="bbox 230 2427 1426 2679">
     <span class='ocr_line' id='line_1_23' title="bbox 230 2427 1426 2505; baseline -0.002 -15"><span class='ocrx_word' id='word_1_204' title='bbox 230 2442 460 2505; x_wconf 73' lang='lat' dir='ltr'>incompertum</span> <span class='ocrx_word' id='word_1_205' title='bbox 484 2439 538 2488; x_wconf 86' lang='lat' dir='ltr'>est</span> <span class='ocrx_word' id='word_1_206' title='bbox 583 2429 720 2502; x_wconf 90' lang='lat' dir='ltr'>Denique</span> <span class='ocrx_word' id='word_1_207' title='bbox 748 2430 853 2486; x_wconf 88' lang='lat' dir='ltr'>beatus</span> <span class='ocrx_word' id='word_1_208' title='bbox 878 2427 1052 2488; x_wconf 90' lang='lat' dir='ltr'>Bernardus</span> <span class='ocrx_word' id='word_1_209' title='bbox 1081 2431 1173 2487; x_wconf 86' lang='lat' dir='ltr'>abbas</span> <span class='ocrx_word' id='word_1_210' title='bbox 1197 2430 1426 2488; x_wconf 87' lang='lat' dir='ltr'>clareuallensis</span> 
     </span>
     <span class='ocr_line' id='line_1_24' title="bbox 274 2515 1425 2591; baseline -0.001 -15"><span class='ocrx_word' id='word_1_211' title='bbox 274 2521 345 2576; x_wconf 89' lang='lat' dir='ltr'>dum</span> <span class='ocrx_word' id='word_1_212' title='bbox 370 2519 530 2591; x_wconf 92' lang='lat' dir='ltr'>aliquando</span> <span class='ocrx_word' id='word_1_213' title='bbox 555 2519 610 2574; x_wconf 88' lang='lat' dir='ltr'>sub</span> <span class='ocrx_word' id='word_1_214' title='bbox 635 2517 714 2587; x_wconf 90' lang='lat' dir='ltr'>diuo,</span> <span class='ocrx_word' id='word_1_215' title='bbox 738 2515 877 2574; x_wconf 90' lang='lat' dir='ltr'>videlicet</span> <span class='ocrx_word' id='word_1_216' title='bbox 900 2517 958 2574; x_wconf 90' lang='lat' dir='ltr'>sub</span> <span class='ocrx_word' id='word_1_217' title='bbox 981 2535 1059 2587; x_wconf 86' lang='lat' dir='ltr'>aere,</span> <span class='ocrx_word' id='word_1_218' title='bbox 1085 2535 1153 2575; x_wconf 89' lang='lat' dir='ltr'>cum</span> <span class='ocrx_word' id='word_1_219' title='bbox 1177 2517 1268 2574; x_wconf 84' lang='lat' dir='ltr'>fratre</span> <span class='ocrx_word' id='word_1_220' title='bbox 1292 2519 1425 2591; x_wconf 89' lang='lat' dir='ltr'>quodam</span> 
     </span>
     <span class='ocr_line' id='line_1_25' title="bbox 274 2603 1426 2679; baseline 0 -15"><span class='ocrx_word' id='word_1_221' title='bbox 274 2607 385 2664; x_wconf 89' lang='lat' dir='ltr'>sedens</span> <span class='ocrx_word' id='word_1_222' title='bbox 401 2607 513 2662; x_wconf 85' lang='lat' dir='ltr'>litteras</span> <span class='ocrx_word' id='word_1_223' title='bbox 532 2604 665 2674; x_wconf 81' lang='lat' dir='ltr'>dictaret,</span> <span class='ocrx_word' id='word_1_224' title='bbox 682 2604 816 2677; x_wconf 89' lang='lat' dir='ltr'>alterque</span> <span class='ocrx_word' id='word_1_225' title='bbox 834 2603 899 2661; x_wconf 89' lang='lat' dir='ltr'>illas</span> <span class='ocrx_word' id='word_1_226' title='bbox 915 2603 1073 2662; x_wconf 88' lang='lat' dir='ltr'>scribendo</span> <span class='ocrx_word' id='word_1_227' title='bbox 1092 2613 1216 2675; x_wconf 87' lang='lat' dir='ltr'>notaret,</span> <span class='ocrx_word' id='word_1_228' title='bbox 1231 2623 1302 2662; x_wconf 89' lang='lat' dir='ltr'>ecce</span> <span class='ocrx_word' id='word_1_229' title='bbox 1315 2607 1426 2679; x_wconf 91' lang='lat' dir='ltr'>vbique</span> 
     </span>
    </p>
   </div>
   <div class='ocr_carea' id='block_1_9' title="bbox 273 2681 1515 2766">
    <p class='ocr_par' dir='ltr' id='par_1_10' title="bbox 273 2681 1515 2766">
     <span class='ocr_line' id='line_1_26' title="bbox 273 2681 1515 2766; baseline 0.001 -16"><span class='ocrx_word' id='word_1_230' title='bbox 273 2693 304 2750; x_wconf 92' lang='lat' dir='ltr'>in</span> <span class='ocrx_word' id='word_1_231' title='bbox 329 2693 453 2750; x_wconf 89' lang='lat' dir='ltr'>circuitu</span> <span class='ocrx_word' id='word_1_232' title='bbox 477 2693 598 2766; x_wconf 91' lang='lat' dir='ltr'>pluebat</span> <span class='ocrx_word' id='word_1_233' title='bbox 616 2703 647 2749; x_wconf 93' lang='lat' dir='ltr'>et</span> <span class='ocrx_word' id='word_1_234' title='bbox 667 2691 725 2766; x_wconf 90' lang='lat' dir='ltr'>ipsi</span> <span class='ocrx_word' id='word_1_235' title='bbox 744 2709 761 2748; x_wconf 89' lang='lat' dir='ltr'>a</span> <span class='ocrx_word' id='word_1_236' title='bbox 780 2691 882 2766; x_wconf 85' lang='lat' dir='ltr'>pluuia</span> <span class='ocrx_word' id='word_1_237' title='bbox 903 2691 1070 2750; x_wconf 87' lang='lat' dir='ltr'>scribentes</span> <span class='ocrx_word' id='word_1_238' title='bbox 1091 2693 1168 2750; x_wconf 91' lang='lat' dir='ltr'>illesi</span> <span class='ocrx_word' id='word_1_239' title='bbox 1189 2705 1427 2766; x_wconf 89' lang='lat' dir='ltr'>permanserunt</span> <span class='ocrx_word' id='word_1_240' title='bbox 1514 2681 1515 2690; x_wconf 36' lang='lat'>¹</span> 
     </span>
    </p>
   </div>
   <div class='ocr_carea' id='block_1_10' title="bbox 230 2779 1427 4080">
    <p class='ocr_par' dir='ltr' id='par_1_11' title="bbox 230 2779 1427 4080">
     <span class='ocr_line' id='line_1_27' title="bbox 274 2779 1426 2853; baseline 0 -15"><span class='ocrx_word' id='word_1_241' title='bbox 274 2790 304 2839; x_wconf 92' lang='lat' dir='ltr'>et</span> <span class='ocrx_word' id='word_1_242' title='bbox 325 2781 434 2838; x_wconf 89' lang='lat' dir='ltr'>intacti.</span> <span class='ocrx_word' id='word_1_243' title='bbox 470 2781 585 2838; x_wconf 84' lang='lat' dir='ltr'>Aderat</span> <span class='ocrx_word' id='word_1_244' title='bbox 606 2797 679 2838; x_wconf 90' lang='lat' dir='ltr'>sane</span> <span class='ocrx_word' id='word_1_245' title='bbox 701 2781 795 2837; x_wconf 88' lang='lat' dir='ltr'>sacris</span> <span class='ocrx_word' id='word_1_246' title='bbox 816 2779 981 2851; x_wconf 86' lang='lat' dir='ltr'>virginibus</span> <span class='ocrx_word' id='word_1_247' title='bbox 1001 2779 1033 2836; x_wconf 90' lang='lat' dir='ltr'>in</span> <span class='ocrx_word' id='word_1_248' title='bbox 1054 2779 1193 2837; x_wconf 90' lang='lat' dir='ltr'>omnibus</span> <span class='ocrx_word' id='word_1_249' title='bbox 1214 2779 1352 2853; x_wconf 88' lang='lat' dir='ltr'>piissime</span> <span class='ocrx_word' id='word_1_250' title='bbox 1377 2800 1426 2838; x_wconf 91' lang='lat' dir='ltr'>ce·</span> 
     </span>
     <span class='ocr_line' id='line_1_28' title="bbox 230 2867 1426 2942; baseline 0.003 -20"><span class='ocrx_word' id='word_1_251' title='bbox 230 2885 259 2936; x_wconf 80' lang='lat'>²⁵</span> <span class='ocrx_word' id='word_1_252' title='bbox 275 2869 370 2926; x_wconf 92' lang='lat' dir='ltr'>lorum</span> <span class='ocrx_word' id='word_1_253' title='bbox 389 2868 492 2942; x_wconf 85' lang='lat' dir='ltr'>regine</span> <span class='ocrx_word' id='word_1_254' title='bbox 511 2869 644 2926; x_wconf 91' lang='lat' dir='ltr'>custodia</span> <span class='ocrx_word' id='word_1_255' title='bbox 668 2876 699 2925; x_wconf 93' lang='lat' dir='ltr'>et</span> <span class='ocrx_word' id='word_1_256' title='bbox 723 2867 835 2940; x_wconf 64' lang='lat' dir='ltr'>gratim</span> <span class='ocrx_word' id='word_1_257' title='bbox 865 2867 926 2923; x_wconf 86' lang='lat' dir='ltr'>lida</span> <span class='ocrx_word' id='word_1_258' title='bbox 943 2867 1061 2924; x_wconf 89' lang='lat' dir='ltr'>illarum</span> <span class='ocrx_word' id='word_1_259' title='bbox 1079 2868 1197 2925; x_wconf 85' lang='lat' dir='ltr'>ductrix</span> <span class='ocrx_word' id='word_1_260' title='bbox 1215 2869 1264 2924; x_wconf 76' lang='lat' dir='ltr'>et¹</span> <span class='ocrx_word' id='word_1_261' title='bbox 1282 2867 1335 2941; x_wconf 91' lang='lat' dir='ltr'>pia</span> <span class='ocrx_word' id='word_1_262' title='bbox 1352 2869 1426 2926; x_wconf 88' lang='lat' dir='ltr'>fide-</span> 
     </span>
     <span class='ocr_line' id='line_1_29' title="bbox 274 2953 1425 3030; baseline -0.002 -16"><span class='ocrx_word' id='word_1_263' title='bbox 274 2957 342 3015; x_wconf 93' lang='lat' dir='ltr'>liter</span> <span class='ocrx_word' id='word_1_264' title='bbox 360 2976 411 3015; x_wconf 90' lang='lat' dir='ltr'>eas</span> <span class='ocrx_word' id='word_1_265' title='bbox 429 2959 552 3028; x_wconf 89' lang='lat' dir='ltr'>ducens,</span> <span class='ocrx_word' id='word_1_266' title='bbox 570 2973 661 3030; x_wconf 88' lang='lat' dir='ltr'>quarn</span> <span class='ocrx_word' id='word_1_267' title='bbox 679 2955 791 3013; x_wconf 87' lang='lat' dir='ltr'>imitate</span> <span class='ocrx_word' id='word_1_268' title='bbox 811 2962 880 3012; x_wconf 89' lang='lat' dir='ltr'>sunt</span> <span class='ocrx_word' id='word_1_269' title='bbox 898 2953 1074 3027; x_wconf 87' lang='lat' dir='ltr'>virginitatis</span> <span class='ocrx_word' id='word_1_270' title='bbox 1090 2973 1145 3014; x_wconf 90' lang='lat' dir='ltr'>sue</span> <span class='ocrx_word' id='word_1_271' title='bbox 1163 2955 1269 3012; x_wconf 88' lang='lat' dir='ltr'>florem</span> <span class='ocrx_word' id='word_1_272' title='bbox 1288 2956 1351 3012; x_wconf 86' lang='lat' dir='ltr'>filio</span> <span class='ocrx_word' id='word_1_273' title='bbox 1370 2973 1425 3014; x_wconf 91' lang='lat' dir='ltr'>suo</span> 
     </span>
     <span class='ocr_line' id='line_1_30' title="bbox 274 3041 1425 3118; baseline -0.001 -16"><span class='ocrx_word' id='word_1_274' title='bbox 274 3046 422 3118; x_wconf 81' lang='lat' dir='ltr'>virginum</span> <span class='ocrx_word' id='word_1_275' title='bbox 436 3045 552 3118; x_wconf 89' lang='lat' dir='ltr'>piarum</span> <span class='ocrx_word' id='word_1_276' title='bbox 566 3061 678 3116; x_wconf 89' lang='lat' dir='ltr'>sponso</span> <span class='ocrx_word' id='word_1_277' title='bbox 692 3042 862 3100; x_wconf 83' lang='lat' dir='ltr'>offerentes.</span> <span class='ocrx_word' id='word_1_278' title='bbox 900 3041 993 3098; x_wconf 90' lang='lat' dir='ltr'>Porro</span> <span class='ocrx_word' id='word_1_279' title='bbox 1005 3042 1150 3100; x_wconf 86' lang='lat' dir='ltr'>infantule</span> <span class='ocrx_word' id='word_1_280' title='bbox 1163 3041 1241 3116; x_wconf 67' lang='lat' dir='ltr'>que⁵</span> <span class='ocrx_word' id='word_1_281' title='bbox 1257 3042 1289 3099; x_wconf 92' lang='lat' dir='ltr'>in</span> <span class='ocrx_word' id='word_1_282' title='bbox 1308 3043 1425 3101; x_wconf 90' lang='lat' dir='ltr'>sinibus</span> 
     </span>
     <span class='ocr_line' id='line_1_31' title="bbox 274 3130 1425 3206; baseline 0 -18"><span class='ocrx_word' id='word_1_283' title='bbox 274 3133 480 3205; x_wconf 79' lang='lat' dir='ltr'>quarundam⁸</span> <span class='ocrx_word' id='word_1_284' title='bbox 492 3133 693 3206; x_wconf 83' lang='lat' dir='ltr'>gestabantur,</span> <span class='ocrx_word' id='word_1_285' title='bbox 707 3131 796 3199; x_wconf 92' lang='lat' dir='ltr'>nullo,</span> <span class='ocrx_word' id='word_1_286' title='bbox 808 3139 840 3186; x_wconf 92' lang='lat' dir='ltr'>vt</span> <span class='ocrx_word' id='word_1_287' title='bbox 857 3131 1078 3202; x_wconf 62' lang='lat' dir='ltr'>supradictuml</span> <span class='ocrx_word' id='word_1_288' title='bbox 1092 3139 1147 3198; x_wconf 90' lang='lat' dir='ltr'>est,</span> <span class='ocrx_word' id='word_1_289' title='bbox 1160 3130 1225 3186; x_wconf 92' lang='lat' dir='ltr'>cibo</span> <span class='ocrx_word' id='word_1_290' title='bbox 1238 3132 1287 3188; x_wconf 85' lang='lat' dir='ltr'>vel</span> <span class='ocrx_word' id='word_1_291' title='bbox 1298 3133 1425 3188; x_wconf 85' lang='lat' dir='ltr'>vbemm</span> 
     </span>
     <span class='ocr_line' id='line_1_32' title="bbox 274 3216 1426 3291; baseline 0.001 -15"><span class='ocrx_word' id='word_1_292' title='bbox 274 3221 350 3276; x_wconf 89' lang='lat' dir='ltr'>lacte</span> <span class='ocrx_word' id='word_1_293' title='bbox 380 3221 543 3288; x_wconf 86' lang='lat' dir='ltr'>alebantur,</span> <span class='ocrx_word' id='word_1_294' title='bbox 569 3220 624 3276; x_wconf 89' lang='lat' dir='ltr'>sed</span> <span class='ocrx_word' id='word_1_295' title='bbox 649 3235 718 3276; x_wconf 88' lang='lat' dir='ltr'>cum</span> <span class='ocrx_word' id='word_1_296' title='bbox 743 3218 818 3276; x_wconf 88' lang='lat' dir='ltr'>forte</span> <span class='ocrx_word' id='word_1_297' title='bbox 843 3216 967 3290; x_wconf 86' lang='lat' dir='ltr'>digitum</span> <span class='ocrx_word' id='word_1_298' title='bbox 998 3217 1043 3274; x_wconf 88' lang='lat' dir='ltr'>ori</span> <span class='ocrx_word' id='word_1_299' title='bbox 1072 3217 1273 3291; x_wconf 90' lang='lat' dir='ltr'>imponerent,</span> <span class='ocrx_word' id='word_1_300' title='bbox 1295 3219 1426 3277; x_wconf 75' lang='lat' dir='ltr'>exinde⁴</span> 
     </span>
     <span class='ocr_line' id='line_1_33' title="bbox 230 3305 1425 3379; baseline 0 -15"><span class='ocrx_word' id='word_1_301' title='bbox 230 3330 261 3379; x_wconf 79' lang='lat'>30</span> <span class='ocrx_word' id='word_1_302' title='bbox 275 3307 489 3363; x_wconf 89' lang='lat' dir='ltr'>nutrimentum</span> <span class='ocrx_word' id='word_1_303' title='bbox 521 3306 663 3363; x_wconf 88' lang='lat' dir='ltr'>diuinitus</span> <span class='ocrx_word' id='word_1_304' title='bbox 694 3306 751 3363; x_wconf 89' lang='lat' dir='ltr'>sibi</span> <span class='ocrx_word' id='word_1_305' title='bbox 781 3307 883 3362; x_wconf 91' lang='lat' dir='ltr'>datum</span> <span class='ocrx_word' id='word_1_306' title='bbox 911 3305 1082 3362; x_wconf 81' lang='lat' dir='ltr'>suxerunt⁸.</span> <span class='ocrx_word' id='word_1_307' title='bbox 1132 3305 1329 3379; x_wconf 89' lang='lat' dir='ltr'>Reliquarum</span> <span class='ocrx_word' id='word_1_308' title='bbox 1354 3325 1425 3364; x_wconf 88' lang='lat' dir='ltr'>vero</span> 
     </span>
     <span class='ocr_line' id='line_1_34' title="bbox 274 3392 1425 3467; baseline 0 -17"><span class='ocrx_word' id='word_1_309' title='bbox 274 3395 467 3467; x_wconf 86' lang='lat' dir='ltr'>quamplures</span> <span class='ocrx_word' id='word_1_310' title='bbox 497 3393 646 3466; x_wconf 89' lang='lat' dir='ltr'>virginum</span> <span class='ocrx_word' id='word_1_311' title='bbox 682 3409 871 3467; x_wconf 91' lang='lat' dir='ltr'>nequaquam</span> <span class='ocrx_word' id='word_1_312' title='bbox 906 3393 987 3450; x_wconf 84' lang='lat' dir='ltr'>tam⁴</span> <span class='ocrx_word' id='word_1_313' title='bbox 1017 3392 1110 3449; x_wconf 90' lang='lat' dir='ltr'>multo</span> <span class='ocrx_word' id='word_1_314' title='bbox 1141 3393 1317 3466; x_wconf 85' lang='lat' dir='ltr'>indigebant</span> <span class='ocrx_word' id='word_1_315' title='bbox 1351 3395 1425 3464; x_wconf 92' lang='lat' dir='ltr'>cibo,</span> 
     </span>
     <span class='ocr_line' id='line_1_35' title="bbox 274 3479 1425 3554; baseline 0.001 -17"><span class='ocrx_word' id='word_1_316' title='bbox 274 3481 435 3554; x_wconf 81' lang='lat' dir='ltr'>quoniam⁹</span> <span class='ocrx_word' id='word_1_317' title='bbox 451 3479 499 3537; x_wconf 93' lang='lat' dir='ltr'>dei</span> <span class='ocrx_word' id='word_1_318' title='bbox 520 3481 622 3554; x_wconf 82' lang='lat' dir='ltr'>gratia,</span> <span class='ocrx_word' id='word_1_319' title='bbox 639 3479 727 3554; x_wconf 85' lang='lat' dir='ltr'>que¹⁰</span> <span class='ocrx_word' id='word_1_320' title='bbox 747 3481 813 3538; x_wconf 90' lang='lat' dir='ltr'>illas</span> <span class='ocrx_word' id='word_1_321' title='bbox 837 3479 1003 3538; x_wconf 86' lang='lat' dir='ltr'>lorinsecus</span> <span class='ocrx_word' id='word_1_322' title='bbox 1026 3497 1210 3538; x_wconf 90' lang='lat' dir='ltr'>conseruans</span> <span class='ocrx_word' id='word_1_323' title='bbox 1231 3482 1425 3553; x_wconf 86' lang='lat' dir='ltr'>gubernabat,</span> 
     </span>
     <span class='ocr_line' id='line_1_36' title="bbox 274 3567 1425 3638; baseline 0.002 -14"><span class='ocrx_word' id='word_1_324' title='bbox 274 3570 456 3626; x_wconf 90' lang='lat' dir='ltr'>intrinsecus</span> <span class='ocrx_word' id='word_1_325' title='bbox 473 3569 575 3626; x_wconf 87' lang='lat' dir='ltr'>aderat</span> <span class='ocrx_word' id='word_1_326' title='bbox 594 3569 764 3627; x_wconf 86' lang='lat' dir='ltr'>confortans</span> <span class='ocrx_word' id='word_1_327' title='bbox 782 3586 835 3625; x_wconf 89' lang='lat' dir='ltr'>eas</span> <span class='ocrx_word' id='word_1_328' title='bbox 853 3577 883 3625; x_wconf 95' lang='lat' dir='ltr'>et</span> <span class='ocrx_word' id='word_1_329' title='bbox 903 3576 1085 3626; x_wconf 90' lang='lat' dir='ltr'>sustentans.</span> <span class='ocrx_word' id='word_1_330' title='bbox 1121 3567 1180 3638; x_wconf 87' lang='lat' dir='ltr'>Qui</span> <span class='ocrx_word' id='word_1_331' title='bbox 1199 3578 1298 3624; x_wconf 87' lang='lat' dir='ltr'>autem</span> <span class='ocrx_word' id='word_1_332' title='bbox 1317 3568 1425 3626; x_wconf 90' lang='lat' dir='ltr'>horum</span> 
     </span>
     <span class='ocr_line' id='line_1_37' title="bbox 275 3654 1426 3730; baseline 0.001 -18"><span class='ocrx_word' id='word_1_333' title='bbox 275 3673 334 3729; x_wconf 91' lang='lat' dir='ltr'>que</span> <span class='ocrx_word' id='word_1_334' title='bbox 358 3656 534 3730; x_wconf 88' lang='lat' dir='ltr'>scripsimus</span> <span class='ocrx_word' id='word_1_335' title='bbox 561 3655 734 3714; x_wconf 89' lang='lat' dir='ltr'>incredulus</span> <span class='ocrx_word' id='word_1_336' title='bbox 758 3655 853 3726; x_wconf 86' lang='lat' dir='ltr'>luerit,</span> <span class='ocrx_word' id='word_1_337' title='bbox 878 3655 956 3728; x_wconf 87' lang='lat' dir='ltr'>legat</span> <span class='ocrx_word' id='word_1_338' title='bbox 980 3655 1065 3712; x_wconf 90' lang='lat' dir='ltr'>Vitas</span> <span class='ocrx_word' id='word_1_339' title='bbox 1091 3654 1213 3711; x_wconf 86' lang='lat' dir='ltr'>Patrurn</span> <span class='ocrx_word' id='word_1_340' title='bbox 1238 3663 1267 3710; x_wconf 90' lang='lat' dir='ltr'>et</span> <span class='ocrx_word' id='word_1_341' title='bbox 1292 3655 1426 3714; x_wconf 89' lang='lat' dir='ltr'>inueniet</span> 
     </span>
     <span class='ocr_line' id='line_1_38' title="bbox 231 3743 1426 3817; baseline 0.001 -17"><span class='ocrx_word' id='word_1_342' title='bbox 231 3766 261 3817; x_wconf 76' lang='lat'>35</span> <span class='ocrx_word' id='word_1_343' title='bbox 275 3745 377 3817; x_wconf 90' lang='lat' dir='ltr'>plures</span> <span class='ocrx_word' id='word_1_344' title='bbox 389 3745 420 3801; x_wconf 93' lang='lat' dir='ltr'>in</span> <span class='ocrx_word' id='word_1_345' title='bbox 434 3745 629 3802; x_wconf 87' lang='lat' dir='ltr'>ebdomada¹¹</span> <span class='ocrx_word' id='word_1_346' title='bbox 642 3744 737 3802; x_wconf 89' lang='lat' dir='ltr'>semel</span> <span class='ocrx_word' id='word_1_347' title='bbox 750 3745 867 3800; x_wconf 92' lang='lat' dir='ltr'>modico</span> <span class='ocrx_word' id='word_1_348' title='bbox 884 3743 950 3800; x_wconf 92' lang='lat' dir='ltr'>cibo</span> <span class='ocrx_word' id='word_1_349' title='bbox 968 3752 1085 3816; x_wconf 83' lang='lat' dir='ltr'>gustato</span> <span class='ocrx_word' id='word_1_350' title='bbox 1104 3751 1295 3800; x_wconf 76' lang='lat' dir='ltr'>sustentatos</span> <span class='ocrx_word' id='word_1_351' title='bbox 1333 3743 1426 3817; x_wconf 86' lang='lat' dir='ltr'>Legat</span> 
     </span>
     <span class='ocr_line' id='line_1_39' title="bbox 275 3830 1426 3906; baseline -0.002 -16"><span class='ocrx_word' id='word_1_352' title='bbox 275 3843 305 3890; x_wconf 89' lang='lat' dir='ltr'>et</span> <span class='ocrx_word' id='word_1_353' title='bbox 317 3832 408 3889; x_wconf 91' lang='lat' dir='ltr'>vitarn</span> <span class='ocrx_word' id='word_1_354' title='bbox 423 3832 517 3890; x_wconf 89' lang='lat' dir='ltr'>Marie</span> <span class='ocrx_word' id='word_1_355' title='bbox 532 3831 684 3906; x_wconf 87' lang='lat' dir='ltr'>Egiptiace</span> <span class='ocrx_word' id='word_1_356' title='bbox 700 3840 730 3888; x_wconf 91' lang='lat' dir='ltr'>et</span> <span class='ocrx_word' id='word_1_357' title='bbox 746 3831 878 3889; x_wconf 90' lang='lat' dir='ltr'>inueniet</span> <span class='ocrx_word' id='word_1_358' title='bbox 895 3847 962 3888; x_wconf 89' lang='lat' dir='ltr'>eam</span> <span class='ocrx_word' id='word_1_359' title='bbox 979 3831 1095 3888; x_wconf 90' lang='lat' dir='ltr'>duobus</span> <span class='ocrx_word' id='word_1_360' title='bbox 1112 3830 1240 3904; x_wconf 90' lang='lat' dir='ltr'>panibus</span> <span class='ocrx_word' id='word_1_361' title='bbox 1257 3839 1288 3888; x_wconf 91' lang='lat' dir='ltr'>et</span> <span class='ocrx_word' id='word_1_362' title='bbox 1305 3832 1426 3888; x_wconf 89' lang='lat' dir='ltr'>dimidio</span> 
     </span>
     <span class='ocr_line' id='line_1_40' title="bbox 276 3919 1426 3993; baseline -0.001 -15"><span class='ocrx_word' id='word_1_363' title='bbox 276 3938 331 3993; x_wconf 88' lang='lat' dir='ltr'>per</span> <span class='ocrx_word' id='word_1_364' title='bbox 357 3921 462 3978; x_wconf 92' lang='lat' dir='ltr'>decem</span> <span class='ocrx_word' id='word_1_365' title='bbox 490 3928 520 3978; x_wconf 88' lang='lat' dir='ltr'>et</span> <span class='ocrx_word' id='word_1_366' title='bbox 547 3930 664 3992; x_wconf 88' lang='lat' dir='ltr'>septem</span> <span class='ocrx_word' id='word_1_367' title='bbox 691 3935 788 3975; x_wconf 88' lang='lat' dir='ltr'>annos</span> <span class='ocrx_word' id='word_1_368' title='bbox 817 3919 978 3976; x_wconf 90' lang='lat' dir='ltr'>sustentari</span> <span class='ocrx_word' id='word_1_369' title='bbox 988 3919 1017 3989; x_wconf 75' lang='lat'>¹²,</span> <span class='ocrx_word' id='word_1_370' title='bbox 1038 3936 1072 3976; x_wconf 90' lang='lat' dir='ltr'>ac</span> <span class='ocrx_word' id='word_1_371' title='bbox 1102 3919 1295 3991; x_wconf 88' lang='lat' dir='ltr'>postmodum</span> <span class='ocrx_word' id='word_1_372' title='bbox 1324 3920 1426 3992; x_wconf 87' lang='lat' dir='ltr'>paucis</span> 
     </span>
     <span class='ocr_line' id='line_1_41' title="bbox 276 4005 1427 4080; baseline -0.001 -15"><span class='ocrx_word' id='word_1_373' title='bbox 276 4008 436 4066; x_wconf 88' lang='lat' dir='ltr'>herbarum</span> <span class='ocrx_word' id='word_1_374' title='bbox 455 4007 604 4065; x_wconf 87' lang='lat' dir='ltr'>radicibus</span> <span class='ocrx_word' id='word_1_375' title='bbox 621 4006 761 4064; x_wconf 77' lang='lat' dir='ltr'>viuere¹³.</span> <span class='ocrx_word' id='word_1_376' title='bbox 799 4005 936 4079; x_wconf 90' lang='lat' dir='ltr'>Denique</span> <span class='ocrx_word' id='word_1_377' title='bbox 960 4007 1120 4080; x_wconf 90' lang='lat' dir='ltr'>plusquam</span> <span class='ocrx_word' id='word_1_378' title='bbox 1136 4007 1271 4063; x_wconf 90' lang='lat' dir='ltr'>valerent</span> <span class='ocrx_word' id='word_1_379' title='bbox 1292 4006 1351 4064; x_wconf 91' lang='lat' dir='ltr'>iste</span> <span class='ocrx_word' id='word_1_380' title='bbox 1369 4008 1427 4065; x_wconf 92' lang='lat' dir='ltr'>vir-</span> 
     </span>
    </p>
   </div>
   <div class='ocr_carea' id='block_1_11' title="bbox 276 4193 1427 4393">
    <p class='ocr_par' dir='ltr' id='par_1_12' title="bbox 276 4193 1427 4393">
     <span class='ocr_line' id='line_1_42' title="bbox 308 4193 1427 4259; baseline 0 -13"><span class='ocrx_word' id='word_1_381' title='bbox 308 4198 317 4228; x_wconf 89' lang='lat'><strong>¹</strong></span> <span class='ocrx_word' id='word_1_382' title='bbox 336 4197 364 4246; x_wconf 90' lang='grc' dir='ltr'>Β.</span> <span class='ocrx_word' id='word_1_383' title='bbox 379 4199 522 4249; x_wconf 89' lang='lat' dir='ltr'>duodecim.</span> <span class='ocrx_word' id='word_1_384' title='bbox 586 4197 597 4228; x_wconf 92' lang='lat'><strong>¹</strong></span> <span class='ocrx_word' id='word_1_385' title='bbox 614 4197 644 4246; x_wconf 92' lang='lat' dir='ltr'>B.</span> <span class='ocrx_word' id='word_1_386' title='bbox 657 4197 819 4259; x_wconf 83' lang='lat' dir='ltr'>distringitis.</span> <span class='ocrx_word' id='word_1_387' title='bbox 886 4195 896 4226; x_wconf 83' lang='lat'>⁸</span> <span class='ocrx_word' id='word_1_388' title='bbox 915 4197 944 4246; x_wconf 90' lang='lat' dir='ltr'>B.</span> <span class='ocrx_word' id='word_1_389' title='bbox 956 4197 1022 4247; x_wconf 86' lang='lat' dir='ltr'>siue.</span> <span class='ocrx_word' id='word_1_390' title='bbox 1088 4193 1165 4246; x_wconf 79' lang='lat' dir='ltr'>¹0m.</span> <span class='ocrx_word' id='word_1_391' title='bbox 1177 4197 1203 4246; x_wconf 91' lang='lat' dir='ltr'>in</span> <span class='ocrx_word' id='word_1_392' title='bbox 1222 4195 1253 4245; x_wconf 92' lang='lat' dir='ltr'>B.</span> <span class='ocrx_word' id='word_1_393' title='bbox 1320 4195 1379 4246; x_wconf 76' lang='lat'>⁸13.</span> <span class='ocrx_word' id='word_1_394' title='bbox 1391 4198 1427 4246; x_wconf 88' lang='lat' dir='ltr'>in-</span> 
     </span>
     <span class='ocr_line' id='line_1_43' title="bbox 277 4260 1426 4328; baseline -0.002 -16"><span class='ocrx_word' id='word_1_395' title='bbox 277 4264 430 4328; x_wconf 77' lang='lat' dir='ltr'>fantuliqui.</span> <span class='ocrx_word' id='word_1_396' title='bbox 512 4263 569 4315; x_wconf 72' lang='lat'>⁸13.</span> <span class='ocrx_word' id='word_1_397' title='bbox 581 4265 748 4328; x_wconf 88' lang='lat' dir='ltr'>quorundam.</span> <span class='ocrx_word' id='word_1_398' title='bbox 832 4260 890 4312; x_wconf 72' lang='grc' dir='ltr'>ΙΒ.</span> <span class='ocrx_word' id='word_1_399' title='bbox 903 4263 1005 4312; x_wconf 89' lang='lat' dir='ltr'>dietum.</span> <span class='ocrx_word' id='word_1_400' title='bbox 1088 4261 1143 4311; x_wconf 75' lang='lat' dir='ltr'>&#39;E</span> <span class='ocrx_word' id='word_1_401' title='bbox 1158 4267 1292 4325; x_wconf 85' lang='lat' dir='ltr'>sugerunt.</span> <span class='ocrx_word' id='word_1_402' title='bbox 1375 4265 1426 4316; x_wconf 69' lang='lat' dir='ltr'>&#39;R</span> 
     </span>
     <span class='ocr_line' id='line_1_44' title="bbox 276 4327 1417 4393; baseline 0.003 -16"><span class='ocrx_word' id='word_1_403' title='bbox 276 4344 360 4391; x_wconf 86' lang='lat' dir='ltr'>quarn.</span> <span class='ocrx_word' id='word_1_404' title='bbox 426 4329 445 4360; x_wconf 86' lang='lat'>¹⁰</span> <span class='ocrx_word' id='word_1_405' title='bbox 461 4329 556 4393; x_wconf 90' lang='lat' dir='ltr'>B.qui.</span> <span class='ocrx_word' id='word_1_406' title='bbox 623 4327 641 4358; x_wconf 84' lang='lat'>²¹</span> <span class='ocrx_word' id='word_1_407' title='bbox 658 4329 845 4380; x_wconf 74' lang='lat' dir='ltr'>neocoratu.</span> <span class='ocrx_word' id='word_1_408' title='bbox 911 4327 932 4359; x_wconf 83' lang='lat'>¹¹</span> <span class='ocrx_word' id='word_1_409' title='bbox 947 4329 977 4379; x_wconf 91' lang='lat' dir='ltr'>B.</span> <span class='ocrx_word' id='word_1_410' title='bbox 990 4334 1169 4379; x_wconf 82' lang='lat' dir='ltr'>sustentatam.</span> <span class='ocrx_word' id='word_1_411' title='bbox 1234 4327 1252 4358; x_wconf 80' lang='lat'>¹⁸</span> <span class='ocrx_word' id='word_1_412' title='bbox 1268 4327 1300 4378; x_wconf 90' lang='grc' dir='ltr'>Β.</span> <span class='ocrx_word' id='word_1_413' title='bbox 1313 4329 1417 4381; x_wconf 79' lang='lat' dir='ltr'>vixisse.</span> 
     </span>
    </p>
   </div>
   <div class='ocr_carea' id='block_1_12' title="bbox 0 0 1537 4888">
    <p class='ocr_par' dir='ltr' id='par_1_13' title="bbox 0 0 1537 4888">
     <span class='ocr_line' id='line_1_45' title="bbox 0 0 1537 4888; baseline 0 0"><span class='ocrx_word' id='word_1_414' title='bbox 0 0 1537 4888; x_wconf 95' lang='lat' dir='ltr'> </span> 
     </span>
    </p>
   </div>
  </div>
 </body>
</html>
