3054 4904
408 295 482 399 bi
507 301 672 392 stom
697 301 954 392 tamtmto.
1186 323 1253 398 135

102 503 254 576 aperiunt.
294 503 491 562 Lamsrancus
504 504 560 561 hoc
573 504 680 561 videns
697 503 728 560 in
746 513 857 562 terram
875 504 1082 578 prosternitur,
1097 521 1151 561 cur
1162 502 1256 560 abbas

104 592 147 649 sic
167 591 275 664 ploret,
288 593 399 665 aperiri
419 592 476 649 sibi
495 591 672 665 suppliciter
689 602 837 664 precatur.
874 592 960 648 Tunc
977 593 1071 648 abbas
1087 589 1147 648 ait:
1168 588 1255 646 ‘Heu

103 678 188 748 mihi,
201 681 247 736 cui
260 680 319 736 tale
332 680 497 751 dampnum
510 681 640 736 minatur
652 681 746 737 deust
771 679 818 737 Ve
831 679 913 750 mihi,
923 679 974 753 qui
984 696 1084 735 meum
1098 677 1254 735 consilium

103 765 232 838 perdidi,
247 783 349 824 meum
366 767 546 824 adiutorium
565 767 671 838 amisi!
710 766 888 824 Multociens
907 783 975 823 cum
992 765 1152 839 gemitibus
1164 765 1256 821 deum

102 853 207 926 rogaui
221 863 255 910 vt
266 853 365 910 virum
378 853 470 910 talem
483 853 559 910 mihi
578 862 726 925 prestaret
745 853 829 910 cuius
844 853 968 910 consilio
985 862 1015 910 et
1030 852 1140 910 auxilio
1157 853 1283 915 locums

102 940 195 996 mum
221 941 417 998 emendarem
436 950 467 998 et
486 957 547 1014 que
571 951 674 998 essent
699 942 757 998 deo
781 941 890 1012 placita
915 941 1131 997 monachorum
1150 939 1255 996 vsibus

100 1026 313 1098 instaurarem,
332 1038 363 1085 et
383 1029 526 1102 [quando]
539 1027 556 1100 ¹,
575 1027 666 1085 irater
685 1028 873 1098 Lamsrance,
893 1026 951 1085 huc
972 1036 1003 1084 te
1025 1029 1101 1084 deus
1121 1027 1254 1096 adduxit,

101 1133 211 1187 preces
230 1133 316 1173 meas
334 1118 490 1174 exauditas
509 1117 640 1174 credidi:
667 1133 747 1172 nunc
766 1125 879 1184 autem,
899 1115 1002 1172 nescio
1022 1116 1137 1188 quade
1156 1131 1254 1184 causa,

101 1203 171 1260 hinc
184 1203 343 1262 discedere
356 1222 406 1260 me
419 1205 522 1262 relicto
535 1203 657 1277 satagis,
669 1213 700 1260 et
712 1205 749 1260 ad
763 1205 884 1262 deserta
896 1220 1024 1276 pergere
1037 1202 1139 1275 cupis.⁸
1167 1201 1254 1258 Lam·

100 1291 231 1360 fimens,
243 1292 416 1365 intelligens
428 1291 612 1348 voluntatem
632 1309 718 1348 suam
735 1293 892 1360 detectam,
906 1300 937 1348 et
952 1290 1139 1363 propositum
1155 1289 1254 1346 cordis
1270 1306 1301 1342 ro

100 1378 155 1446 sui,
174 1380 258 1452 quod
277 1379 426 1436 occultum
445 1380 576 1452 putabat,
595 1379 752 1436 euidenter
773 1379 970 1452 propalatum,
990 1379 1104 1435 abbatis
1126 1377 1253 1450 pedibus

100 1465 179 1522 illico
192 1465 371 1536 aduoluitur,
384 1475 414 1524 et
426 1467 554 1539 qualiter
566 1467 624 1524 sibi
636 1467 837 1524 innotuissent
849 1466 927 1535 talia,
940 1465 1134 1523 sciscitaturi.
1165 1465 1252 1534 Quod

100 1571 170 1610 cum
189 1553 284 1610 abbas
299 1571 355 1626 per
372 1554 510 1612 ordinem
527 1555 719 1632 explicasset,
733 1554 931 1611 Lamsrancus
947 1571 1101 1627 nunquam
1119 1555 1206 1609 abeo
1219 1569 1253 1609 se

100 1641 308 1698 discessurum
333 1641 480 1713 promisit.
524 1642 610 1699 Tunc
635 1643 729 1700 abbas
752 1642 855 1715 ipsum
878 1642 1012 1716 priorem
1036 1641 1197 1710 constituit,
1223 1650 1252 1697 et

100 1727 276 1785 interiorem
290 1729 463 1786 monasterii
476 1728 506 1786 ei
518 1747 621 1786 curam
634 1728 794 1787 commisit.
1270 1745 1298 1796 ¹5

555 1861 579 1920 ti
598 1859 647 1916 Ex
657 1859 800 1916 cronicis&

138 1950 343 2020 Lamsrancus
357 1981 396 2020 ex
409 1964 549 2021 omnibus
558 1963 744 2022 Normannie
757 1963 955 2033 monasteriis,
963 1970 1140 2036 paupertate
1154 1962 1210 2018 loci
1223 1971 1253 2018 et

101 2050 248 2123 religione
269 2060 383 2123 captus,
405 2051 535 2107 beccum
555 2051 710 2124 preelegit,
729 2051 778 2109 vbi
795 2051 905 2108 etiam⁴
924 2050 1023 2124 ipsum
1047 2048 1255 2106 Heriutinum⁶

101 2139 242 2195 abbatem
260 2139 297 2194 ad
317 2140 490 2212 coquendos
509 2156 605 2212 panes
623 2139 807 2196 succinctum
815 2140 833 2210 ⁰,
854 2148 884 2196 et
903 2155 1011 2195 manus
1029 2137 1100 2192 fimo
1119 2135 1254 2194 iedatas⁷

101 2226 268 2300 conspexit.
295 2226 386 2300 Piger
395 2227 476 2283 enim
485 2228 813 2300 postea⁴monachatus
821 2228 911 2284 horno
919 2226 937 2297 ⁸,
946 2226 997 2299 qui
1006 2225 1253 2298 nesciretagresti

101 2331 195 2386 opere
207 2313 318 2370 victum
332 2331 469 2387 querere,
479 2315 614 2388 publicas
626 2315 724 2372 scolas
736 2317 774 2372 de
787 2315 923 2373 dialetica
935 2313 1090 2388 professus
1103 2321 1197 2381 est,vt
1210 2315 1253 2370 sic
1268 2333 1299 2368 ro

100 2411 268 2474 egestatem
287 2401 343 2458 loci
359 2401 519 2459 scolarium
536 2402 713 2460 liberalitate
729 2411 920 2476 temperaret.
957 2401 1058 2459 Gloria
1074 2400 1170 2458 laudis
1182 2419 1253 2458 con·

100 2488 184 2546 ssauit
204 2490 283 2562 apud
302 2489 457 2562 improbos
471 2491 535 2546 viro
552 2489 704 2560 inuidiam,
718 2490 864 2548 intantum
880 2499 912 2548 vt
928 2507 946 2546 a
961 2488 1065 2546 vicinis
1090 2488 1253 2561 capellanis

101 2573 162 2628 dux
186 2571 373 2629 Normannie
392 2572 565 2630 Willelmus
584 2575 720 2630 turbatus
738 2574 877 2640 ediceret,
896 2573 1106 2630 Lamfrancum
1125 2589 1180 2644 pro
1198 2589 1253 2628 sua

100 2657 327 2732 importunitate
353 2659 537 2716 Normannia
568 2661 786 2733 repellendum.
831 2661 908 2716 Nam
935 2660 1096 2717 Heriastus
1122 2659 1252 2732 quidam,

100 2745 338 2803 ducisWilleimi
346 2747 602 2820 capellanus,ante
610 2749 773 2804 aduentum
783 2747 951 2804 Lamsranci
959 2746 1120 2820 probabilis
1128 2746 1252 2803 scientie
1268 2763 1297 2813 ²5

100 2837 266 2904 estimatus,
277 2835 315 2890 ad
322 2833 518 2906 gimnasium⁹
526 2833 695 2892 Lamsranci
705 2853 773 2892 cum
783 2852 892 2907 magna
905 2834 1055 2891 sociorum
1064 2844 1094 2890 et
1107 2851 1252 2908 equorum

99 2938 215 2995 pompa
231 2932 413 2994 peruenerat
429 2941 435 2979 :
456 2931 525 2980 tunc
537 2921 741 2992 Lamsrancus,
754 2941 793 2980 ex
806 2923 902 2995 prima
915 2921 1045 2978 hominis
1058 2921 1252 2979 collocutione

100 3007 273 3081 intelligens
293 3010 373 3082 quod
394 3027 490 3083 prope
515 3009 588 3066 nihii
607 3009 706 3080 sciret,
725 3010 934 3066 abecedarium
944 3009 965 3041 ¹⁰
983 3007 1024 3064 illi
1043 3008 1180 3081 apposuit
1199 3025 1253 3082 ex-

101 3097 303 3169 pediendum,
324 3094 465 3153 ferociam
488 3097 618 3154 hominis
639 3097 735 3154 italica
753 3097 860 3171 peritia
879 3097 922 3154 sic
942 3097 1077 3153 eludens.
1115 3096 1182 3165 Quo
1202 3096 1252 3153 iile

100 3183 242 3252 irritatus,
255 3201 312 3254 per
324 3185 431 3240 ducem
444 3183 632 3242 Willelmum
644 3183 688 3241 sic
701 3185 807 3254 effecit,
820 3193 852 3241 vt
866 3183 1062 3240 lamfrancus
1079 3182 1161 3238 omni
1176 3183 1251 3238 Nor·
1266 3198 1298 3246 30

101 3273 222 3328 mannia
235 3271 474 3329 submoueretur.

101 3376 120 3406 ¹¹
132 3377 196 3435 Nec
210 3386 310 3433 motus
321 3377 414 3434 animi
426 3377 474 3435 sui
486 3378 541 3434 hac
551 3376 682 3435 vindicta
690 3377 863 3434 willelmus
876 3378 984 3433 sedare
995 3376 1138 3447 valens¹²,
1151 3376 1251 3435 villam

100 3466 252 3536 quandam
267 3465 404 3522 eiusdem
421 3464 593 3522 monasterii
607 3465 708 3522 voraci
723 3465 844 3522 flamma
859 3465 995 3522 consumi
1010 3465 1104 3522 iussit.
1142 3465 1251 3539 Sicque

103 3550 282 3608 Lamsranco
307 3552 497 3610 discedente:
528 3551 597 3626 quia
622 3553 728 3611 melior
752 3571 813 3611 non
838 3553 1012 3624 habebatur,
1031 3554 1125 3626 tripes
1145 3563 1250 3626 quarto

101 3641 180 3711 pede
204 3640 300 3696 inutili
329 3657 426 3713 equus
454 3640 496 3696 illi
526 3641 673 3712 tribuitur,
706 3650 737 3698 et
767 3639 894 3698 famulus
918 3659 1004 3698 vnus.
1052 3640 1129 3699 Cum
1150 3650 1250 3698 autem
1264 3657 1295 3707 35

100 3728 169 3785 duci
192 3729 335 3798 obuiaret,
355 3745 433 3800 equo
452 3745 508 3800 per
531 3729 665 3802 singulos
689 3746 799 3802 passus
820 3739 908 3802 caput
930 3731 968 3786 ad
993 3739 1104 3787 terram
1126 3730 1251 3788 submit·

100 3823 193 3886 lente,
208 3817 316 3873 ducem
335 3815 450 3872 salutat
488 3815 558 3873 Dux
573 3818 670 3888 primo
687 3817 802 3874 vultum
818 3817 935 3887 auertit,
953 3819 1008 3874 sed
1024 3817 1125 3874 diuina
1143 3825 1250 3889 agente

100 3903 269 3972 clementia,
289 3919 360 3960 mox
387 3904 558 3961 miserando
583 3905 725 3978 respexit,
751 3914 781 3962 et
810 3916 883 3963 nutu
911 3905 1110 3962 beniuolentie
1137 3906 1249 3961 aditum

100 3990 243 4064 loquendi
263 3991 420 4048 concessit.
456 3991 541 4048 Tunc
561 3991 667 4050 beatus
675 3991 697 4026 ¹⁸
717 3992 912 4050 Lamsrancus
933 3993 973 4050 ait
992 3991 1139 4049 dicens¹⁴:
1169 3992 1250 4050 ‘Tuo

134 4105 142 4136 ¹
156 4105 217 4154 ΤΞ..
229 4105 357 4167 quoniam.
425 4103 436 4134 ¹
459 4104 489 4154 E.
498 4105 649 4156 scissitatur.
723 4105 733 4135 ⁸
744 4105 781 4154 Ci.
791 4107 889 4156 Chron.
897 4107 994 4155 Bromt.
1003 4107 1060 4168 966,
1073 4104 1179 4167 Higden
1189 4105 1250 4167 vit,

100 4169 405 4231 6,wi11.ltatm.G.P.1.
455 4170 513 4220 ‘al
527 4186 578 4219 om.
627 4170 678 4221 ’Β
692 4171 841 4222 helwinum.
890 4170 1116 4222 ⁸E.suscinctum.
1171 4169 1246 4224 'om

102 4237 127 4284 in
144 4235 186 4288 Br.
311 4238 320 4266 ¹
337 4235 418 4287 ΨΜ.
431 4235 523 4286 Factus
535 4251 598 4298 ergo
609 4237 643 4285 ibi
655 4238 795 4286 monachus
806 4239 892 4288 homo.
1028 4237 1039 4266 ⁸
1055 4237 1085 4287 t.
1097 4237 1249 4298 giguasium.

101 4299 121 4394 ,ζ
137 4301 395 4417 ξ.Ειὶυίκτιοιε(Ιτίειιιιιιίι
475 4366 481 4378 ι
511 4300 601 4418 lim
612 4303 748 4366 following
759 4305 781 4353 is
792 4304 868 4367 again
880 4303 957 4354 taken
968 4303 1033 4353 from
1045 4303 1170 4366 Crispin's
1182 4303 1248 4354 vita

160 4405 166 4415 .
191 4383 307 4419 ‚voena
411 4383 461 4417 om.
474 4382 501 4416 m
533 4404 541 4418 .
