3054 4904
276 331 346 402 166
583 326 713 413 mitt
739 322 929 426 [tumba
954 321 1107 427 aurita

275 525 312 582 Et
325 543 393 582 cum
405 525 625 598 recessi[sse]t¹
642 524 813 600 episeopus,
826 527 925 583 subito
937 527 1051 584 elamor
1062 525 1156 584 laetus
1167 535 1215 584 est
1227 535 1258 582 et
1274 526 1433 599 planctus,

273 615 408 687 eoquod
427 623 544 670 mortua
560 623 614 672 εει.
651 614 765 671 Audito
787 614 925 684 tumultu,
952 613 1114 672 Malachiae
1131 613 1278 682 aceunit3
1304 625 1337 670 et
1355 632 1434 671 con·

273 711 426 758 sternatus
444 710 490 758 est
508 701 617 772 animo,
634 701 691 759 sibi
710 703 863 775 imputans
880 703 960 774 quod
978 702 1114 758 fraudata
1131 703 1226 774 gratia
1244 703 1433 758 sacramenti

272 789 388 847 obierit
426 789 464 846 Et
490 797 574 847 stans
599 807 693 863 super
714 807 789 860 earn,
815 799 877 845 tota
905 798 993 846 nocte
1018 789 1048 846 in
1074 790 1186 862 gemitu
1212 807 1268 845 suo
1295 798 1327 846 ει
1353 789 1433 844 fletu
1508 805 1509 874 ᾗ

244 877 433 944 51εδοτεδει.
472 876 562 934 Mane
585 887 686 934 autem
708 877 817 934 mulier
835 877 977 949 aperiens
997 877 1099 933 oculos
1120 893 1193 934 suos
1216 894 1251 934 se
1276 877 1381 932 erexit
1401 887 1433 932 et
1508 909 1509 916 κ

272 967 450 1038 episcopum
469 963 617 1021 salutauit.
692 953 763 1022 Fuit
782 967 864 1020 enim
884 963 1013 1021 eadem'
1030 965 1138 1021 mulier
1150 964 1255 1037 spiritu
1267 963 1433 1020 iracundie

273 1061 303 1108 et
316 1051 424 1108 luroris
442 1053 473 1108 in
488 1061 604 1108 tantum
620 1051 743 1124 repleta,
760 1061 791 1108 vt
808 1069 868 1108 non
888 1052 986 1108 solum
999 1051 1088 1110 vieini
1105 1061 1135 1109 et
1151 1053 1267 1124 cognati
1284 1049 1434 1124 sugerent

273 1139 456 1196 consortium
472 1139 546 1208 eius,
563 1140 617 1196 sed
635 1148 665 1196 et
683 1139 736 1196 filii
755 1138 851 1212 ipsius
867 1140 918 1196 vix
937 1139 1121 1196 sustinerent
1139 1139 1272 1196 babitare
1290 1155 1363 1195 cum
1384 1157 1434 1196 ea.

273 1227 395 1284 Clamor
424 1225 497 1284 tuit⁸
526 1235 556 1284 et
592 1243 699 1284 rancor
728 1227 778 1283 et⁸
807 1235 973 1298 tempestas
1008 1227 1115 1297 valida,
1146 1226 1317 1298 ubicunque
1353 1237 1433 1282 erat.

230 1335 260 1370 ιο
275 1313 420 1371 Dolentes
445 1315 497 1372 filii
523 1323 679 1371 traxerunt
709 1331 777 1370 eam
806 1315 845 1370 ad
875 1315 1061 1387 episcopum,
1090 1315 1328 1371 lachrimabilem
1355 1331 1430 1370 curn

275 1400 348 1458 ssetu
375 1401 612 1475 querimoniam⁴
639 1402 835 1476 deponentes.
884 1401 938 1458 Vir
967 1411 1069 1458 autem
1099 1411 1222 1459 sanctiss
1252 1399 1327 1457 seeit
1357 1419 1432 1456 eam

273 1499 395 1562 peccata
414 1507 468 1546 sua
487 1489 639 1546 confiteri:
659 1500 690 1546 et
714 1489 877 1562 iniungens
895 1488 1101 1561 penitentiam,
1124 1489 1219 1544 orauit
1240 1505 1336 1561 super
1358 1505 1431 1545 eam

272 1586 304 1632 vt
335 1578 411 1634 deus
448 1579 640 1650 omnipotens
670 1577 754 1634 daret
784 1576 812 1632 ei
843 1575 981 1649 spiritum
1020 1576 1275 1632 mansuetudinis:
1310 1575 1364 1631 et⁸
1397 1577 1430 1631 in

274 1664 395 1720 nomine
420 1665 533 1722 domini
561 1663 650 1721 ihesu
670 1663 800 1722 Christi³
824 1681 863 1720 ne
883 1664 959 1720 vltra
978 1664 1122 1720 irascatur
1145 1663 1235 1720 iubet
1281 1662 1433 1736 Sequitur

231 1773 259 1824 ¹5
273 1761 356 1808 tanta
385 1752 584 1808 mansuetudo
614 1761 644 1808 et
674 1760 756 1808 tanta
779 1750 931 1823 patientia,
955 1759 995 1818 vt,
1020 1768 1078 1823 que
1108 1767 1216 1806 omnes
1239 1767 1432 1823 exasperare

275 1839 398 1909 solebat,
412 1840 502 1896 nullis
520 1841 695 1911 exasperari
708 1837 857 1910 dampnis,
871 1839 1068 1908 contumeliis,
1081 1837 1291 1894 afflictionibus
1302 1839 1431 1895 valeret.

275 1925 358 1998 agor
371 1935 470 1982 autem
492 1926 570 1982 istud
590 1925 737 1998 superiori
755 1925 899 1981 miraculo
917 1941 1028 1982 censeo
1044 1924 1276 1997 preferendum:
1296 1927 1369 1998 quia
1387 1927 1431 1982 ibi

274 2014 406 2070 exterior
417 2015 548 2086 quidem,
568 2014 615 2070 hic
633 2031 707 2070 vero
725 2013 849 2069 interior
867 2013 1038 2068 reuixerat⁶
1055 2013 1153 2068 homo.
1226 2001 1286 2068 Vir
1302 2014 1431 2085 quidam

276 2103 442 2158 secundum
464 2101 630 2158 mundum⁷
647 2101 839 2170 honorabilis,
859 2101 1026 2156 secundum
1049 2100 1139 2156 deum
1158 2100 1325 2168 timoratus,
1345 2102 1432 2157 venit

231 2189 312 2247 read
335 2199 473 2246 sanctum
492 2189 541 2245 dei
560 2197 590 2246 et
612 2199 795 2261 conquestus
815 2197 862 2244 est
887 2190 914 2242 ei
940 2203 1033 2260 super
1056 2187 1209 2244 sterilitate
1234 2187 1336 2244 anime
1362 2206 1431 2258 sue,

275 2276 449 2349 supplicans
478 2285 509 2332 vt
540 2277 596 2334 sibi
624 2293 642 2332 a
672 2277 729 2333 deo
759 2275 884 2348 gratiam
916 2275 1089 2347 impetraret
1118 2273 1340 2332 lachrimanrm.
1392 2275 1432 2332 Et

275 2365 435 2420 subridens
463 2363 634 2432 Malachias,
655 2381 692 2420 eo
714 2365 794 2437 quod
815 2372 933 2436 gratum
959 2361 1084 2418 haberet
1104 2361 1134 2418 in
1156 2362 1277 2418 homine
1297 2363 1432 2420 seculari

274 2451 457 2508 desiderium
471 2451 635 2523 spirituale,
648 2467 734 2508 suam
747 2451 900 2506 maxillam
921 2449 1040 2505 martille
1053 2448 1133 2505 illius
1146 2449 1231 2521 quasi
1244 2449 1433 2508 blandiendo

275 2538 460 2611 coniungens
479 2540 537 2597 ait:
558 2539 641 2596 ‘Fiat
656 2539 709 2595 tibi
725 2539 801 2595 sicut
817 2537 933 2611 petisti.¹
971 2535 1085 2593 Tantos
1097 2536 1208 2592 exinde
1219 2545 1250 2592 et
1263 2555 1344 2609 pene
1358 2557 1432 2594 con·

231 2649 260 2696 ²5
275 2627 374 2682 tinuos
395 2626 495 2684 exitus
520 2643 664 2700 aquamm
687 2627 877 2682 deduxerunt
899 2625 976 2681 oculi
996 2625 1071 2694 eius,
1089 2633 1120 2680 vt
1139 2623 1210 2680 illud
1230 2624 1383 2697 scripture
1401 2627 1431 2682 ei

274 2731 366 2786 posse
397 2715 492 2787 aptari
519 2715 687 2772 videretur:
715 2714 797 2770 ‘lons
829 2711 1001 2769 hortorum⁸
1025 2721 1134 2784 puteus
1160 2727 1306 2784 aquarum
1324 2712 1432 2770 uiuen-

274 2801 366 2859 tium!
440 2791 524 2861 Cum
555 2811 654 2859 autem
686 2811 809 2858 sanctus
840 2801 888 2858 dei
920 2807 1107 2857 sacramenta
1139 2798 1269 2868 offerret,
1301 2799 1432 2858 intuitus

275 2891 433 2946 diaconum
455 2891 618 2964 ingemuit:
644 2899 674 2946 et
695 2899 815 2964 peracto
837 2888 937 2945 officio
957 2895 1168 2960 percunctatus
1186 2889 1225 2943 de
1244 2889 1432 2946 conscientia

275 2995 330 3034 sua
348 2979 506 3036 consessus
522 2987 577 3048 est,
597 2988 627 3036 et
644 2995 703 3034 non
723 2979 852 3051 negauit,
866 2977 988 3034 illusum
1006 2994 1040 3032 se
1055 2993 1111 3048 per
1127 2975 1324 3048 sompn[i]um
1338 2989 1431 3036 nocte

229 3089 261 3137 ³0
274 3065 349 3137 ipsa.
387 3067 441 3123 Cui
461 3066 657 3140 penitentiam
679 3067 841 3138 iniungens
858 3065 918 3122 ait:
939 3064 1025 3120 ‘Non
1044 3064 1192 3120 debueras
1212 3063 1302 3120 hodie
1322 3067 1431 3122 minis-

274 3162 381 3222 trasse,
401 3155 455 3211 sed
474 3155 645 3211 verecunde
664 3163 694 3211 te
713 3153 890 3211 subtrahere
909 3154 1002 3210 sacris
1020 3161 1051 3208 et
1068 3151 1187 3209 deferre
1204 3151 1296 3208 tantis
1315 3153 1431 3211 diuinis

275 3241 418 3298 misteriis
426 3243 445 3312 ⁰,
469 3251 500 3300 vt
526 3243 580 3298 hac
601 3242 765 3299 humilitate
788 3250 934 3316 purgatus
952 3241 1071 3314 dignius
1090 3241 1199 3296 exinde
1218 3240 1430 3300 ministrares'

275 3317 349 3384 Ana
362 3329 443 3386 enim
457 3329 522 3387 vice
536 3330 721 3388 sacrificante
734 3329 784 3385 illo
801 3338 832 3385 et
849 3338 954 3385 orante
968 3330 1041 3385 hora
1056 3327 1201 3397 sacrificii,
1217 3329 1344 3384 diacono
1362 3333 1431 3388 visa

275 3425 322 3472 est
341 3418 479 3474 columba
498 3418 608 3474 intrare
628 3435 684 3490 per
703 3418 867 3474 fenestram
888 3419 918 3473 in
942 3417 1074 3474 claritate
1096 3433 1221 3488 magna3
1243 3416 1429 3491 basilicaque

229 3525 260 3575 35
275 3520 344 3560 cum
375 3505 519 3578 episcopo
548 3505 683 3579 refulget.
720 3507 865 3563 Columba
891 3522 964 3561 vero
988 3504 1169 3577 aliquamdiu
1195 3503 1429 3578 circumuolans,

275 3592 397 3648 tandem
416 3593 527 3649 residet
545 3611 636 3666 super
648 3612 767 3652 crucem
786 3605 855 3652 ante
871 3594 977 3651 saciem
996 3593 1169 3651 sacerdotis
1207 3593 1279 3650 Post
1298 3595 1429 3654 missam

274 3679 418 3736 diaconus
430 3697 448 3736 a
462 3679 609 3738 Malaehia
624 3691 799 3752 conuentus,
818 3683 874 3740 sub
890 3683 1023 3755 periculo
1039 3681 1099 3739 vite
1116 3682 1234 3738 iubetur
1252 3683 1431 3743 nullatenus

275 3779 425 3826 secretum
439 3769 577 3841 prodere,
591 3773 689 3842 quoad
699 3771 814 3827 uiueret
827 3771 901 3844 ipse.
957 3759 1136 3844 Aliquando
1148 3787 1216 3827 cum
1229 3772 1261 3826 in
1270 3771 1430 3830 Ardmaea

274 3866 356 3914 esset
374 3873 442 3914 cum
460 3859 588 3931 quodam
609 3859 751 3931 episcopo
770 3875 834 3928 suo,
852 3860 891 3916 de
910 3867 996 3916 nocte
1015 3875 1146 3932 surgens
1163 3860 1243 3932 cepit
1261 3863 1430 3918 memorias

230 3965 262 4012 40
275 3954 447 4002 sanctorum
455 3947 505 4019 qui
514 3945 544 4002 in
553 3945 701 4002 cimiterio
709 3945 810 4003 Sancti
822 3945 938 4004 Patn'eii
950 3948 1033 4004 multi
1045 3947 1064 3980 ²⁰
1076 3954 1155 4014 sunt,
1163 3947 1277 4002 orando
1285 3947 1429 4008 lustrare.

277 4032 314 4089 Et
327 4051 397 4089 ecce
409 4049 502 4090 vnum
515 4034 554 4090 de
565 4033 709 4090 altaribus
726 4035 824 4090 subito
841 4037 947 4091 ardere
962 4037 1156 4108 conspiciunt
1196 4035 1233 4092 Et
1249 4035 1429 4109 intelligens

273 4121 320 4176 vir
349 4119 406 4190 dei,
437 4121 557 4195 signum
586 4137 656 4179 esse
686 4122 787 4195 magni
818 4123 917 4180 men'ti
947 4125 1066 4180 illorum
1093 4139 1221 4195 quorum
1252 4125 1310 4180 sub
1338 4125 1428 4184 altari

307 4255 362 4304 ¹F„
376 4257 490 4306 recessit
552 4255 628 4307 'Vit
642 4256 711 4306 item.
771 4257 848 4308 ’om
861 4258 886 4306 in
898 4257 928 4308 T.
987 4257 1043 4309 ⁴13.
1057 4258 1257 4320 queremoniam.
1319 4257 1383 4310 ‘sc
1399 4261 1428 4312 S

275 4321 401 4370 Bernard.
481 4320 556 4372 ‘vu
572 4323 701 4373 reuixerit.
782 4321 856 4372 'om
871 4324 953 4385 inT.;
970 4323 1154 4378 vitseedum.
1230 4323 1287 4376 ⁸T.
1299 4335 1428 4379 ortorum

274 4387 284 4418 l
302 4387 330 4435 E.
343 4386 499 4436 ministeriis
566 4389 584 4418 ¹⁰
601 4389 634 4438 el.
647 4404 697 4452 que
711 4426 717 4440 .
730 4425 736 4440 .
750 4389 838 4440 multe.
