3036 4878
75 316 300 384 ussouaoi
335 302 410 395 {tt
432 301 491 392 e.
510 303 728 390 mutunus
749 320 844 408 tene
867 313 906 393 et
927 315 1117 414 metipsi.
1155 317 1229 406 657

117 501 288 570 Quamrun
305 515 444 560 sanctus
462 506 647 562 Ennomus
666 519 707 561 nr
725 519 862 564 seuerus
882 511 1016 566 Tnouns
1034 524 1195 567 arenaun-

272 598 362 642 nurtr
380 599 503 643 cumen
522 601 660 645 nousnn
679 603 742 647 eno
761 603 871 647 uonna
890 604 963 648 nnn
982 605 1043 649 stu.

155 691 262 748 Uidam
274 695 371 750 valens
383 705 411 751 et
422 697 549 766 egregius
563 699 668 768 Symon
682 715 776 754 comes
789 699 887 767 dictus,
900 700 1013 756 unicum
1025 701 1122 757 habuit
1137 703 1231 768 filium,

190 775 238 845 qui
251 775 347 832 iamin
360 777 486 848 proximo
498 780 584 834 armis
597 780 763 836 militaribus
780 782 922 838 sublimari
940 783 1045 850 debuit,
1059 795 1101 840 set
1118 787 1232 854 langore

76 869 107 912 et
120 868 213 912 morte
226 869 420 930 preocupatus,
432 871 541 932 patrem
554 865 659 933 absque
676 864 781 919 herede
798 865 974 935 superstitem
991 866 1095 921 inuitus
1111 867 1231 938 reliquit.

79 941 173 1010 Igitur
183 951 264 1011 pater
274 943 334 998 eius
347 943 445 999 dolens
458 945 585 1014 precibus
598 945 718 1000 assiduis
731 947 786 1001 deo
798 957 825 1002 et
844 959 941 1002 sancto
959 948 1110 1004 Edmundo
1126 949 1231 1004 martiri

78 1034 109 1079 et
139 1034 238 1079 sancto
268 1027 378 1080 Thome
405 1027 585 1098 archipresuli
615 1029 814 1084 dorobernensi
842 1030 944 1085 deuote
974 1032 1100 1087 vacabat.
1139 1033 1258 1100 Nocte5

78 1107 222 1178 siquidem
240 1125 296 1163 vna
314 1120 449 1181 tanquam
469 1111 496 1164 in
513 1109 621 1165 visione
642 1111 693 1165 uiri
712 1112 768 1166 duo
790 1122 867 1167 veste
886 1113 1012 1182 preclara
1033 1113 1085 1168 sibi
1109 1114 1231 1180 astitere,

78 1208 201 1262 quorum
213 1209 285 1246 vnus
296 1191 336 1247 sic
348 1209 426 1247 orsus
439 1203 497 1248 est:
518 1193 630 1262 ‘Quare
642 1203 722 1248 tanta
737 1194 841 1249 doloris
858 1194 997 1250 anxietate
1012 1196 1231 1265 constringeris?

81 1275 173 1328 Doles
192 1283 300 1328 tantum
318 1292 368 1344 pro
387 1275 444 1330 filio
461 1279 529 1330 tuo?
566 1275 633 1330 Noli
652 1276 763 1333 dolere:
788 1277 861 1332 filius
877 1277 952 1332 enim
969 1287 1033 1332 tuus
1049 1278 1151 1347 gaudio
1167 1295 1231 1348 per·

78 1356 197 1424 fruitur3
223 1357 286 1411 veni
307 1367 336 1412 et
356 1357 436 1413 vide.³
473 1357 582 1427 Quibus
601 1359 646 1413 ille
664 1358 826 1429 respondit:
856 1359 995 1429 ‘Quinam
1014 1360 1083 1415 estis
1101 1378 1152 1416 vos
1173 1371 1231 1416 tam

78 1439 234 1510 preclarii'
279 1441 317 1494 Et
344 1439 401 1496 illi:
434 1441 532 1496 ‘Serui
560 1441 668 1496 domini
696 1441 785 1497 nostri
819 1442 921 1510 lhesu;
956 1459 991 1498 en
1021 1442 1073 1498 iste
1100 1453 1143 1497 est
1170 1444 1232 1497 Ed·
1246 1459 1276 1493 10

79 1523 204 1577 mundns
217 1522 344 1593 egregius
361 1541 408 1578 rex
419 1534 448 1579 et
459 1523 564 1591 martir,
578 1541 631 1593 ego
643 1541 710 1579 uero
724 1524 828 1580 Christi
842 1542 938 1580 seruus
951 1535 979 1580 et
995 1525 1094 1580 martir
1105 1525 1231 1580 Thomas

80 1605 305 1672 cantuariensis;
326 1617 354 1662 et
372 1605 437 1677 quia
453 1606 568 1666 basilica
586 1607 633 1662 ubi
650 1606 721 1662 lilius
739 1619 803 1662 tuus
822 1607 955 1677 sepelitur
973 1609 1028 1662 mei
1046 1625 1142 1663 amore
1162 1625 1229 1663 con·
1305 1673 1309 1678 Ι

79 1688 204 1756 struitur,
221 1689 389 1744 territorium
407 1707 474 1745 vero
493 1689 521 1744 in
540 1706 595 1760 quo
613 1689 780 1745 construitur
798 1689 880 1744 huius
897 1699 940 1744 est
961 1689 1052 1744 sancti
1075 1690 1228 1756 Edmundi,

79 1789 134 1826 nos
148 1771 249 1826 iccirco
261 1782 308 1827 tue
321 1772 509 1827 consolacioni
521 1789 657 1827 assumus.
695 1774 733 1826 Et
746 1782 776 1826 ut
792 1772 946 1842 perfeccius
959 1771 1015 1826 iam
1027 1771 1111 1827 dictis
1123 1773 1230 1838 credas,

81 1855 146 1909 veni
160 1864 188 1910 et
201 1854 265 1910 uide
277 1855 301 1909 si
318 1871 469 1924 cognoscas
486 1855 572 1910 filium
589 1855 684 1910 tuum’
722 1855 759 1909 Et
774 1855 949 1909 adduxerunt
966 1871 1030 1908 eum
1049 1865 1183 1925 tanquam
1202 1854 1230 1908 in
1247 1871 1256 1906 r
1261 1875 1275 1922 5

80 1937 198 1992 domum
217 1937 276 1992 dei:
300 1948 328 1994 et
347 1937 416 1993 vidit
433 1937 520 1992 filium
542 1955 621 1993 suum
641 1937 714 1992 inter
732 1936 845 1992 iuuenes
867 1936 1013 1992 dealbatos
1033 1936 1185 2004 ludentem,
1203 1946 1231 1991 et

81 2021 253 2089 gaudentem
275 2021 347 2077 inter
367 2022 505 2091 preclaros
525 2021 553 2074 in
577 2022 662 2075 domo
682 2019 737 2074 dei.
780 2018 867 2087 Vidit,
890 2030 918 2074 et
943 2016 1104 2074 videntem1
1128 2019 1230 2089 alloqui

82 2103 209 2172 optauit:
229 2113 271 2158 set
289 2103 325 2157 ab
340 2103 448 2158 eisdem
467 2103 571 2158 sanctis
587 2103 752 2173 prohibitus,
767 2102 939 2157 allocucione
958 2101 1083 2172 priuatus
1102 2101 1229 2157 discedit.

85 2187 149 2239 Hec
167 2185 316 2257 episcopis,
339 2186 486 2242 abbatibus
507 2185 628 2257 uirisque
649 2195 746 2240 sancte
766 2184 907 2254 religionis
929 2185 1086 2251 enudeaus,
1107 2184 1151 2240 dei
1171 2201 1231 2238 ma·

83 2267 180 2336 gualia
197 2267 380 2338 glorificabat.
845 2263 853 2275 ”
1247 2279 1277 2314 ²0

223 2433 273 2486 DE
290 2444 403 2488 TRIBUS
421 2443 506 2487 VIRIS
525 2443 583 2487 SUB
602 2443 701 2488 UNDIS
719 2444 817 2487 Mettis
835 2444 855 2486 Α
874 2443 1094 2488 SUBMERSIONE

436 2526 643 2569 MIRABILITER
661 2525 883 2571 PRESERUATIS.

153 2624 181 2677 X
197 2623 336 2678 relacione
348 2621 400 2677 uiri
416 2621 491 2676 bone
507 2621 659 2691 opinionis,
672 2623 803 2677 monachi
818 2633 847 2678 et
863 2622 1016 2678 sacerdotis
1035 2622 1177 2692 Radulphi
1196 2623 1233 2676 de

189 2705 338 2773 Carleflod,
361 2703 465 2760 Christi
487 2706 582 2760 laudes
602 2714 631 2760 et
652 2705 742 2760 sancti
763 2705 907 2760 Edmundi
926 2706 1076 2760 multorum
1100 2704 1234 2759 memorie

86 2789 196 2844 tradere
215 2788 379 2844 curauimus.
417 2787 561 2858 Siquidem
582 2787 685 2853 aiebat,
706 2788 884 2859 quamplures
906 2787 1040 2856 Anglicos
1062 2786 1175 2855 nauigio
1196 2785 1233 2840 de

86 2871 210 2944 partibus
230 2871 367 2942 aquilonis
383 2887 479 2926 versus
494 2869 626 2939 Angliam
639 2886 716 2924 more
733 2869 905 2924 mercenario
923 2869 1055 2923 tendere:
1076 2877 1119 2922 set
1139 2867 1233 2921 subito

86 2965 239 3024 tempestas
257 2954 297 3008 eis
319 2953 426 3008 diucius
445 2952 619 3020 incumbens,
638 2969 725 3008 naues
744 2953 884 3022 preclaras
903 2951 1033 3020 dispersit
1050 2959 1078 3004 et
1098 2967 1146 3004 eas
1164 2949 1231 3003 diri·
1247 2967 1276 3019 25

86 3037 153 3108 puit,
166 3046 227 3092 tum
241 3037 293 3091 has
307 3035 492 3103 confringens,
506 3045 564 3090 tum
580 3036 632 3090 has
651 3036 839 3104 submergens.
878 3035 943 3087 Heu
960 3033 1053 3086 dolor!
1073 3041 1115 3086 tot
1131 3031 1232 3099 anime,

87 3137 149 3176 cum
161 3118 326 3174 multimoda
342 3117 505 3172 diuiciarum
522 3117 611 3188 copia,
625 3119 768 3172 submerse
786 3125 968 3182 euanuerunt,
981 3114 1094 3184 vitaque
1111 3113 1232 3184 presenti

88 3202 159 3257 infra
174 3203 257 3257 breue
271 3209 427 3255 caruerunt.
465 3201 529 3254 Hoc
542 3201 621 3266 inter,
638 3211 694 3255 tres
712 3199 816 3254 ibidem
829 3198 881 3253 viri
902 3197 975 3252 inter
991 3198 1091 3252 fluctus
1109 3196 1233 3252 marinos

87 3286 141 3339 hac
155 3283 272 3354 illacque
285 3282 388 3348 iactati,
402 3300 488 3353 vsque
502 3282 531 3337 in
545 3284 684 3337 cumulum
698 3299 847 3338 arenosum
865 3281 893 3336 in
905 3279 1000 3335 medio
1013 3280 1084 3334 mari
1097 3281 1233 3350 propelle·

88 3369 195 3422 bantur.
234 3367 360 3434 Quorum
372 3381 452 3432 vous,
468 3365 563 3434 gladio
577 3365 728 3433 accinctus,
741 3365 793 3421 etsi
811 3365 855 3419 vix
873 3374 968 3420 tamen
981 3364 1051 3419 duos
1067 3364 1233 3436 alloquitur:
1249 3376 1281 3425 30

14 3439 19 3452 ’
89 3449 271 3503 ‘Inuocemus
283 3447 367 3502 deum
380 3457 408 3502 et
421 3457 550 3502 sanctum
563 3448 746 3502 Edmundum
766 3465 829 3502 curn
846 3447 975 3513 lacrimis,
989 3457 1018 3502 ut
1036 3463 1089 3502 nos
1107 3466 1125 3502 a
1144 3459 1234 3503 morte

89 3531 236 3600 dignentur
258 3530 381 3600 eripere!
421 3530 509 3584 Maris
530 3529 613 3599 igitur
633 3529 781 3585 fluctuacio
802 3531 941 3597 tumescit,
961 3530 1058 3586 circuit
1081 3540 1109 3586 et
1130 3547 1234 3600 appro-

89 3614 220 3685 pinquat:
249 3624 277 3668 et
299 3622 402 3683 quanto
423 3613 522 3681 magis,
544 3621 625 3667 tanto
645 3623 673 3667 et
697 3613 736 3667 hii
757 3613 857 3668 timent
878 3624 906 3668 et
927 3615 1101 3684 proclamant
1121 3631 1156 3668 ne
1178 3613 1235 3668 vita

90 3695 282 3768 periclitentur.
320 3695 423 3750 Circuit
443 3712 510 3765 ergo
528 3712 605 3750 mare
624 3695 753 3750 fluctibus
774 3706 802 3751 et
825 3696 946 3765 spargit;
974 3697 1038 3750 Hac
1056 3696 1150 3764 frigus,
1170 3695 1235 3751 iude

90 3779 177 3846 timor,
190 3777 255 3848 quia
268 3794 343 3832 mors
355 3776 447 3831 vicina
460 3777 586 3847 patescit.
624 3779 688 3832 Deo
700 3777 784 3847 igitur
796 3777 957 3848 inspirante,
972 3778 1047 3832 solus
1063 3779 1107 3832 ille
1126 3779 1235 3847 gladia·
1249 3795 1279 3844 35

9 3915 10 3918 ,
90 3872 132 3916 tus
148 3859 254 3929 exurgit
270 3869 298 3914 et
318 3859 347 3914 in
367 3859 480 3914 nomine
499 3859 544 3914 dei
564 3869 591 3915 et
611 3861 700 3932 sancti
719 3859 862 3915 Edmundi
880 3860 1003 3929 gladium
1021 3861 1153 3926 educens,
1171 3877 1236 3916 curn

9 4497 13 4538 l

90 3943 143 3998 fide
158 3943 280 4013 perlecta
297 3959 348 4011 pro
365 3959 395 3997 se
413 3942 550 4012 sociisque
568 3943 624 3998 suis
643 3953 720 4009 orat;
742 3952 770 3999 et
788 3943 826 3997 ait
843 3943 899 3996 eis:
923 3942 964 3998 ‘O
982 3943 1059 4010 socii,
1077 3953 1237 3998 constantes

90 4035 175 4082 estote
188 4024 217 4079 in
230 4023 367 4091 oracione,
380 4033 408 4080 et
420 4024 506 4079 nolite
518 4024 615 4080 timere
627 4028 632 4080 l
654 4026 800 4080 Habemus
814 4024 889 4079 enim
906 4035 1050 4096 potentem
1068 4025 1238 4080 aduocatum

91 4120 118 4163 et
131 4107 285 4175 dominum,
298 4117 428 4164 sanctum
443 4125 538 4177 regem
555 4118 582 4162 et
599 4107 742 4164 martirem
758 4107 959 4174 Edmundum
986 4107 1032 4161 hic
1047 4108 1105 4162 suis
1117 4109 1238 4178 perfecte

90 4189 281 4246 inuocantibus
305 4205 359 4245 nec
382 4199 456 4244 terra
481 4206 534 4244 nec
557 4191 628 4245 mari
653 4190 753 4245 deesse
781 4191 859 4245 solet.
899 4191 1066 4245 Inuocemus
1091 4190 1182 4260 igitur,
1209 4200 1238 4247 et
1249 4212 1284 4264 40

91 4289 240 4328 voueamus
261 4282 371 4328 nosmet
392 4271 417 4327 ei
438 4273 467 4326 in
487 4273 598 4328 Christo
617 4281 648 4327 ut
666 4271 799 4343 quamdiu
817 4270 1055 4344 supervixerimus,
1074 4290 1150 4329 anno
1168 4290 1237 4346 quu-

587 4377 595 4407 ¹
613 4396 631 4429 r.
644 4381 733 4430 visum.

125 4477 191 4522 vol.
206 4475 239 4518 11.
641 4475 663 4519 U
676 4481 693 4518 u
