3012 4898
393 273 468 369 Da
493 271 657 364 scotto
682 272 941 363 mummolus.
1168 289 1240 371 345

75 479 220 542 tentans,
233 471 358 547 singulis
372 475 460 532 antiis
477 484 613 533 sanctum
627 475 767 534 iacobum
784 476 867 534 adire
880 476 1002 534 solebat
1039 473 1175 548 Cumque
1192 473 1243 532 diu

77 571 172 618 caste
195 561 331 632 uixisset,
351 563 479 636 quadarn
503 565 626 620 tandem
651 572 739 621 nocte
762 582 831 622 cum
856 565 980 622 muliere
1004 563 1164 620 fornicatus
1188 570 1244 619 est.

79 648 186 707 Mane
199 658 299 707 autern
312 649 389 707 sacto
402 668 470 708 curn
483 651 541 708 iter
552 653 590 708 ad
603 661 739 708 sanctum
758 651 910 723 laco(bum
929 649 1095 724 inciperet),
1107 649 1245 707 diabolus

77 735 116 792 in
134 739 240 809 specie
257 738 352 794 sancti
371 737 470 796 iacobi
486 741 637 812 appar(uit
654 739 693 811 ei)
711 740 832 797 dicens:
853 738 957 796 ‘Nosti
970 739 1037 811 quis
1050 739 1152 794 sumi'
1190 736 1244 794 Cui

79 824 225 896 neganti,
246 823 305 882 ait:
334 825 428 900 ι(Εςο
452 828 532 896 sum)
559 827 685 884 lacobus
709 827 871 900 apostolus,
893 843 983 898 quem
1008 825 1134 899 singulis
1158 825 1273 882 annisi

78 911 239 982 ui(sitare)
263 912 453 970 consueuisti.
497 912 582 971 Scias
606 916 686 987 quod
710 913 837 971 multum
863 915 1031 987 gaudebam
1055 914 1093 970 de
1115 921 1154 981 te,
1176 912 1246 985 quia

83 997 265 1071 (malgnum
277 1000 389 1056 bonum
402 1001 562 1074 sperabam
576 1003 614 1058 de
627 1010 675 1059 te:
695 1009 743 1059 set
755 1008 915 1074 antequam
929 1002 967 1057 de
979 1001 1069 1057 domo
1081 1009 1132 1057 tua
1145 999 1246 1057 exires

81 1103 164 1142 cum
186 1087 311 1144 muliere
333 1087 496 1146 fornicatus
516 1106 560 1159 es,
579 1105 635 1146 nec
655 1089 812 1146 confessus
830 1107 887 1146 nec
905 1088 1047 1161 penitens
1066 1087 1124 1144 huc
1142 1087 1246 1145 uenire

82 1190 188 1230 ausus
200 1191 242 1243 es,
254 1183 285 1232 et
302 1191 371 1232 cum
384 1185 508 1249 peccato
521 1185 572 1233 tuo
585 1175 737 1249 proiectus
754 1194 788 1235 es
802 1175 886 1251 quasi
899 1174 1105 1250 peregrinacio
1121 1183 1172 1232 tua
1189 1175 1247 1232 deo

83 1270 121 1318 et
144 1260 234 1318 michi
252 1262 393 1335 placeret„
432 1263 500 1320 Non
519 1265 609 1321 debet
627 1265 667 1322 ita
688 1266 777 1338 (esse,
790 1272 836 1322 set
854 1264 1024 1337 quicunque
1041 1263 1178 1337 prop)ter
1197 1279 1247 1319 me
1264 1273 1293 1310 ιο

83 1348 159 1405 uult
177 1348 372 1422 peregrinari,
390 1352 476 1424 prius
496 1352 586 1409 debet
605 1352 753 1425 (peccat)a
770 1370 827 1426 per
843 1351 1065 1408 confessionem
1077 1351 1180 1408 delere
1186 1351 1204 1422 ¹,
1217 1359 1247 1407 et

85 1443 165 1508 post
182 1437 402 1510 peregrinando
420 1440 528 1496 eadem
546 1441 707 1497 commissa
725 1439 879 1514 penitere!
917 1439 986 1496 Hiis
1005 1439 1092 1496 dictis
1110 1439 1246 1510 diemon)

86 1523 235 1582 euanuit:
255 1534 286 1582 et
298 1524 415 1583 iuuenis
427 1528 559 1596 rediens,
574 1535 604 1584 et
617 1537 739 1600 peccata
752 1528 934 1599 con(litens),
947 1526 1004 1583 iter
1016 1525 1170 1598 reincepit.
1208 1526 1248 1583 Et

87 1629 168 1668 ecce
180 1613 291 1669 demon
301 1614 329 1670 ei
339 1622 371 1670 ut
381 1613 465 1686 prius
475 1632 635 1688 apparens,
643 1616 718 1672 dixit
727 1615 806 1688 quod
817 1623 971 1688 peccatum
981 1613 1053 1670 illud
1066 1614 1248 1671 nullomodo

89 1699 200 1756 delere
218 1710 322 1772 posset
340 1701 399 1758 nisi
417 1702 473 1760 sibi
492 1702 632 1776 genitalia
650 1704 799 1775 memlbra
816 1711 941 1773 secaret,
958 1701 999 1772 et)
1019 1701 1111 1758 multo
1130 1700 1248 1758 beacior
1263 1709 1292 1763 ¹5

89 1796 179 1844 esset
191 1797 221 1844 et
234 1787 460 1861 mar(tirforet)¹
473 1791 498 1846 si
511 1808 546 1847 se
559 1790 694 1848 occidere
707 1791 839 1847 auderet
869 1789 942 1847 luue
947 1789 1005 1860 (nis
1013 1805 1085 1861 ergo
1095 1787 1247 1861 simlplex,

91 1874 188 1932 sociis
197 1874 414 1934 dormientibus
426 1877 545 1935 cultello
554 1877 695 1951 genitalia
707 1879 843 1935 membra
852 1885 1020 1949 amputans,
1028 1884 1059 1932 et
1068 1893 1124 1949 per
1133 1874 1249 1932 uentris

91 1961 230 2020 medium
251 1981 286 2020 se
305 1964 463 2022 transfixit.
500 1965 577 2022 Cum
597 1965 687 2038 igitur
704 1965 827 2039 sanguis
845 1965 980 2021 efflueret
998 1971 1028 2020 et
1046 1962 1098 2019 ille
1116 1963 1249 2019 moriens

91 2049 265 2123 palpitaret,
277 2051 350 2108 socii
363 2051 476 2109 crimen
492 2052 666 2125 (homilcidii
679 2053 821 2110 timentes
834 2052 935 2125 sugam
948 2049 1093 2123 arripiunt
1106 2059 1135 2106 et
1148 2050 1248 2124 ipsum

93 2137 197 2194 solum
210 2137 390 2211 relinquunt
418 2139 495 2197 Cum
508 2141 573 2197 eius
585 2139 673 2196 souea
684 2149 849 2212 pararetur,
857 2157 927 2196 ecce
937 2137 1097 2195 defunctus
1109 2136 1248 2207 surrexit,
1263 2148 1295 2185 ²⁰

92 2232 127 2280 et
147 2241 206 2296 que
224 2225 252 2282 ei
270 2226 441 2285 acciderant
458 2227 616 2296 enarrant,
634 2235 666 2285 et
684 2227 836 2286 adiunxit:
864 2227 957 2284 ‘Cum
976 2243 1034 2296 me,
1054 2225 1157 2299 inquit,
1172 2225 1249 2283 occi-

93 2311 223 2381 dissem,
235 2314 381 2372 demones
401 2332 450 2372 me
463 2324 624 2388 ceperunt:
645 2323 755 2374 etcum
769 2331 876 2372 uersus
890 2313 1021 2371 Romam
1035 2329 1084 2370 me
1096 2314 1249 2382 ducerent,

95 2407 221 2458 sanetus
237 2399 363 2460 Iacobus
382 2402 526 2460 uelociter
544 2401 702 2461 aduolauit.
739 2403 875 2477 Cumque
892 2419 948 2476 pro
965 2419 1014 2458 me
1032 2410 1062 2458 et
1079 2409 1183 2458 contra
1200 2417 1249 2458 me

95 2487 214 2545 diucius
235 2490 402 2547 adinuicem
422 2491 652 2564 disceptassent,
671 2489 721 2548 illo
740 2499 866 2564 cogente
883 2489 1022 2546 uenimus
1041 2490 1079 2546 ad
1098 2489 1249 2561 quoddam

96 2584 219 2649 pratum
246 2577 297 2634 ubi
331 2579 417 2636 beata
449 2578 544 2636 Maria
569 2595 637 2636 cum
667 2579 834 2634 innumeris
860 2577 971 2635 sanctis
1000 2577 1039 2633 ad
1069 2575 1249 2649 colloquium
1265 2587 1294 2639 τε

95 2663 259 2722 residebat
297 2665 408 2724 Beatus
426 2684 500 2740 ergo
519 2666 645 2725 lacobus
664 2674 734 2722 ante
752 2681 818 2722 eam
837 2682 894 2738 pro
912 2682 962 2722 me
982 2672 1086 2721 contra
1105 2665 1251 2721 demones

96 2751 301 2823 conqueritur.
339 2753 377 2810 Et
394 2771 463 2811 curn
480 2755 529 2811 illa
547 2755 694 2811 demones
712 2752 906 2826 increpasset,
919 2753 1005 2809 iussit
1022 2761 1055 2808 ut
1073 2751 1250 2809 reuiuerem.

96 2839 211 2911 Sicque
233 2849 355 2898 sanctus
375 2841 501 2899 lacobus
519 2859 569 2898 me
587 2841 727 2915 suscepit,
746 2840 842 2898 ethic
861 2839 1019 2897 confestim
1037 2855 1087 2896 me
1105 2839 1250 2897 restituit’

96 2928 188 2998 Quod
201 2944 269 2985 cum
282 2929 436 2988 audissent
449 2939 591 3002 astantes,
601 2947 671 2987 eum
684 2947 751 2986 cum
764 2929 872 3001 gaudio
884 2931 915 2984 in
927 2929 1051 2985 domum
1063 2927 1250 2985 detulerunt:

98 3025 130 3074 et
144 3025 307 3090 eosanato,
320 3017 384 3075 sole
396 3018 548 3075 cicatrices
561 3018 627 3075 loco
639 3017 798 3074 uulnerum
811 3014 1041 3087 remanserunt]
1265 3021 1297 3072 30

336 3245 360 3306 ἹῘ
383 3233 438 3304 ΒΕ
456 3260 572 3302 saneto
593 3231 779 3302 RUMWOLDO
798 3239 1017 3300 CONHSSOM'.

105 3365 169 3492 IN
189 3364 346 3422 Britannia
366 3365 471 3424 Maiori
489 3365 564 3423 luit⁴
584 3383 640 3425 rex
661 3365 783 3438 quidam
802 3364 925 3422 nomine
944 3363 1057 3431 Penda,
1081 3361 1179 3419 clarus
1198 3378 1252 3435 po·

167 3453 269 3522 tentia,
295 3454 454 3512 honestate
473 3454 607 3527 elegans,
629 3455 683 3510 sed
706 3453 754 3511 dei
779 3451 1063 3525 fidemignorans⁸t
1089 3449 1141 3523 qui
1159 3449 1252 3506 filiam

99 3540 286 3615 genuitque
303 3541 334 3598 in
350 3541 418 3615 ipsa
433 3550 538 3599 tenera
556 3550 634 3598 etate
647 3543 726 3614 cepit
739 3542 830 3598 deum
843 3539 949 3598 timere
964 3539 1090 3613 eiusque
1103 3537 1252 3594 mandatis

99 3627 251 3688 inherere.
289 3629 382 3686 Erant
405 3638 506 3688 autem
527 3638 598 3686 tunc
620 3629 651 3686 in
674 3627 828 3686 Britannia
847 3635 1009 3700 regnantes
1031 3643 1119 3699 reges
1139 3625 1252 3699 plures,

99 3715 192 3788 aliqui
215 3716 316 3789 ydolis
340 3717 516 3784 seruientes,
538 3716 628 3789 aliqui
653 3733 725 3773 vero
749 3717 840 3773 deum
860 3731 966 3772 verum
991 3714 1131 3770 colentes.
1171 3711 1254 3770 Inter

100 3819 179 3877 quos
192 3819 247 3860 rex
262 3803 383 3876 quidam
397 3803 625 3877 potentissimus
638 3803 743 3875 extitit,
756 3803 810 3860 sed
823 3819 967 3877 paganus,
979 3801 1030 3874 qui
1043 3801 1135 3857 filiam
1149 3799 1252 3856 Pende
1267 3819 1297 3871 35

102 3891 233 3965 diligens
254 3891 285 3947 in
303 3908 429 3950 uxorem
448 3891 544 3966 petiit,
565 3899 595 3948 et
619 3891 742 3965 accepit.
778 3890 855 3947 Cum
874 3889 964 3964 igitur
984 3889 1015 3944 in
1036 3887 1150 3960 nuptiis
1170 3885 1253 3944 iuxta

135 4030 144 4060 ¹
156 4031 211 4082 VB.
226 4033 321 4082 dicere.
387 4031 463 4081 ¹VB.
476 4038 502 4082 et
514 4031 593 4081 multo
603 4030 745 4081 beatiorem
757 4037 784 4080 et
795 4029 924 4079 martirem
936 4027 999 4078 lore.
1067 4026 1135 4076 ’Ed
1152 4026 1178 4074 in
1194 4023 1252 4076 net

102 4097 153 4149 SS.
169 4097 236 4148 Boll
254 4113 270 4160 3
287 4099 353 4149 Nou.
366 4097 386 4148 1.
398 4114 423 4160 p.
435 4099 491 4159 685.
525 4097 587 4146 Abr.
600 4097 666 4146 from
679 4098 722 4146 tbe
733 4095 792 4146 Vita
805 4095 881 4159 (with
895 4091 1035 4156 Prologue)
1052 4093 1079 4141 in
1097 4091 1172 4141 MSS.
1186 4091 1251 4153 Reg.

105 4163 180 4227 131⁴„
192 4179 218 4212 x.
231 4163 273 4213 iol.
285 4165 375 4227 55-61,
394 4163 472 4226 Corp.
484 4163 543 4213 Chr.
556 4162 621 4213 Coll.
634 4162 734 4212 Cambr.
745 4178 769 4226 9,
782 4176 806 4224 p
821 4161 903 4224 53-58
921 4159 971 4223 (XI
989 4166 1078 4216 cent),
1096 4158 1168 4206 Trin.
1186 4155 1252 4207 Coll.

104 4229 202 4279 Dublin
211 4229 232 4278 B
241 4245 264 4290 a,
273 4230 372 4279 Arund.
381 4243 423 4291 91,
431 4229 474 4278 sol.
486 4243 532 4290 194
542 4229 663 4292 (without
673 4227 769 4292 Prol.);
780 4243 813 4276 an
821 4227 983 4288 abridgment
990 4225 1017 4274 in
1025 4223 1079 4275 MS.
1090 4223 1185 4272 Lansd.
1195 4225 1252 4284 436.

104 4296 219 4346 Ourtex
242 4294 344 4344 follows
354 4295 410 4344 that
421 4294 451 4344 ol
459 4294 514 4344 llS.
525 4293 625 4346 Arund.
638 4309 677 4360 pr.
761 4291 816 4343 ¹T.
829 4291 880 4342 vit
895 4291 951 4341 Fuit
962 4293 988 4340 in
1001 4289 1032 4341 B.
1113 4287 1253 4351 ‘atvitq

103 4361 172 4412 sacri
183 4360 344 4426 baptimatis
355 4361 425 4411 unda
436 4359 562 4424 perfusus
