3054 4904
380 343 383 348 ·
472 318 547 411 bc
571 316 737 407 banna
761 317 917 423 hama.
1202 258 1302 417 103*

119 517 256 576 censium
276 517 397 576 nomine
415 518 593 593 Braghanus
610 530 681 578 erat
720 521 852 579 Fuerunt
867 531 967 579 autem
987 524 1050 596 regi
1066 522 1108 579 illi
1124 521 1175 580 lilii
1195 524 1270 580 duo·

118 607 218 664 decim
235 617 265 664 et
280 608 340 664 lille
359 607 492 677 totidem,
509 625 616 665 omnes
635 610 693 664 deo
709 608 864 682 placentes
883 621 914 668 et
929 610 987 667 vite
1005 619 1117 668 sancte.
1154 610 1269 667 Primo·

117 695 239 768 genitus
251 697 317 752 eius
330 703 394 752 erat
413 705 534 752 sanctus
552 695 727 764 Canochus3
747 697 947 770 primogenita
962 697 1022 754 filia
1037 697 1159 768 Gladus,
1173 707 1270 755 mater

118 783 215 840 sancti
228 782 355 851 Cadoci;
375 784 506 839 secunda
520 782 633 853 Melari,
645 792 741 840 mater
753 784 846 856 patris
860 786 955 842 sancti
966 785 1062 842 Dauid
1073 785 1269 843 menenensis

118 870 345 944 archiepiscopi.
392 869 510 928 Ceteris
522 888 595 927 vero
607 881 733 944 propter
745 871 944 944 prolixitatem
958 873 1087 941 omissis,
1100 874 1138 930 ad
1152 874 1268 932 beatam
1283 891 1297 942 5

119 957 261 1030 Keynam
286 958 387 1014 stilum
412 951 623 1015 conuertimus.
659 959 831 1032 Antequam
856 958 937 1016 enim
962 969 1145 1029 nasceretur,
1172 970 1268 1018 mater

117 1045 185 1102 eius
203 1045 234 1101 in
252 1045 368 1102 visione
384 1044 455 1100 vidit
471 1047 571 1101 sinum
587 1063 674 1102 suum
690 1045 783 1102 mirra
801 1055 831 1103 et
849 1048 984 1104 balsamo
1003 1047 1136 1120 plenum,
1155 1057 1185 1104 et
1204 1066 1267 1105 ma·

117 1132 218 1189 millas
232 1149 304 1189 suas
321 1131 424 1189 celesti
438 1131 549 1188 lumine
569 1131 729 1190 radiantes.
767 1132 848 1190 Vidit
868 1143 897 1190 et
917 1135 1037 1192 niueam
1056 1153 1090 1192 se
1108 1153 1164 1208 pro
1182 1137 1268 1211 prole

116 1219 276 1293 peperisse
304 1221 482 1276 columbam.
527 1219 603 1276 Cum
627 1237 700 1276 vero
724 1220 845 1278 enixam
871 1222 962 1278 filiam
989 1231 1085 1278 mater
1109 1221 1269 1296 diligenter

115 1309 268 1377 educaret,
289 1307 364 1364 mira
383 1307 513 1381 quedam
533 1307 696 1380 spiritualis
715 1309 810 1380 gratie
829 1318 972 1366 venustas
994 1309 1024 1365 in
1045 1309 1120 1366 facie
1142 1310 1267 1384 virginis
1282 1331 1313 1367 ro

114 1396 289 1468 apparebat,
299 1395 339 1451 ita
347 1403 379 1452 vt
391 1396 570 1468 quandoque
584 1395 660 1451 sicut
673 1395 734 1463 nix,
747 1397 927 1468 quandoque
940 1395 1016 1453 sicut
1028 1397 1134 1454 solaris
1148 1398 1266 1456 claritas

115 1482 288 1556 refulgeret
325 1483 462 1556 Cumque
480 1483 517 1538 ad
535 1499 631 1538 annos
651 1482 768 1540 nubiles
784 1482 983 1555 peruenisset,
998 1493 1027 1540 et
1047 1485 1131 1540 multi
1150 1485 1267 1542 nobiles

115 1587 184 1626 eam
202 1571 232 1626 in
246 1570 418 1642 coniugium
431 1569 624 1639 affectarent3
639 1571 724 1642 virgo
738 1579 849 1640 sancta,
862 1569 979 1627 virilem
996 1572 1133 1643 copulam
1143 1572 1266 1630 omnino

114 1675 270 1726 recusans,
282 1656 484 1730 virginitatem
497 1674 583 1714 suam
597 1665 666 1714 voto
685 1667 834 1730 perpetuo
849 1657 971 1714 domino
986 1658 1180 1715 consecrauit.
1217 1659 1266 1717 Ob

115 1747 173 1801 hoc
186 1746 276 1814 enirn,
289 1763 348 1818 que
361 1745 445 1818 prius
463 1744 572 1816 Keyna
589 1745 759 1814 vocabatur,
771 1754 876 1818 postea
894 1745 1059 1802 britannice
1071 1745 1264 1818 ‘Keynwiri’
1282 1771 1309 1824 ¹5

114 1833 144 1890 id
159 1841 206 1889 est
219 1833 324 1906 ‘Keyn
338 1832 437 1906 virgo'
450 1832 528 1888 dicta
541 1841 596 1888 est.
635 1831 793 1906 Proposuit
805 1833 926 1889 tandem
939 1835 1066 1906 patriam
1079 1835 1222 1890 deserere
1235 1844 1265 1893 et

114 1921 214 1977 locum
235 1922 398 1989 desertum,
418 1919 468 1976 vbi
494 1919 738 1992 contemplationi
762 1929 890 1987 vacaret,
912 1937 1057 1992 querere:
1089 1929 1120 1976 et
1143 1931 1264 1994 arrepto

113 2007 230 2076 itinere,
240 2007 317 2064 vltra
330 2007 489 2064 Sabrinam
503 2007 637 2075 veniens,
646 2006 774 2079 repertis
787 2007 965 2080 quibusdam
979 2007 1051 2064 locis
1064 2007 1263 2080 siluestribus,

112 2113 131 2151 a
150 2112 222 2168 rege
241 2093 319 2151 illius
338 2093 490 2167 prouincie
509 2093 700 2150 solitudinem
719 2093 799 2150 illam
819 2094 849 2150 in
872 2081 930 2167 qua
948 2095 1007 2150 deo
1024 2093 1141 2150 seruire
1159 2106 1263 2168 posset

112 2181 256 2255 expetiit:
286 2182 342 2252 cui,
361 2183 440 2254 quod
466 2182 551 2254 petiit
576 2181 710 2239 hilariter
728 2199 762 2238 se
786 2198 1002 2238 concessurum
1021 2182 1186 2256 respondit,
1206 2183 1262 2240 nisi
1277 2207 1310 2248 ιο

112 2269 184 2343 quia
203 2269 286 2326 locus
309 2269 360 2326 ille
380 2278 462 2325 tanta
484 2269 671 2342 serpentium
693 2269 881 2325 multitudine
904 2269 1080 2343 repleretur,
1100 2271 1180 2342 quod
1201 2278 1262 2328 tam

112 2357 285 2413 hominibus
297 2374 387 2429 quam
400 2356 541 2414 iumentis
553 2365 583 2414 et
597 2356 669 2413 ieris
682 2356 884 2413 inhabitabilis
897 2356 1053 2413 extitisset.
1084 2355 1177 2430 Virgo
1190 2375 1262 2414 vero

110 2453 285 2501 constanter
305 2443 470 2516 respondit,
489 2461 523 2500 se
543 2443 695 2500 confidere
717 2443 747 2499 in
768 2443 913 2500 adiutorio
933 2443 1078 2514 altissimi,
1097 2454 1127 2501 et
1146 2445 1176 2500 in
1198 2444 1263 2501 eius

110 2532 233 2588 nomine
253 2549 287 2588 se
307 2533 386 2589 velle
405 2542 435 2589 et
455 2543 547 2605 posse
572 2549 694 2589 omnem
719 2533 801 2588 illam
820 2532 1018 2589 virulentam¹
1040 2528 1260 2591 multitudinem

110 2619 255 2693 effugare.
294 2619 448 2676 Concesso
461 2619 550 2693 igitur
563 2619 669 2692 virgini
683 2620 756 2689 loco,
769 2621 806 2677 ad
820 2620 922 2676 solitas
935 2637 1042 2692 preces
1054 2638 1088 2677 se
1101 2622 1262 2693 prostrauit
1277 2640 1306 2690 ²⁵

109 2717 140 2764 et
153 2709 255 2764 omnia
266 2707 317 2764 illa
330 2725 400 2763 mox
413 2707 565 2781 genimina
574 2709 745 2780 viperarum
755 2707 931 2764 mortificata
941 2707 970 2763 in
980 2709 1112 2780 lapidum
1121 2708 1260 2766 duritiem

108 2797 314 2852 commutauit
365 2794 496 2868 Lapides
521 2795 602 2852 enim
627 2812 723 2868 vsque
748 2795 837 2851 hodie
861 2795 1024 2868 imaginem
1054 2796 1260 2868 serpentinam

107 2883 287 2956 exprimunt
311 2901 367 2956 per
391 2899 516 2956 campos
539 2891 570 2939 et
589 2881 679 2952 vicos,
699 2881 785 2954 quasi
809 2891 873 2939 arte
898 2882 1020 2938 lathomi
1044 2883 1260 2955 sculperentur.

110 2959 240 3044 Elapsis
258 2979 358 3028 autem
377 2969 479 3027 multis
496 2971 591 3040 annis,
605 2987 673 3026 cum
692 2969 770 3026 lama
784 2979 887 3028 sancte
901 2971 1024 3043 virginis
1041 2970 1151 3042 vbique
1164 2971 1260 3027 diuul-
1293 3029 1297 3036 ,

106 3068 179 3132 gata
196 3067 287 3128 esset,
306 3067 336 3115 et
353 3056 479 3114 visitatis
500 3057 611 3127 multis,
631 3057 759 3113 oratoria
778 3058 871 3113 multa
891 3057 1118 3128 construxisset,
1138 3068 1259 3118 sanctus
1274 3077 1306 3127 3⁰

106 3145 247 3202 Cadocus
269 3144 405 3202 Montem
429 3145 525 3202 sancti
551 3144 707 3202 Michaelis
730 3144 983 3218 peregrinationis
1008 3146 1102 3217 gratia
1125 3145 1258 3214 visitans,

106 3244 245 3290 sanctam
271 3233 420 3307 Keynam,
445 3241 638 3290 materteram
664 3251 757 3299 suam,
784 3233 895 3290 ibidem
923 3234 1063 3305 repperit,
1089 3241 1118 3288 et
1150 3249 1259 3306 magno

107 3321 245 3394 repletus
267 3322 384 3394 gaudio,
405 3338 474 3378 cum
494 3320 575 3377 illam
595 3322 632 3378 ad
655 3329 766 3378 terram
786 3319 940 3393 propriam
961 3322 1104 3377 reducere
1124 3321 1221 3389 vellet,
1240 3338 1259 3377 a

105 3409 223 3484 populo
251 3417 331 3466 terre
356 3411 523 3482 pemrissus
549 3427 610 3465 non
634 3419 690 3466 est
738 3408 953 3465 Admonitione
978 3410 1100 3466 demum
1124 3409 1258 3482 angelica

104 3500 191 3572 virgo
216 3505 320 3554 sancta
344 3498 382 3553 ad
406 3497 532 3570 patriam
558 3514 644 3554 suam
669 3497 800 3566 rediens,
824 3496 856 3552 in
881 3497 1011 3569 quodam
1037 3496 1197 3554 monticulo
1219 3499 1257 3554 ad
1272 3515 1302 3566 ³⁵

104 3587 225 3644 radices
245 3585 398 3642 cuiusdam
419 3584 532 3641 montis
553 3583 656 3658 magni
678 3584 891 3640 habitationem
912 3583 968 3640 sibi
987 3584 1111 3654 faciens,
1131 3584 1197 3641 susa
1218 3586 1257 3642 ad
1290 3633 1298 3648 ,

103 3677 197 3732 deum
220 3691 312 3746 prece
336 3673 450 3730 fontem
474 3675 513 3730 de
536 3682 618 3731 terra
647 3671 797 3745 produxit,
822 3671 873 3745 qui
905 3670 1005 3728 multis
1035 3671 1257 3730 infirmitatibus

104 3763 222 3820 meritis
234 3761 359 3835 virginis
371 3769 475 3819 sancte
488 3761 616 3818 salutem
629 3760 757 3834 prebuit.
812 3747 895 3818 Cum
909 3769 1019 3829 autem,
1032 3759 1139 3832 spiritu
1152 3771 1256 3817 sancto

103 3852 271 3919 reuelante,
283 3849 349 3906 dies
366 3846 633 3907 consummationis
647 3849 712 3905 eius
731 3847 995 3922 appropinquaret,
1008 3847 1080 3904 vidit
1096 3847 1127 3903 in
1139 3847 1256 3905 visione

103 3939 201 3997 noctis
220 3938 412 4011 columpnam
432 3936 517 4009 quasi
536 3937 654 4009 igneam
675 3953 772 4008 vsque
790 3937 828 3992 ad
847 3935 946 3992 lectuli
964 3935 1030 3992 eius
1048 3935 1255 4008 pauimentum
1269 3960 1302 4008 4⁰

102 4025 359 4085 descendere-in
372 4026 454 4082 nudo
464 4025 545 4082 enirn
556 4024 730 4098 pauimento
739 4023 916 4082 ramusculis
925 4025 1066 4081 arborum
1076 4023 1255 4098 superiectis

103 4113 237 4172 dormire
262 4113 386 4170 solebat.
433 4113 471 4168 Et
496 4113 595 4186 angeli
619 4114 679 4169 duo
704 4111 762 4168 sibi
786 4113 990 4185 apparebant;
1020 4128 1148 4184 quorum
1177 4111 1255 4172 alter

103 4210 280 4260 reuerenter
292 4203 331 4258 ad
349 4200 431 4257 illam
444 4202 601 4269 accedens,
613 4200 740 4258 cilicium
756 4218 816 4274 quo
828 4199 1008 4256 induebatur
1024 4199 1149 4258 leniter¹
1161 4201 1253 4272 exuit,

102 4299 134 4348 et
152 4290 254 4347 casula
271 4289 386 4346 bissina
404 4307 464 4346 vna
484 4288 574 4346 cum⁸
592 4289 693 4346 tunica
711 4288 858 4356 coccinea,
877 4305 946 4344 cum
966 4287 1094 4345 clamide
1112 4290 1254 4361 quoque⁴

142 4395 199 4448 ιΕ.
212 4395 373 4445 virulentam
444 4391 612 4446 ¹E.leuiter.
683 4393 740 4445 ¹F.
756 4411 807 4444 vna
819 4409 890 4454 eum
906 4394 935 4444 T.
947 4403 980 4445 et.
1052 4392 1130 4443 ⁴om.
1142 4395 1169 4443 in
1180 4394 1210 4445 T.
