3054 4904
250 303 318 375 108
555 300 687 387 aaut
711 297 901 401 lacerta
924 297 1077 402 tinctu.

245 495 347 555 incidit
360 500 398 556 de
411 515 502 556 seruo
517 518 589 558 suo:
609 509 639 557 et
652 509 778 574 paterna
791 500 902 574 pietate
915 509 1083 557 commotus
1095 499 1125 556 in
1139 499 1216 556 hanc
1228 496 1394 554 orationem

246 585 401 658 prorupit:
421 591 429 618 ⁶
442 586 527 644 Deus
539 587 589 660 pie
602 595 632 644 et
645 587 826 655 misericors,
838 587 885 644 cui
898 587 1054 662 proprium
1067 597 1114 644 cst
1127 586 1273 653 misereri,
1287 601 1397 641 reuoca

246 671 390 745 impetum
404 673 514 732 suroris
526 676 578 744 tui,
588 685 618 732 et
630 691 752 732 seruum
767 692 869 732 meum
882 677 920 732 ad
930 675 1089 748 pristinum
1103 674 1149 731 sui
1161 690 1271 732 sensus
1284 681 1395 730 statum

246 760 379 832 digneris
392 763 544 830 reducere,
557 763 583 820 si
595 762 712 820 vixerit
750 762 805 819 Sin
817 772 926 831 autem,
940 762 1141 820 miserationis
1153 771 1204 818 tue
1214 759 1397 817 abundantia

217 847 345 914 ,mune
357 866 412 906 sue
424 849 598 923 indulgeas!
637 850 734 907 Finita
748 867 822 906 vero
838 851 981 917 oratione,
993 868 1064 908 ecce
1080 849 1210 906 famulus
1229 865 1302 905 suus
1322 856 1395 903 nutu

245 935 293 992 dei
325 947 483 995 reuocatus
507 939 545 994 ad
570 938 697 1011 patriam
708 938 726 1007 ¹,
750 937 845 1008 rediit,
870 947 909 1008 et,
936 937 1009 994 sicut
1037 936 1130 1010 prius,
1156 935 1230 992 mari
1261 933 1396 998 transito,

245 1024 407 1080 oratorium
427 1024 522 1082 sancti
541 1025 716 1098 ingrediens
734 1034 764 1083 et
783 1025 973 1082 extrinsecus
995 1025 1118 1097 pilosus,
1137 1041 1260 1082 seruum
1283 1022 1332 1079 dei
1353 1022 1396 1078 sic

245 1111 389 1168 allocutus
409 1123 472 1169 est:
501 1113 614 1170 ‘Serue
634 1113 692 1180 dei,
713 1113 761 1169 cui
782 1111 898 1169 sentire
921 1112 1018 1170 maius
1039 1122 1086 1170 est
1109 1128 1199 1185 quam
1222 1127 1279 1183 per
1300 1119 1395 1166 totum

246 1201 392 1256 mundum
406 1217 542 1273 regirare,
555 1200 624 1258 licet
640 1201 797 1272 indignum
816 1217 864 1256 me
883 1199 985 1272 recipe
1003 1199 1033 1256 in
1052 1209 1154 1256 tuum:
1173 1197 1268 1256 diuini
1286 1197 1397 1254 furoris

203 1305 233 1341 ιο
245 1287 392 1359 asperitas
411 1287 440 1344 in
462 1305 511 1345 me
530 1287 668 1356 cessauit,
689 1297 719 1345 et
738 1305 797 1361 que
820 1286 927 1344 merito
946 1287 1077 1354 abstulit,
1097 1287 1193 1360 gratie
1218 1303 1273 1343 sue
1292 1285 1397 1342 fauore

246 1373 336 1430 michi
355 1375 504 1448 benignus
522 1375 686 1433 concessit.³
723 1374 779 1432 Cui
798 1383 938 1431 sanctus:
959 1375 1044 1445 ‘Que
1062 1376 1138 1432 deus
1157 1373 1287 1440 dimittit,
1304 1389 1398 1429 nemo

246 1460 394 1534 imputare
406 1471 535 1531 tenetur,
547 1471 577 1521 et
590 1462 660 1536 quia
671 1463 729 1520 deo
744 1461 923 1530 satisfecisti,
934 1461 1025 1518 michi
1038 1461 1184 1535 placuisti.
1222 1460 1307 1518 Bene
1323 1477 1397 1532 ergo

245 1549 374 1618 veneris,
387 1558 417 1606 et
430 1550 490 1606 noli
504 1551 635 1622 amplius
647 1567 782 1624 peccare,
796 1558 825 1606 et
838 1550 929 1606 deum
943 1557 1028 1606 tuum
1042 1548 1176 1606 criminis
1186 1565 1256 1604 esse
1268 1548 1395 1604 vltorem

210 1649 215 1660 '
246 1645 276 1692 et
289 1635 474 1709 indulgentie
491 1637 664 1711 largitorem
681 1640 847 1710 cognosce!
884 1637 928 1694 lbi
948 1655 1021 1694 vero
1035 1646 1104 1710 post
1121 1637 1176 1692 hec
1195 1635 1246 1692 diu
1262 1644 1397 1692 moratus

203 1741 232 1791 ¹⁵
246 1723 434 1782 sanctissime
447 1725 529 1795 vixit,
542 1727 580 1783 ad
593 1724 675 1782 nulla
686 1726 765 1782 mala
777 1725 930 1782 toleranda
943 1725 1034 1782 rudis.
1103 1712 1240 1800 Quidam
1253 1723 1398 1796 princeps

246 1811 367 1869 nomine
382 1811 567 1886 Morgantius
580 1823 702 1882 terram,
715 1831 774 1886 que
788 1830 867 1869 nunc
881 1812 1106 1886 Glamorgantia
1125 1811 1240 1881 dicitur,
1253 1819 1284 1868 et
1298 1819 1397 1868 terras

245 1897 350 1956 affines
369 1917 464 1973 vsque
484 1901 609 1958 lluuium
629 1899 748 1957 Waiam
769 1918 825 1957 suo
847 1900 976 1957 habebat
998 1899 1149 1956 dominio:
1179 1908 1209 1956 et
1234 1898 1311 1956 lacta
1335 1898 1396 1954 dis·

246 1986 382 2045 sentione
408 1998 506 2046 motus
531 1998 578 2046 est
602 1988 722 2062 quidam
748 1987 900 2046 exercitus
924 1989 961 2045 ad
986 1996 1087 2061 partes
1113 1987 1178 2044 illas
1199 1988 1249 2043 vbi
1273 1995 1396 2043 sanctus

246 2077 393 2146 manebat,
413 2087 557 2151 captaque
576 2077 671 2150 preda
690 2076 780 2132 totius
802 2075 897 2148 patrie
918 2093 1059 2133 reuersus
1079 2086 1134 2133 est
1173 2074 1287 2132 Missus
1306 2073 1397 2146 igitur

203 2181 233 2216 so
246 2161 374 2220 famulus
386 2163 442 2222 viri
455 2165 559 2234 sancti,
572 2165 702 2220 cloccam
716 2163 908 2220 mamillatam
927 2163 957 2219 in
974 2181 1066 2220 manu
1079 2181 1134 2220 sua
1146 2179 1256 2236 gerens
1269 2179 1287 2218 a
1300 2162 1397 2235 preda

245 2249 355 2323 aliquid
381 2252 509 2324 repetiit.
547 2251 592 2307 Illi
617 2263 717 2310 autem
742 2269 813 2308 eum
836 2251 1021 2324 increpando
1045 2251 1222 2308 deridebant
1241 2259 1271 2306 et
1296 2249 1396 2307 minas

245 2338 482 2410 quamplurimas
503 2338 678 2396 inserebant
717 2339 740 2394 F
741 2340 939 2396 acta²autem
954 2339 1005 2396 lite
1025 2339 1156 2396 maxima
1175 2355 1231 2411 pro
1247 2336 1397 2396 diuisione

246 2427 349 2497 prede,
363 2427 512 2484 exercitus
525 2437 628 2484 mutuo
640 2426 768 2484 letaliter
780 2445 814 2484 se
827 2427 1011 2496 vulnerabat,
1024 2445 1080 2484 nec
1093 2426 1188 2500 ipsius
1205 2427 1282 2482 dure
1294 2443 1398 2498 pugne

247 2512 330 2569 furor
341 2514 470 2570 cessauit
483 2532 640 2588 quousque
652 2533 759 2572 omnes
773 2514 851 2573 leto⁸
866 2515 966 2572 traditi
978 2524 1058 2572 sunt.
1095 2515 1162 2585 Quo
1174 2514 1249 2584 viso,
1266 2513 1399 2570 famulus

203 2617 233 2668 ²⁵
246 2600 340 2661 sancti
353 2602 478 2673 predam
491 2603 529 2658 ad
543 2603 665 2676 propria
678 2603 742 2660 loca
753 2603 834 2661 vnde
846 2605 961 2660 exierat
975 2603 1183 2676 compellebat,
1197 2612 1226 2658 et
1244 2618 1400 2674 pauperes

247 2687 356 2745 iniuste
387 2689 507 2761 spoliati
537 2708 605 2747 cum
637 2690 745 2763 gaudio
776 2708 831 2748 sua
862 2699 1050 2763 receperunt.
1120 2677 1264 2748 Audiens
1294 2698 1400 2748 autem

247 2776 389 2850 princeps
403 2775 570 2850 Morgantie
582 2779 661 2851 quod
675 2779 751 2835 deus
764 2777 879 2836 meritis
892 2778 986 2834 sancti
996 2777 1052 2834 viri
1062 2787 1165 2835 mutua
1175 2779 1248 2834 cede
1258 2776 1400 2834 inimicos

247 2880 319 2920 suos
332 2863 375 2921 sic
388 2865 480 2922 deleri
494 2865 692 2939 pennisisset,
704 2867 787 2922 venit
798 2867 837 2923 ad
857 2883 926 2923 eum
943 2874 973 2923 et
989 2865 1101 2938 gratias
1118 2867 1146 2922 ei
1162 2883 1265 2938 agens,
1279 2866 1399 2937 rogauit

246 2959 278 3007 vt
290 2951 429 3025 quicquid
441 2955 532 3011 vellet
544 2955 582 3010 ab
595 2971 632 3012 eo
644 2963 771 3028 peteret,
784 2963 815 3011 et
827 2954 892 3010 sine
905 2953 1047 3010 dilatione
1059 2955 1219 3027 optineret
1255 2951 1314 3023 Qui
1326 2969 1399 3010 cum

202 3059 234 3106 ³0
247 3057 280 3096 se
300 3039 391 3096 nichil
414 3041 525 3097 habere
542 3042 621 3098 velle
641 3041 763 3110 diceret,
785 3059 854 3099 cum
876 3059 985 3115 magna
1003 3043 1126 3098 tandem
1147 3041 1319 3098 difficultate
1345 3042 1398 3098 vix

247 3127 332 3200 petiit
356 3139 387 3184 vt
418 3128 449 3186 in
474 3128 620 3202 refugium
652 3146 820 3202 pauperum
850 3129 1003 3203 paululum
1033 3139 1113 3187 terre
1142 3129 1170 3186 ei
1199 3129 1292 3186 daret
1340 3129 1399 3185 Cui

248 3214 407 3289 princeps:
434 3218 594 3273 ‘Ascende
612 3235 732 3274 mecum
751 3217 781 3273 in
802 3219 953 3274 montem!
998 3218 1065 3288 Quo
1086 3234 1154 3274 cum
1175 3217 1400 3290 peruenissent,

247 3301 335 3359 dixit:
357 3304 525 3374 ‘Quantum
537 3304 592 3374 vis,
602 3323 642 3362 ex
654 3305 879 3378 circumspectis
889 3305 1051 3378 prouinciis
1060 3306 1113 3364 tibi
1123 3305 1211 3361 facito
1221 3304 1399 3377 proprium.’

248 3389 286 3445 Et
309 3391 377 3449 ille:
406 3392 508 3462 ‘Quod
534 3391 659 3449 nimium
679 3402 726 3450 est
747 3411 807 3449 non
830 3403 939 3468 petam,
959 3394 1008 3451 vel
1028 3395 1108 3466 quod
1130 3393 1259 3450 heredes
1279 3393 1321 3449 tui
1346 3394 1398 3449 vel

202 3493 233 3545 3⁵
248 3479 412 3550 scquaces⁴
436 3481 566 3537 debeant
590 3480 717 3538 auferre.
765 3481 818 3538 Est
844 3481 954 3539 ssuuius
978 3481 1100 3556 quidam
1125 3481 1195 3538 hinc
1220 3499 1281 3538 non
1307 3481 1399 3554 longe

247 3567 430 3624 decurrens:
456 3567 495 3624 sit
514 3567 564 3625 ille
582 3569 730 3626 terminus
748 3570 950 3641 possessionis
972 3575 1055 3628 mee!
1093 3569 1131 3626 Et
1152 3569 1262 3627 lactum
1281 3578 1328 3626 est
1345 3568 1398 3627 ita

248 3641 384 3714 Sanctus
414 3665 512 3712 autem
545 3656 650 3723 Dauid,
676 3657 828 3726 TheliauS,
853 3667 883 3715 et
915 3659 1062 3716 Paternus
1092 3659 1129 3714 ad
1160 3658 1397 3716 consolationem

247 3743 373 3800 fratrum
398 3741 456 3800 iter
480 3753 614 3816 agentes,
639 3746 678 3801 ad
703 3745 801 3803 virum
827 3746 875 3804 dei
900 3756 1113 3819 peruenerunt.
1151 3747 1209 3815 Qui
1234 3746 1264 3801 in
1290 3763 1398 3804 eorum

246 3832 384 3889 exultans
396 3833 536 3900 aduentu,
550 3833 679 3906 benigne
691 3834 758 3890 illos
771 3835 904 3908 suscepit
916 3844 946 3891 et
959 3845 1101 3908 tanquam
1115 3833 1291 3891 reuerendis
1304 3834 1400 3908 patri-

200 3941 234 3988 40
247 3921 303 3976 bus
316 3918 462 3978 beneficia
474 3920 685 3994 hospitalitatis
698 3922 888 3980 ministrauit.
926 3921 1037 3979 Beatus
1050 3932 1150 3979 autem
1165 3921 1262 3979 Dauid
1274 3921 1401 3980 vniuer-

246 4009 340 4066 salem
348 4009 498 4082 synodum
508 4008 637 4066 suturam
647 4009 791 4080 edixerat,
798 4019 828 4068 et
836 4020 973 4068 sanctum
984 4009 1235 4082 Kynedum⁵illuc
1244 4010 1402 4068 humiliter

246 4095 373 4153 inuitare
395 4097 517 4154 curauit.
564 4097 622 4167 Qui
642 4097 699 4156 ait:
730 4098 812 4171 ‘Ego
832 4097 939 4155 merito
964 4099 1101 4156 membra
1125 4099 1240 4154 habens
1265 4109 1401 4171 curuata,

246 4185 419 4242 societatem
438 4184 551 4242 habere
567 4184 717 4258 indignus,
729 4185 820 4243 tantis
839 4185 911 4243 viris
929 4185 1081 4258 indignior
1099 4203 1167 4244 sum
1186 4185 1349 4258 associari;
1370 4199 1403 4246 et

279 4307 462 4372 ¹E.primam.
527 4307 585 4360 ¹13.
599 4307 696 4359 Fracta.
762 4306 821 4362 Ἐ
835 4309 914 4360 letho.
981 4309 1204 4372 ⁴l2.sequentes;
1219 4309 1249 4358 T.
1264 4324 1401 4373 sequaces.

246 4389 301 4440 ιΤ.
315 4391 460 4441 Kenedum.
