<?xml version="1.0" encoding="UTF-8"?>
<!DOCTYPE html PUBLIC "-//W3C//DTD XHTML 1.0 Transitional//EN"
    "http://www.w3.org/TR/xhtml1/DTD/xhtml1-transitional.dtd">
<html xmlns="http://www.w3.org/1999/xhtml" xml:lang="en" lang="en">
 <head>
  <title>
</title>
<meta http-equiv="Content-Type" content="text/html;charset=utf-8" />
  <meta name='ocr-system' content='tesseract 3.04.00' />
  <meta name='ocr-capabilities' content='ocr_page ocr_carea ocr_par ocr_line ocrx_word'/>
</head>
<body>
  <div class='ocr_page' id='page_1' title='image "./novalegendaangl00wordgoog/novalegendaangl00wordgoog_0390.png"; bbox 0 0 3028 4894; ppageno 0'>
   <div class='ocr_carea' id='block_1_1' title="bbox 273 321 1233 429">
    <p class='ocr_par' dir='ltr' id='par_1_1' title="bbox 273 321 1233 429">
     <span class='ocr_line' id='line_1_1' title="bbox 273 321 1233 429; baseline 0.011 -17"><span class='ocrx_word' id='word_1_1' title='bbox 273 325 348 421; x_wconf 77' lang='lat' dir='ltr'>tm</span> <span class='ocrx_word' id='word_1_2' title='bbox 372 324 536 416; x_wconf 64' lang='lat' dir='ltr'>saum</span> <span class='ocrx_word' id='word_1_3' title='bbox 562 321 1052 429; x_wconf 66' lang='lat' dir='ltr'>ermenteriarum.</span> <span class='ocrx_word' id='word_1_4' title='bbox 1165 331 1233 422; x_wconf 75' lang='lat'>381</span> 
     </span>
    </p>
   </div>
   <div class='ocr_carea' id='block_1_2' title="bbox 80 527 1285 4204">
    <p class='ocr_par' dir='ltr' id='par_1_2' title="bbox 80 527 1285 4204">
     <span class='ocr_line' id='line_1_2' title="bbox 82 527 1239 603; baseline -0.001 -17"><span class='ocrx_word' id='word_1_5' title='bbox 82 543 151 586; x_wconf 90' lang='lat' dir='ltr'>non</span> <span class='ocrx_word' id='word_1_6' title='bbox 171 527 319 586; x_wconf 86' lang='lat' dir='ltr'>tacebunt.</span> <span class='ocrx_word' id='word_1_7' title='bbox 355 528 385 584; x_wconf 88' lang='lat' dir='ltr'><strong>A</strong></span> <span class='ocrx_word' id='word_1_8' title='bbox 409 527 511 586; x_wconf 88' lang='lat' dir='ltr'>seculo</span> <span class='ocrx_word' id='word_1_9' title='bbox 532 527 682 602; x_wconf 82' lang='lat' dir='ltr'>siquidem</span> <span class='ocrx_word' id='word_1_10' title='bbox 707 545 767 586; x_wconf 94' lang='lat' dir='ltr'>non</span> <span class='ocrx_word' id='word_1_11' title='bbox 790 536 838 588; x_wconf 89' lang='lat' dir='ltr'>est</span> <span class='ocrx_word' id='word_1_12' title='bbox 858 529 993 588; x_wconf 87' lang='lat' dir='ltr'>auditum</span> <span class='ocrx_word' id='word_1_13' title='bbox 1017 527 1147 603; x_wconf 80' lang='lat' dir='ltr'>aliquem</span> <span class='ocrx_word' id='word_1_14' title='bbox 1168 546 1239 586; x_wconf 81' lang='lat' dir='ltr'>can-</span> 
     </span>
     <span class='ocr_line' id='line_1_3' title="bbox 80 615 1239 691; baseline 0 -17"><span class='ocrx_word' id='word_1_15' title='bbox 80 615 273 674; x_wconf 86' lang='lat' dir='ltr'>tuariensem</span> <span class='ocrx_word' id='word_1_16' title='bbox 297 616 555 690; x_wconf 88' lang='lat' dir='ltr'>archiepiscopum</span> <span class='ocrx_word' id='word_1_17' title='bbox 581 616 611 672; x_wconf 93' lang='lat' dir='ltr'>in</span> <span class='ocrx_word' id='word_1_18' title='bbox 635 616 718 674; x_wconf 90' lang='lat' dir='ltr'>curia</span> <span class='ocrx_word' id='word_1_19' title='bbox 743 633 848 691; x_wconf 87' lang='lat' dir='ltr'>regum</span> <span class='ocrx_word' id='word_1_20' title='bbox 873 617 1041 690; x_wconf 90' lang='lat' dir='ltr'>Anglorum</span> <span class='ocrx_word' id='word_1_21' title='bbox 1065 635 1122 691; x_wconf 91' lang='lat' dir='ltr'>pro</span> <span class='ocrx_word' id='word_1_22' title='bbox 1146 616 1239 690; x_wconf 83' lang='lat' dir='ltr'>quali·</span> 
     </span>
     <span class='ocr_line' id='line_1_4' title="bbox 81 703 1240 779; baseline 0 -17"><span class='ocrx_word' id='word_1_23' title='bbox 81 721 208 778; x_wconf 88' lang='lat' dir='ltr'>cunque</span> <span class='ocrx_word' id='word_1_24' title='bbox 238 721 328 762; x_wconf 89' lang='lat' dir='ltr'>causa</span> <span class='ocrx_word' id='word_1_25' title='bbox 356 703 527 772; x_wconf 88' lang='lat' dir='ltr'>iudicatum,</span> <span class='ocrx_word' id='word_1_26' title='bbox 557 713 620 762; x_wconf 91' lang='lat' dir='ltr'>tum</span> <span class='ocrx_word' id='word_1_27' title='bbox 651 714 777 779; x_wconf 88' lang='lat' dir='ltr'>propter</span> <span class='ocrx_word' id='word_1_28' title='bbox 806 705 989 778; x_wconf 88' lang='lat' dir='ltr'>dignitatem,</span> <span class='ocrx_word' id='word_1_29' title='bbox 1020 715 1083 763; x_wconf 90' lang='lat' dir='ltr'>tum</span> <span class='ocrx_word' id='word_1_30' title='bbox 1114 713 1240 779; x_wconf 89' lang='lat' dir='ltr'>propter</span> 
     </span>
     <span class='ocr_line' id='line_1_5' title="bbox 80 791 1240 866; baseline 0 -16"><span class='ocrx_word' id='word_1_31' title='bbox 80 791 303 860; x_wconf 86' lang='lat' dir='ltr'>auctoritatem,</span> <span class='ocrx_word' id='word_1_32' title='bbox 312 801 375 848; x_wconf 89' lang='lat' dir='ltr'>turn</span> <span class='ocrx_word' id='word_1_33' title='bbox 389 791 458 865; x_wconf 90' lang='lat' dir='ltr'>quia</span> <span class='ocrx_word' id='word_1_34' title='bbox 469 792 551 865; x_wconf 89' lang='lat' dir='ltr'>regis</span> <span class='ocrx_word' id='word_1_35' title='bbox 563 801 593 850; x_wconf 92' lang='lat' dir='ltr'>et</span> <span class='ocrx_word' id='word_1_36' title='bbox 606 795 740 849; x_wconf 88' lang='lat' dir='ltr'>omnium</span> <span class='ocrx_word' id='word_1_37' title='bbox 753 791 947 866; x_wconf 81' lang='lat' dir='ltr'>spiritualiter</span> <span class='ocrx_word' id='word_1_38' title='bbox 959 801 1045 866; x_wconf 88' lang='lat' dir='ltr'>pater</span> <span class='ocrx_word' id='word_1_39' title='bbox 1056 791 1103 850; x_wconf 90' lang='lat' dir='ltr'>sit.</span> <span class='ocrx_word' id='word_1_40' title='bbox 1140 793 1240 850; x_wconf 88' lang='lat' dir='ltr'>Noua·</span> 
     </span>
     <span class='ocr_line' id='line_1_6' title="bbox 82 879 1267 954; baseline 0.001 -18"><span class='ocrx_word' id='word_1_41' title='bbox 82 897 149 953; x_wconf 91' lang='lat' dir='ltr'>que</span> <span class='ocrx_word' id='word_1_42' title='bbox 172 889 218 936; x_wconf 90' lang='lat' dir='ltr'>est</span> <span class='ocrx_word' id='word_1_43' title='bbox 240 879 336 936; x_wconf 89' lang='lat' dir='ltr'>forma</span> <span class='ocrx_word' id='word_1_44' title='bbox 356 880 411 936; x_wconf 90' lang='lat' dir='ltr'>hee</span> <span class='ocrx_word' id='word_1_45' title='bbox 421 879 441 951; x_wconf 89' lang='lat'>¹,</span> <span class='ocrx_word' id='word_1_46' title='bbox 460 889 491 938; x_wconf 92' lang='lat' dir='ltr'>et</span> <span class='ocrx_word' id='word_1_47' title='bbox 516 882 589 937; x_wconf 91' lang='lat' dir='ltr'>ordo</span> <span class='ocrx_word' id='word_1_48' title='bbox 614 879 791 936; x_wconf 89' lang='lat' dir='ltr'>iudiciorum</span> <span class='ocrx_word' id='word_1_49' title='bbox 815 897 921 950; x_wconf 90' lang='lat' dir='ltr'>nouus,</span> <span class='ocrx_word' id='word_1_50' title='bbox 940 889 972 936; x_wconf 91' lang='lat' dir='ltr'>vt</span> <span class='ocrx_word' id='word_1_51' title='bbox 996 879 1240 954; x_wconf 78' lang='lat' dir='ltr'>archiepiscopus</span> <span class='ocrx_word' id='word_1_52' title='bbox 1252 901 1267 952; x_wconf 83' lang='lat'><strong>5</strong></span> 
     </span>
     <span class='ocr_line' id='line_1_7' title="bbox 81 956 1240 1042; baseline 0 -18"><span class='ocrx_word' id='word_1_53' title='bbox 81 985 105 1024; x_wconf 83' lang='lat' dir='ltr'>a</span> <span class='ocrx_word' id='word_1_54' title='bbox 122 967 188 1024; x_wconf 89' lang='lat' dir='ltr'>suis</span> <span class='ocrx_word' id='word_1_55' title='bbox 200 967 405 1041; x_wconf 85' lang='lat' dir='ltr'>suffraganeis,</span> <span class='ocrx_word' id='word_1_56' title='bbox 418 975 467 1024; x_wconf 93' lang='lat' dir='ltr'>aut</span> <span class='ocrx_word' id='word_1_57' title='bbox 485 976 600 1041; x_wconf 85' lang='lat' dir='ltr'>patera</span> <span class='ocrx_word' id='word_1_58' title='bbox 616 967 686 1024; x_wconf 87' lang='lat' dir='ltr'>filiis</span> <span class='ocrx_word' id='word_1_59' title='bbox 702 967 864 1025; x_wconf 68' lang='lat' dir='ltr'>iudicetur!</span> <span class='ocrx_word' id='word_1_60' title='bbox 939 956 1002 1025; x_wconf 87' lang='lat' dir='ltr'>Die</span> <span class='ocrx_word' id='word_1_61' title='bbox 1014 985 1086 1026; x_wconf 89' lang='lat' dir='ltr'>vero</span> <span class='ocrx_word' id='word_1_62' title='bbox 1103 969 1240 1042; x_wconf 82' lang='lat' dir='ltr'>sequenti</span> 
     </span>
     <span class='ocr_line' id='line_1_8' title="bbox 82 1054 1240 1130; baseline 0 -18"><span class='ocrx_word' id='word_1_63' title='bbox 82 1054 211 1129; x_wconf 81' lang='lat' dir='ltr'>exegit²</span> <span class='ocrx_word' id='word_1_64' title='bbox 225 1073 280 1112; x_wconf 88' lang='lat' dir='ltr'>rex</span> <span class='ocrx_word' id='word_1_65' title='bbox 298 1057 336 1113; x_wconf 92' lang='lat' dir='ltr'>ab</span> <span class='ocrx_word' id='word_1_66' title='bbox 355 1073 392 1114; x_wconf 87' lang='lat' dir='ltr'>eo</span> <span class='ocrx_word' id='word_1_67' title='bbox 410 1056 589 1130; x_wconf 90' lang='lat' dir='ltr'>quingentas</span> <span class='ocrx_word' id='word_1_68' title='bbox 608 1056 699 1113; x_wconf 84' lang='lat' dir='ltr'>libras</span> <span class='ocrx_word' id='word_1_69' title='bbox 715 1073 800 1128; x_wconf 90' lang='lat' dir='ltr'>quas,</span> <span class='ocrx_word' id='word_1_70' title='bbox 812 1065 844 1112; x_wconf 80' lang='lat' dir='ltr'>vt</span> <span class='ocrx_word' id='word_1_71' title='bbox 863 1057 1026 1125; x_wconf 82' lang='lat' dir='ltr'>asserebat,</span> <span class='ocrx_word' id='word_1_72' title='bbox 1044 1055 1240 1113; x_wconf 86' lang='lat' dir='ltr'>cancellarius</span> 
     </span>
     <span class='ocr_line' id='line_1_9' title="bbox 81 1143 1239 1216; baseline 0.001 -17"><span class='ocrx_word' id='word_1_73' title='bbox 81 1153 161 1200; x_wconf 89' lang='lat' dir='ltr'>tunc</span> <span class='ocrx_word' id='word_1_74' title='bbox 179 1160 198 1199; x_wconf 85' lang='lat' dir='ltr'>a</span> <span class='ocrx_word' id='word_1_75' title='bbox 216 1161 250 1201; x_wconf 91' lang='lat' dir='ltr'>se</span> <span class='ocrx_word' id='word_1_76' title='bbox 269 1153 427 1216; x_wconf 89' lang='lat' dir='ltr'>acceperat</span> <span class='ocrx_word' id='word_1_77' title='bbox 445 1153 564 1200; x_wconf 92' lang='lat' dir='ltr'>mutuo:</span> <span class='ocrx_word' id='word_1_78' title='bbox 585 1151 615 1200; x_wconf 89' lang='lat' dir='ltr'>et</span> <span class='ocrx_word' id='word_1_79' title='bbox 631 1143 700 1201; x_wconf 93' lang='lat' dir='ltr'>licet</span> <span class='ocrx_word' id='word_1_80' title='bbox 713 1161 732 1199; x_wconf 88' lang='lat' dir='ltr'>a</span> <span class='ocrx_word' id='word_1_81' title='bbox 748 1161 820 1215; x_wconf 88' lang='lat' dir='ltr'>rege</span> <span class='ocrx_word' id='word_1_82' title='bbox 835 1145 960 1200; x_wconf 85' lang='lat' dir='ltr'>donatas</span> <span class='ocrx_word' id='word_1_83' title='bbox 979 1143 1009 1199; x_wconf 94' lang='lat' dir='ltr'>in</span> <span class='ocrx_word' id='word_1_84' title='bbox 1022 1143 1145 1200; x_wconf 89' lang='lat' dir='ltr'>veritate</span> <span class='ocrx_word' id='word_1_85' title='bbox 1159 1143 1239 1200; x_wconf 86' lang='lat' dir='ltr'>affir-</span> 
     </span>
     <span class='ocr_line' id='line_1_10' title="bbox 84 1230 1240 1305; baseline 0.001 -18"><span class='ocrx_word' id='word_1_86' title='bbox 84 1231 226 1300; x_wconf 87' lang='lat' dir='ltr'>rnauerit,</span> <span class='ocrx_word' id='word_1_87' title='bbox 238 1230 436 1289; x_wconf 88' lang='lat' dir='ltr'>adiudicatum</span> <span class='ocrx_word' id='word_1_88' title='bbox 449 1239 495 1288; x_wconf 89' lang='lat' dir='ltr'>est</span> <span class='ocrx_word' id='word_1_89' title='bbox 507 1240 608 1288; x_wconf 89' lang='lat' dir='ltr'>tamen</span> <span class='ocrx_word' id='word_1_90' title='bbox 621 1232 709 1304; x_wconf 92' lang='lat' dir='ltr'>quod,</span> <span class='ocrx_word' id='word_1_91' title='bbox 722 1230 791 1305; x_wconf 92' lang='lat' dir='ltr'>quia</span> <span class='ocrx_word' id='word_1_92' title='bbox 807 1232 965 1304; x_wconf 89' lang='lat' dir='ltr'>pecuniam</span> <span class='ocrx_word' id='word_1_93' title='bbox 985 1230 1065 1288; x_wconf 87' lang='lat' dir='ltr'>illam</span> <span class='ocrx_word' id='word_1_94' title='bbox 1081 1231 1240 1289; x_wconf 86' lang='lat' dir='ltr'>confessus</span> 
     </span>
     <span class='ocr_line' id='line_1_11' title="bbox 83 1319 1285 1393; baseline 0.002 -17"><span class='ocrx_word' id='word_1_95' title='bbox 83 1328 136 1376; x_wconf 89' lang='lat' dir='ltr'>est</span> <span class='ocrx_word' id='word_1_96' title='bbox 155 1335 190 1375; x_wconf 88' lang='lat' dir='ltr'>se</span> <span class='ocrx_word' id='word_1_97' title='bbox 209 1319 370 1392; x_wconf 87' lang='lat' dir='ltr'>recepisse,</span> <span class='ocrx_word' id='word_1_98' title='bbox 382 1327 413 1377; x_wconf 90' lang='lat' dir='ltr'>et</span> <span class='ocrx_word' id='word_1_99' title='bbox 430 1319 546 1376; x_wconf 90' lang='lat' dir='ltr'>titulum</span> <span class='ocrx_word' id='word_1_100' title='bbox 564 1319 731 1375; x_wconf 88' lang='lat' dir='ltr'>donationis</span> <span class='ocrx_word' id='word_1_101' title='bbox 745 1328 816 1376; x_wconf 89' lang='lat' dir='ltr'>tunc</span> <span class='ocrx_word' id='word_1_102' title='bbox 835 1319 964 1392; x_wconf 89' lang='lat' dir='ltr'>probare</span> <span class='ocrx_word' id='word_1_103' title='bbox 980 1336 1040 1376; x_wconf 90' lang='lat' dir='ltr'>non</span> <span class='ocrx_word' id='word_1_104' title='bbox 1058 1319 1161 1393; x_wconf 89' lang='lat' dir='ltr'>potuit,</span> <span class='ocrx_word' id='word_1_105' title='bbox 1175 1319 1239 1392; x_wconf 87' lang='lat' dir='ltr'>regi</span> <span class='ocrx_word' id='word_1_106' title='bbox 1255 1341 1285 1380; x_wconf 89' lang='lat' dir='ltr'>ro</span> 
     </span>
     <span class='ocr_line' id='line_1_12' title="bbox 84 1394 1238 1481; baseline 0.001 -17"><span class='ocrx_word' id='word_1_107' title='bbox 84 1407 267 1464; x_wconf 90' lang='lat' dir='ltr'>soluendam</span> <span class='ocrx_word' id='word_1_108' title='bbox 292 1424 369 1464; x_wconf 88' lang='lat' dir='ltr'>esse.</span> <span class='ocrx_word' id='word_1_109' title='bbox 445 1394 483 1464; x_wconf 92' lang='lat' dir='ltr'>In</span> <span class='ocrx_word' id='word_1_110' title='bbox 508 1406 647 1476; x_wconf 85' lang='lat' dir='ltr'>crastino,</span> <span class='ocrx_word' id='word_1_111' title='bbox 669 1423 738 1464; x_wconf 89' lang='lat' dir='ltr'>curn</span> <span class='ocrx_word' id='word_1_112' title='bbox 763 1408 881 1464; x_wconf 87' lang='lat' dir='ltr'>sederet</span> <span class='ocrx_word' id='word_1_113' title='bbox 905 1406 1146 1481; x_wconf 84' lang='lat' dir='ltr'>archiepiscopus</span> <span class='ocrx_word' id='word_1_114' title='bbox 1170 1425 1238 1465; x_wconf 91' lang='lat' dir='ltr'>cum</span> 
     </span>
     <span class='ocr_line' id='line_1_13' title="bbox 84 1494 1239 1569; baseline 0 -17"><span class='ocrx_word' id='word_1_115' title='bbox 84 1496 154 1552; x_wconf 90' lang='lat' dir='ltr'>suis</span> <span class='ocrx_word' id='word_1_116' title='bbox 171 1494 359 1568; x_wconf 87' lang='lat' dir='ltr'>coepiscopis</span> <span class='ocrx_word' id='word_1_117' title='bbox 375 1494 406 1551; x_wconf 93' lang='lat' dir='ltr'>in</span> <span class='ocrx_word' id='word_1_118' title='bbox 423 1494 566 1564; x_wconf 86' lang='lat' dir='ltr'>conclaui,</span> <span class='ocrx_word' id='word_1_119' title='bbox 580 1511 619 1551; x_wconf 85' lang='lat' dir='ltr'>ex</span> <span class='ocrx_word' id='word_1_120' title='bbox 635 1495 730 1552; x_wconf 89' lang='lat' dir='ltr'>edicto</span> <span class='ocrx_word' id='word_1_121' title='bbox 743 1495 824 1568; x_wconf 89' lang='lat' dir='ltr'>regis</span> <span class='ocrx_word' id='word_1_122' title='bbox 842 1495 919 1552; x_wconf 88' lang='lat' dir='ltr'>seris</span> <span class='ocrx_word' id='word_1_123' title='bbox 931 1495 1054 1553; x_wconf 86' lang='lat' dir='ltr'>obiectis</span> <span class='ocrx_word' id='word_1_124' title='bbox 1071 1513 1110 1553; x_wconf 89' lang='lat' dir='ltr'>ne</span> <span class='ocrx_word' id='word_1_125' title='bbox 1123 1505 1239 1569; x_wconf 86' lang='lat' dir='ltr'>pateret</span> 
     </span>
     <span class='ocr_line' id='line_1_14' title="bbox 84 1582 1240 1657; baseline -0.001 -15"><span class='ocrx_word' id='word_1_126' title='bbox 84 1582 198 1650; x_wconf 87' lang='lat' dir='ltr'>exitus,</span> <span class='ocrx_word' id='word_1_127' title='bbox 214 1583 401 1656; x_wconf 90' lang='lat' dir='ltr'>propositum</span> <span class='ocrx_word' id='word_1_128' title='bbox 420 1591 466 1639; x_wconf 89' lang='lat' dir='ltr'>est</span> <span class='ocrx_word' id='word_1_129' title='bbox 484 1583 630 1639; x_wconf 90' lang='lat' dir='ltr'>aduersus</span> <span class='ocrx_word' id='word_1_130' title='bbox 648 1582 905 1656; x_wconf 89' lang='lat' dir='ltr'>archiepiscopum</span> <span class='ocrx_word' id='word_1_131' title='bbox 918 1585 997 1657; x_wconf 92' lang='lat' dir='ltr'>quod</span> <span class='ocrx_word' id='word_1_132' title='bbox 1017 1601 1085 1641; x_wconf 91' lang='lat' dir='ltr'>cum</span> <span class='ocrx_word' id='word_1_133' title='bbox 1097 1593 1240 1641; x_wconf 87' lang='lat' dir='ltr'>vacantes</span> 
     </span>
     <span class='ocr_line' id='line_1_15' title="bbox 85 1670 1238 1745; baseline 0.001 -18"><span class='ocrx_word' id='word_1_134' title='bbox 85 1672 216 1728; x_wconf 85' lang='lat' dir='ltr'>haberet</span> <span class='ocrx_word' id='word_1_135' title='bbox 234 1671 423 1744; x_wconf 86' lang='lat' dir='ltr'>episcopatus</span> <span class='ocrx_word' id='word_1_136' title='bbox 441 1678 471 1726; x_wconf 90' lang='lat' dir='ltr'>et</span> <span class='ocrx_word' id='word_1_137' title='bbox 489 1670 623 1726; x_wconf 89' lang='lat' dir='ltr'>abbatias</span> <span class='ocrx_word' id='word_1_138' title='bbox 641 1679 670 1727; x_wconf 89' lang='lat' dir='ltr'>et</span> <span class='ocrx_word' id='word_1_139' title='bbox 693 1670 803 1726; x_wconf 91' lang='lat' dir='ltr'>multos</span> <span class='ocrx_word' id='word_1_140' title='bbox 825 1671 959 1728; x_wconf 89' lang='lat' dir='ltr'>redditus</span> <span class='ocrx_word' id='word_1_141' title='bbox 974 1670 1088 1728; x_wconf 91' lang='lat' dir='ltr'>domini</span> <span class='ocrx_word' id='word_1_142' title='bbox 1109 1671 1189 1745; x_wconf 87' lang='lat' dir='ltr'>regis</span> <span class='ocrx_word' id='word_1_143' title='bbox 1207 1671 1238 1728; x_wconf 92' lang='lat' dir='ltr'>in</span> 
     </span>
     <span class='ocr_line' id='line_1_16' title="bbox 85 1755 1284 1833; baseline 0.004 -17"><span class='ocrx_word' id='word_1_144' title='bbox 85 1775 181 1816; x_wconf 86' lang='lat' dir='ltr'>manu</span> <span class='ocrx_word' id='word_1_145' title='bbox 202 1775 264 1828; x_wconf 89' lang='lat' dir='ltr'>sua,</span> <span class='ocrx_word' id='word_1_146' title='bbox 286 1758 398 1814; x_wconf 87' lang='lat' dir='ltr'>nullam</span> <span class='ocrx_word' id='word_1_147' title='bbox 417 1755 445 1814; x_wconf 92' lang='lat' dir='ltr'>ei</span> <span class='ocrx_word' id='word_1_148' title='bbox 467 1775 562 1830; x_wconf 90' lang='lat' dir='ltr'>super</span> <span class='ocrx_word' id='word_1_149' title='bbox 579 1757 636 1814; x_wconf 90' lang='lat' dir='ltr'>hiis</span> <span class='ocrx_word' id='word_1_150' title='bbox 655 1757 784 1815; x_wconf 89' lang='lat' dir='ltr'>reddidit</span> <span class='ocrx_word' id='word_1_151' title='bbox 802 1759 966 1816; x_wconf 86' lang='lat' dir='ltr'>rationem:</span> <span class='ocrx_word' id='word_1_152' title='bbox 986 1776 1076 1833; x_wconf 89' lang='lat' dir='ltr'>quam</span> <span class='ocrx_word' id='word_1_153' title='bbox 1092 1768 1163 1816; x_wconf 93' lang='lat' dir='ltr'>tunc</span> <span class='ocrx_word' id='word_1_154' title='bbox 1182 1758 1238 1817; x_wconf 90' lang='lat' dir='ltr'>sibi</span> <span class='ocrx_word' id='word_1_155' title='bbox 1254 1769 1284 1821; x_wconf 84' lang='lat'>1⁵</span> 
     </span>
     <span class='ocr_line' id='line_1_17' title="bbox 86 1831 1239 1920; baseline 0 -17"><span class='ocrx_word' id='word_1_156' title='bbox 86 1865 146 1903; x_wconf 85' lang='lat' dir='ltr'>rex</span> <span class='ocrx_word' id='word_1_157' title='bbox 165 1847 334 1920; x_wconf 86' lang='lat' dir='ltr'>requirebat</span> <span class='ocrx_word' id='word_1_158' title='bbox 352 1845 496 1904; x_wconf 72' lang='lat' dir='ltr'>exhiberi·</span> <span class='ocrx_word' id='word_1_159' title='bbox 533 1845 745 1903; x_wconf 86' lang='lat' dir='ltr'>Ascendebant</span> <span class='ocrx_word' id='word_1_160' title='bbox 764 1845 845 1902; x_wconf 91' lang='lat' dir='ltr'>enim</span> <span class='ocrx_word' id='word_1_161' title='bbox 864 1848 903 1904; x_wconf 95' lang='lat' dir='ltr'>ad</span> <span class='ocrx_word' id='word_1_162' title='bbox 924 1831 1043 1920; x_wconf 87' lang='lat' dir='ltr'>triginta</span> <span class='ocrx_word' id='word_1_163' title='bbox 1063 1845 1143 1903; x_wconf 88' lang='lat' dir='ltr'>milia</span> <span class='ocrx_word' id='word_1_164' title='bbox 1161 1864 1239 1903; x_wconf 86' lang='lat' dir='ltr'>mar-</span> 
     </span>
     <span class='ocr_line' id='line_1_18' title="bbox 85 1932 1238 2006; baseline -0.002 -13"><span class='ocrx_word' id='word_1_165' title='bbox 85 1953 202 1994; x_wconf 82' lang='lat' dir='ltr'>carum.</span> <span class='ocrx_word' id='word_1_166' title='bbox 239 1933 357 1991; x_wconf 82' lang='lat' dir='ltr'>Auditis</span> <span class='ocrx_word' id='word_1_167' title='bbox 381 1935 462 1990; x_wconf 89' lang='lat' dir='ltr'>enirn</span> <span class='ocrx_word' id='word_1_168' title='bbox 486 1932 697 2006; x_wconf 88' lang='lat' dir='ltr'>episcoporum</span> <span class='ocrx_word' id='word_1_169' title='bbox 721 1933 850 1991; x_wconf 87' lang='lat' dir='ltr'>diuersis</span> <span class='ocrx_word' id='word_1_170' title='bbox 881 1933 1047 2002; x_wconf 71' lang='lat' dir='ltr'>sententiis</span> <span class='ocrx_word' id='word_1_171' title='bbox 1072 1934 1112 1990; x_wconf 91' lang='lat' dir='ltr'>ait</span> <span class='ocrx_word' id='word_1_172' title='bbox 1142 1935 1238 1991; x_wconf 86' lang='lat' dir='ltr'>archi·</span> 
     </span>
     <span class='ocr_line' id='line_1_19' title="bbox 86 2020 1240 2096; baseline -0.003 -14"><span class='ocrx_word' id='word_1_173' title='bbox 86 2023 269 2096; x_wconf 86' lang='lat' dir='ltr'>episcopus:</span> <span class='ocrx_word' id='word_1_174' title='bbox 289 2021 393 2092; x_wconf 89' lang='lat' dir='ltr'>‘Volo,</span> <span class='ocrx_word' id='word_1_175' title='bbox 406 2021 510 2095; x_wconf 90' lang='lat' dir='ltr'>inquit,</span> <span class='ocrx_word' id='word_1_176' title='bbox 524 2020 604 2094; x_wconf 91' lang='lat' dir='ltr'>loqui</span> <span class='ocrx_word' id='word_1_177' title='bbox 620 2038 689 2078; x_wconf 90' lang='lat' dir='ltr'>cum</span> <span class='ocrx_word' id='word_1_178' title='bbox 707 2022 824 2079; x_wconf 90' lang='lat' dir='ltr'>duobus</span> <span class='ocrx_word' id='word_1_179' title='bbox 842 2021 1000 2080; x_wconf 87' lang='lat' dir='ltr'>comitibus</span> <span class='ocrx_word' id='word_1_180' title='bbox 1014 2021 1064 2096; x_wconf 92' lang='lat' dir='ltr'>qui</span> <span class='ocrx_word' id='word_1_181' title='bbox 1079 2039 1147 2078; x_wconf 91' lang='lat' dir='ltr'>cum</span> <span class='ocrx_word' id='word_1_182' title='bbox 1167 2038 1240 2094; x_wconf 85' lang='lat' dir='ltr'>rege</span> 
     </span>
     <span class='ocr_line' id='line_1_20' title="bbox 86 2108 1238 2183; baseline -0.002 -15"><span class='ocrx_word' id='word_1_183' title='bbox 86 2115 193 2168; x_wconf 89' lang='lat' dir='ltr'>sunt&#39;:</span> <span class='ocrx_word' id='word_1_184' title='bbox 214 2127 290 2183; x_wconf 92' lang='lat' dir='ltr'>quos</span> <span class='ocrx_word' id='word_1_185' title='bbox 308 2119 338 2166; x_wconf 90' lang='lat' dir='ltr'>et</span> <span class='ocrx_word' id='word_1_186' title='bbox 357 2109 530 2166; x_wconf 82' lang='lat' dir='ltr'>nominauit</span> <span class='ocrx_word' id='word_1_187' title='bbox 566 2108 687 2168; x_wconf 87' lang='lat' dir='ltr'>Vocatis</span> <span class='ocrx_word' id='word_1_188' title='bbox 705 2108 764 2166; x_wconf 91' lang='lat' dir='ltr'>illis</span> <span class='ocrx_word' id='word_1_189' title='bbox 777 2119 806 2166; x_wconf 92' lang='lat' dir='ltr'>et</span> <span class='ocrx_word' id='word_1_190' title='bbox 822 2111 899 2168; x_wconf 91' lang='lat' dir='ltr'>ostio</span> <span class='ocrx_word' id='word_1_191' title='bbox 913 2119 1025 2183; x_wconf 88' lang='lat' dir='ltr'>aperto,</span> <span class='ocrx_word' id='word_1_192' title='bbox 1038 2109 1131 2167; x_wconf 88' lang='lat' dir='ltr'>dixit:</span> <span class='ocrx_word' id='word_1_193' title='bbox 1151 2109 1238 2166; x_wconf 90' lang='lat' dir='ltr'>‘Non</span> 
     </span>
     <span class='ocr_line' id='line_1_21' title="bbox 86 2197 1285 2272; baseline -0.002 -16"><span class='ocrx_word' id='word_1_194' title='bbox 86 2197 172 2258; x_wconf 89' lang='lat' dir='ltr'>enim</span> <span class='ocrx_word' id='word_1_195' title='bbox 185 2199 333 2255; x_wconf 88' lang='lat' dir='ltr'>habemus</span> <span class='ocrx_word' id='word_1_196' title='bbox 345 2200 383 2255; x_wconf 88' lang='lat' dir='ltr'>ad</span> <span class='ocrx_word' id='word_1_197' title='bbox 401 2214 528 2270; x_wconf 89' lang='lat' dir='ltr'>presens</span> <span class='ocrx_word' id='word_1_198' title='bbox 542 2197 639 2269; x_wconf 85' lang='lat' dir='ltr'>[eos]&#39;</span> <span class='ocrx_word' id='word_1_199' title='bbox 652 2198 760 2270; x_wconf 89' lang='lat' dir='ltr'>quibus</span> <span class='ocrx_word' id='word_1_200' title='bbox 774 2215 824 2255; x_wconf 90' lang='lat' dir='ltr'>res</span> <span class='ocrx_word' id='word_1_201' title='bbox 837 2197 902 2272; x_wconf 85' lang='lat' dir='ltr'>ipsa</span> <span class='ocrx_word' id='word_1_202' title='bbox 915 2197 1010 2271; x_wconf 86' lang='lat' dir='ltr'>magis</span> <span class='ocrx_word' id='word_1_203' title='bbox 1023 2197 1158 2266; x_wconf 90' lang='lat' dir='ltr'>innotuit,</span> <span class='ocrx_word' id='word_1_204' title='bbox 1171 2197 1238 2254; x_wconf 90' lang='lat' dir='ltr'>ideo</span> <span class='ocrx_word' id='word_1_205' title='bbox 1253 2209 1285 2246; x_wconf 82' lang='lat'>²0</span> 
     </span>
     <span class='ocr_line' id='line_1_22' title="bbox 86 2284 1238 2360; baseline -0.002 -15"><span class='ocrx_word' id='word_1_206' title='bbox 86 2303 186 2359; x_wconf 88' lang='lat' dir='ltr'>vsque</span> <span class='ocrx_word' id='word_1_207' title='bbox 198 2285 229 2342; x_wconf 90' lang='lat' dir='ltr'>in</span> <span class='ocrx_word' id='word_1_208' title='bbox 242 2285 404 2343; x_wconf 89' lang='lat' dir='ltr'>crastinum</span> <span class='ocrx_word' id='word_1_209' title='bbox 417 2285 548 2358; x_wconf 90' lang='lat' dir='ltr'>petimus</span> <span class='ocrx_word' id='word_1_210' title='bbox 561 2284 698 2354; x_wconf 85' lang='lat' dir='ltr'>indutias,</span> <span class='ocrx_word' id='word_1_211' title='bbox 711 2294 781 2342; x_wconf 91' lang='lat' dir='ltr'>tunc</span> <span class='ocrx_word' id='word_1_212' title='bbox 794 2285 985 2358; x_wconf 67' lang='lat' dir='ltr'>responsuri!</span> <span class='ocrx_word' id='word_1_213' title='bbox 1022 2286 1127 2343; x_wconf 90' lang='lat' dir='ltr'>Soluto</span> <span class='ocrx_word' id='word_1_214' title='bbox 1139 2285 1238 2360; x_wconf 87' lang='lat' dir='ltr'>itaque</span> 
     </span>
     <span class='ocr_line' id='line_1_23' title="bbox 87 2374 1239 2448; baseline -0.001 -15"><span class='ocrx_word' id='word_1_215' title='bbox 87 2375 224 2443; x_wconf 88' lang='lat' dir='ltr'>consilio,</span> <span class='ocrx_word' id='word_1_216' title='bbox 243 2375 399 2431; x_wconf 90' lang='lat' dir='ltr'>multitudo</span> <span class='ocrx_word' id='word_1_217' title='bbox 422 2374 548 2431; x_wconf 87' lang='lat' dir='ltr'>militurn</span> <span class='ocrx_word' id='word_1_218' title='bbox 569 2383 599 2431; x_wconf 93' lang='lat' dir='ltr'>et</span> <span class='ocrx_word' id='word_1_219' title='bbox 617 2375 743 2431; x_wconf 91' lang='lat' dir='ltr'>aliorum</span> <span class='ocrx_word' id='word_1_220' title='bbox 762 2377 812 2448; x_wconf 93' lang='lat' dir='ltr'>qui</span> <span class='ocrx_word' id='word_1_221' title='bbox 834 2393 903 2432; x_wconf 90' lang='lat' dir='ltr'>curn</span> <span class='ocrx_word' id='word_1_222' title='bbox 923 2374 1148 2448; x_wconf 83' lang='lat' dir='ltr'>archiepiscopo</span> <span class='ocrx_word' id='word_1_223' title='bbox 1170 2375 1239 2432; x_wconf 90' lang='lat' dir='ltr'>illue</span> 
     </span>
     <span class='ocr_line' id='line_1_24' title="bbox 87 2461 1239 2536; baseline 0.002 -16"><span class='ocrx_word' id='word_1_224' title='bbox 87 2471 300 2534; x_wconf 88' lang='lat' dir='ltr'>conuenerant,</span> <span class='ocrx_word' id='word_1_225' title='bbox 316 2461 398 2536; x_wconf 85' lang='lat' dir='ltr'>regio</span> <span class='ocrx_word' id='word_1_226' title='bbox 417 2471 498 2519; x_wconf 91' lang='lat' dir='ltr'>metu</span> <span class='ocrx_word' id='word_1_227' title='bbox 514 2462 674 2536; x_wconf 88' lang='lat' dir='ltr'>perterriti,</span> <span class='ocrx_word' id='word_1_228' title='bbox 687 2463 815 2536; x_wconf 90' lang='lat' dir='ltr'>amplius</span> <span class='ocrx_word' id='word_1_229' title='bbox 834 2481 901 2521; x_wconf 91' lang='lat' dir='ltr'>cum</span> <span class='ocrx_word' id='word_1_230' title='bbox 918 2463 969 2520; x_wconf 92' lang='lat' dir='ltr'>illo</span> <span class='ocrx_word' id='word_1_231' title='bbox 988 2481 1047 2519; x_wconf 90' lang='lat' dir='ltr'>non</span> <span class='ocrx_word' id='word_1_232' title='bbox 1066 2471 1212 2520; x_wconf 89' lang='lat' dir='ltr'>steterunt</span> <span class='ocrx_word' id='word_1_233' title='bbox 1219 2463 1239 2522; x_wconf 79' lang='lat'>⁴.</span> 
     </span>
     <span class='ocr_line' id='line_1_25' title="bbox 86 2550 1239 2624; baseline 0.001 -17"><span class='ocrx_word' id='word_1_234' title='bbox 86 2551 180 2609; x_wconf 89' lang='lat' dir='ltr'>Vnde</span> <span class='ocrx_word' id='word_1_235' title='bbox 193 2550 240 2610; x_wconf 90' lang='lat' dir='ltr'>vir</span> <span class='ocrx_word' id='word_1_236' title='bbox 255 2551 303 2608; x_wconf 89' lang='lat' dir='ltr'>dei</span> <span class='ocrx_word' id='word_1_237' title='bbox 320 2550 406 2608; x_wconf 89' lang='lat' dir='ltr'>iussit</span> <span class='ocrx_word' id='word_1_238' title='bbox 424 2550 541 2608; x_wconf 89' lang='lat' dir='ltr'>circuiri</span> <span class='ocrx_word' id='word_1_239' title='bbox 558 2550 668 2624; x_wconf 76' lang='lat' dir='ltr'>sepes⁶</span> <span class='ocrx_word' id='word_1_240' title='bbox 680 2560 710 2608; x_wconf 89' lang='lat' dir='ltr'>et</span> <span class='ocrx_word' id='word_1_241' title='bbox 726 2551 816 2621; x_wconf 86' lang='lat' dir='ltr'>vicos,</span> <span class='ocrx_word' id='word_1_242' title='bbox 829 2561 858 2608; x_wconf 88' lang='lat' dir='ltr'>et</span> <span class='ocrx_word' id='word_1_243' title='bbox 874 2553 911 2608; x_wconf 89' lang='lat' dir='ltr'>ad</span> <span class='ocrx_word' id='word_1_244' title='bbox 928 2569 963 2608; x_wconf 90' lang='lat' dir='ltr'>se</span> <span class='ocrx_word' id='word_1_245' title='bbox 975 2551 1073 2607; x_wconf 88' lang='lat' dir='ltr'>vocari</span> <span class='ocrx_word' id='word_1_246' title='bbox 1090 2568 1239 2624; x_wconf 85' lang='lat' dir='ltr'>pauperes</span> 
     </span>
     <span class='ocr_line' id='line_1_26' title="bbox 88 2638 1284 2713; baseline 0.002 -17"><span class='ocrx_word' id='word_1_247' title='bbox 88 2648 121 2697; x_wconf 88' lang='lat' dir='ltr'>et</span> <span class='ocrx_word' id='word_1_248' title='bbox 141 2639 265 2709; x_wconf 75' lang='lat' dir='ltr'>debileS,</span> <span class='ocrx_word' id='word_1_249' title='bbox 287 2639 389 2696; x_wconf 85' lang='lat' dir='ltr'>dicens</span> <span class='ocrx_word' id='word_1_250' title='bbox 409 2641 479 2711; x_wconf 90' lang='lat' dir='ltr'>‘per</span> <span class='ocrx_word' id='word_1_251' title='bbox 497 2639 587 2695; x_wconf 88' lang='lat' dir='ltr'>talem</span> <span class='ocrx_word' id='word_1_252' title='bbox 607 2638 741 2696; x_wconf 88' lang='lat' dir='ltr'>militiam</span> <span class='ocrx_word' id='word_1_253' title='bbox 765 2639 940 2696; x_wconf 88' lang='lat' dir='ltr'>celeriorem</span> <span class='ocrx_word' id='word_1_254' title='bbox 960 2656 1052 2712; x_wconf 90' lang='lat' dir='ltr'>posse</span> <span class='ocrx_word' id='word_1_255' title='bbox 1077 2638 1238 2713; x_wconf 86' lang='lat' dir='ltr'>prouenire</span> <span class='ocrx_word' id='word_1_256' title='bbox 1254 2653 1284 2702; x_wconf 79' lang='lat'>²5</span> 
     </span>
     <span class='ocr_line' id='line_1_27' title="bbox 88 2725 1239 2800; baseline 0 -16"><span class='ocrx_word' id='word_1_257' title='bbox 88 2726 253 2796; x_wconf 87' lang='lat' dir='ltr'>victoriam,</span> <span class='ocrx_word' id='word_1_258' title='bbox 275 2744 365 2800; x_wconf 87' lang='lat' dir='ltr'>quarn</span> <span class='ocrx_word' id='word_1_259' title='bbox 387 2744 443 2800; x_wconf 88' lang='lat' dir='ltr'>per</span> <span class='ocrx_word' id='word_1_260' title='bbox 459 2743 512 2782; x_wconf 90' lang='lat' dir='ltr'>eos</span> <span class='ocrx_word' id='word_1_261' title='bbox 533 2725 584 2798; x_wconf 91' lang='lat' dir='ltr'>qui</span> <span class='ocrx_word' id='word_1_262' title='bbox 605 2735 741 2798; x_wconf 88' lang='lat' dir='ltr'>ternpore</span> <span class='ocrx_word' id='word_1_263' title='bbox 763 2726 966 2798; x_wconf 88' lang='lat' dir='ltr'>temptationis</span> <span class='ocrx_word' id='word_1_264' title='bbox 990 2726 1116 2798; x_wconf 89' lang='lat' dir='ltr'>turpiter</span> <span class='ocrx_word' id='word_1_265' title='bbox 1140 2744 1239 2784; x_wconf 87' lang='lat' dir='ltr'>reces-</span> 
     </span>
     <span class='ocr_line' id='line_1_28' title="bbox 89 2812 1240 2887; baseline -0.001 -15"><span class='ocrx_word' id='word_1_266' title='bbox 89 2817 213 2872; x_wconf 85' lang='lat' dir='ltr'>serunt&#39;</span> <span class='ocrx_word' id='word_1_267' title='bbox 258 2814 385 2887; x_wconf 87' lang='lat' dir='ltr'>impleta</span> <span class='ocrx_word' id='word_1_268' title='bbox 399 2823 446 2870; x_wconf 90' lang='lat' dir='ltr'>est</span> <span class='ocrx_word' id='word_1_269' title='bbox 464 2813 553 2887; x_wconf 87' lang='lat' dir='ltr'>igitur</span> <span class='ocrx_word' id='word_1_270' title='bbox 565 2815 673 2871; x_wconf 89' lang='lat' dir='ltr'>domus</span> <span class='ocrx_word' id='word_1_271' title='bbox 690 2812 754 2870; x_wconf 90' lang='lat' dir='ltr'>eius</span> <span class='ocrx_word' id='word_1_272' title='bbox 771 2815 1034 2881; x_wconf 88' lang='lat' dir='ltr'>discumbentibus,</span> <span class='ocrx_word' id='word_1_273' title='bbox 1051 2823 1082 2870; x_wconf 87' lang='lat' dir='ltr'>et</span> <span class='ocrx_word' id='word_1_274' title='bbox 1100 2813 1176 2871; x_wconf 84' lang='lat' dir='ltr'>sacta</span> <span class='ocrx_word' id='word_1_275' title='bbox 1191 2823 1240 2872; x_wconf 89' lang='lat' dir='ltr'>est</span> 
     </span>
     <span class='ocr_line' id='line_1_29' title="bbox 89 2891 1239 2975; baseline 0 -15"><span class='ocrx_word' id='word_1_276' title='bbox 89 2903 196 2971; x_wconf 90' lang='lat' dir='ltr'>leticia,</span> <span class='ocrx_word' id='word_1_277' title='bbox 218 2902 299 2960; x_wconf 90' lang='lat' dir='ltr'>nulla</span> <span class='ocrx_word' id='word_1_278' title='bbox 318 2903 469 2959; x_wconf 89' lang='lat' dir='ltr'>mentione</span> <span class='ocrx_word' id='word_1_279' title='bbox 491 2901 591 2958; x_wconf 89' lang='lat' dir='ltr'>habita</span> <span class='ocrx_word' id='word_1_280' title='bbox 612 2903 650 2958; x_wconf 90' lang='lat' dir='ltr'>de</span> <span class='ocrx_word' id='word_1_281' title='bbox 672 2902 900 2974; x_wconf 88' lang='lat' dir='ltr'>perturbacione</span> <span class='ocrx_word' id='word_1_282' title='bbox 921 2901 1048 2975; x_wconf 88' lang='lat' dir='ltr'>pristina</span> <span class='ocrx_word' id='word_1_283' title='bbox 1057 2901 1076 2956; x_wconf 81' lang='lat'>⁸.</span> <span class='ocrx_word' id='word_1_284' title='bbox 1174 2891 1239 2960; x_wconf 87' lang='lat' dir='ltr'>Die</span> 
     </span>
     <span class='ocr_line' id='line_1_30' title="bbox 88 2988 1239 3063; baseline -0.001 -15"><span class='ocrx_word' id='word_1_285' title='bbox 88 3009 164 3048; x_wconf 89' lang='lat' dir='ltr'>vero</span> <span class='ocrx_word' id='word_1_286' title='bbox 189 2990 293 3048; x_wconf 88' lang='lat' dir='ltr'>martis</span> <span class='ocrx_word' id='word_1_287' title='bbox 317 2998 521 3047; x_wconf 87' lang='lat' dir='ltr'>conuenerunt</span> <span class='ocrx_word' id='word_1_288' title='bbox 545 2990 582 3046; x_wconf 89' lang='lat' dir='ltr'>ad</span> <span class='ocrx_word' id='word_1_289' title='bbox 607 2989 863 3063; x_wconf 88' lang='lat' dir='ltr'>archiepiscopum</span> <span class='ocrx_word' id='word_1_290' title='bbox 888 2988 1046 3061; x_wconf 86' lang='lat' dir='ltr'>pontifices</span> <span class='ocrx_word' id='word_1_291' title='bbox 1069 2989 1183 3046; x_wconf 86' lang='lat' dir='ltr'>attoniti</span> <span class='ocrx_word' id='word_1_292' title='bbox 1207 2999 1239 3047; x_wconf 87' lang='lat' dir='ltr'>et</span> 
     </span>
     <span class='ocr_line' id='line_1_31' title="bbox 89 3075 1284 3152; baseline -0.001 -17"><span class='ocrx_word' id='word_1_293' title='bbox 89 3077 226 3138; x_wconf 86' lang='lat' dir='ltr'>exterriti</span> <span class='ocrx_word' id='word_1_294' title='bbox 238 3087 361 3152; x_wconf 89' lang='lat' dir='ltr'>propter</span> <span class='ocrx_word' id='word_1_295' title='bbox 377 3078 485 3149; x_wconf 87' lang='lat' dir='ltr'>audita,</span> <span class='ocrx_word' id='word_1_296' title='bbox 499 3079 661 3134; x_wconf 85' lang='lat' dir='ltr'>suadentes</span> <span class='ocrx_word' id='word_1_297' title='bbox 673 3087 704 3134; x_wconf 91' lang='lat' dir='ltr'>vt</span> <span class='ocrx_word' id='word_1_298' title='bbox 723 3077 789 3150; x_wconf 89' lang='lat' dir='ltr'>ipse</span> <span class='ocrx_word' id='word_1_299' title='bbox 803 3078 841 3133; x_wconf 90' lang='lat' dir='ltr'>de</span> <span class='ocrx_word' id='word_1_300' title='bbox 858 3078 1004 3144; x_wconf 67' lang='lat' dir='ltr'>omnibus</span> <span class='ocrx_word' id='word_1_301' title='bbox 1017 3075 1107 3133; x_wconf 86' lang='lat' dir='ltr'>etiam</span> <span class='ocrx_word' id='word_1_302' title='bbox 1120 3078 1159 3135; x_wconf 92' lang='lat' dir='ltr'>de</span> <span class='ocrx_word' id='word_1_303' title='bbox 1171 3077 1238 3151; x_wconf 89' lang='lat' dir='ltr'>ipso</span> <span class='ocrx_word' id='word_1_304' title='bbox 1252 3090 1284 3140; x_wconf 77' lang='lat'>30</span> 
     </span>
     <span class='ocr_line' id='line_1_32' title="bbox 89 3163 1238 3240; baseline -0.005 -14"><span class='ocrx_word' id='word_1_305' title='bbox 89 3165 357 3240; x_wconf 85' lang='lat' dir='ltr'>archiepiscopatu,</span> <span class='ocrx_word' id='word_1_306' title='bbox 371 3165 453 3238; x_wconf 90' lang='lat' dir='ltr'>regis</span> <span class='ocrx_word' id='word_1_307' title='bbox 469 3183 504 3222; x_wconf 91' lang='lat' dir='ltr'>se</span> <span class='ocrx_word' id='word_1_308' title='bbox 521 3164 593 3237; x_wconf 74' lang='lat' dir='ltr'>per&#39;</span> <span class='ocrx_word' id='word_1_309' title='bbox 610 3165 710 3222; x_wconf 89' lang='lat' dir='ltr'>omnia</span> <span class='ocrx_word' id='word_1_310' title='bbox 725 3165 869 3221; x_wconf 90' lang='lat' dir='ltr'>voluntati</span> <span class='ocrx_word' id='word_1_311' title='bbox 888 3173 917 3221; x_wconf 91' lang='lat' dir='ltr'>et</span> <span class='ocrx_word' id='word_1_312' title='bbox 931 3163 1052 3221; x_wconf 92' lang='lat' dir='ltr'>arbitrio</span> <span class='ocrx_word' id='word_1_313' title='bbox 1069 3164 1238 3234; x_wconf 86' lang='lat' dir='ltr'>subiiceret,</span> 
     </span>
     <span class='ocr_line' id='line_1_33' title="bbox 89 3251 1237 3327; baseline -0.001 -16"><span class='ocrx_word' id='word_1_314' title='bbox 89 3255 118 3312; x_wconf 93' lang='lat' dir='ltr'>si</span> <span class='ocrx_word' id='word_1_315' title='bbox 143 3253 218 3310; x_wconf 89' lang='lat' dir='ltr'>forte</span> <span class='ocrx_word' id='word_1_316' title='bbox 242 3254 322 3327; x_wconf 88' lang='lat' dir='ltr'>regis</span> <span class='ocrx_word' id='word_1_317' title='bbox 346 3254 390 3310; x_wconf 90' lang='lat' dir='ltr'>ira</span> <span class='ocrx_word' id='word_1_318' title='bbox 415 3263 444 3310; x_wconf 92' lang='lat' dir='ltr'>et</span> <span class='ocrx_word' id='word_1_319' title='bbox 467 3252 628 3326; x_wconf 85' lang='lat' dir='ltr'>indignatio</span> <span class='ocrx_word' id='word_1_320' title='bbox 653 3252 752 3309; x_wconf 90' lang='lat' dir='ltr'>sedari</span> <span class='ocrx_word' id='word_1_321' title='bbox 777 3261 889 3326; x_wconf 86' lang='lat' dir='ltr'>posset.</span> <span class='ocrx_word' id='word_1_322' title='bbox 932 3251 1067 3310; x_wconf 83' lang='lat' dir='ltr'>sienim</span> <span class='ocrx_word' id='word_1_323' title='bbox 1094 3252 1150 3310; x_wconf 91' lang='lat' dir='ltr'>hoc</span> <span class='ocrx_word' id='word_1_324' title='bbox 1176 3269 1237 3310; x_wconf 89' lang='lat' dir='ltr'>non</span> 
     </span>
     <span class='ocr_line' id='line_1_34' title="bbox 89 3339 1237 3414; baseline -0.002 -12"><span class='ocrx_word' id='word_1_325' title='bbox 89 3343 186 3411; x_wconf 86' lang='lat' dir='ltr'>fieret,</span> <span class='ocrx_word' id='word_1_326' title='bbox 199 3341 257 3398; x_wconf 88' lang='lat' dir='ltr'>iarn</span> <span class='ocrx_word' id='word_1_327' title='bbox 277 3342 392 3399; x_wconf 89' lang='lat' dir='ltr'>audiret</span> <span class='ocrx_word' id='word_1_328' title='bbox 412 3340 469 3398; x_wconf 91' lang='lat' dir='ltr'>sibi</span> <span class='ocrx_word' id='word_1_329' title='bbox 487 3341 517 3397; x_wconf 93' lang='lat' dir='ltr'>in</span> <span class='ocrx_word' id='word_1_330' title='bbox 537 3340 619 3397; x_wconf 88' lang='lat' dir='ltr'>curia</span> <span class='ocrx_word' id='word_1_331' title='bbox 637 3339 759 3414; x_wconf 88' lang='lat' dir='ltr'>periurii</span> <span class='ocrx_word' id='word_1_332' title='bbox 778 3341 890 3397; x_wconf 88' lang='lat' dir='ltr'>crimen</span> <span class='ocrx_word' id='word_1_333' title='bbox 910 3339 1031 3412; x_wconf 89' lang='lat' dir='ltr'>imponi,</span> <span class='ocrx_word' id='word_1_334' title='bbox 1045 3349 1074 3397; x_wconf 97' lang='lat' dir='ltr'>et</span> <span class='ocrx_word' id='word_1_335' title='bbox 1093 3349 1237 3414; x_wconf 86' lang='lat' dir='ltr'>tanquam</span> 
     </span>
     <span class='ocr_line' id='line_1_35' title="bbox 89 3419 1237 3506; baseline -0.002 -19"><span class='ocrx_word' id='word_1_336' title='bbox 89 3431 275 3506; x_wconf 87' lang='lat' dir='ltr'>proditorem</span> <span class='ocrx_word' id='word_1_337' title='bbox 288 3429 486 3500; x_wconf 88' lang='lat' dir='ltr'>iudicandum,</span> <span class='ocrx_word' id='word_1_338' title='bbox 500 3447 536 3487; x_wconf 91' lang='lat' dir='ltr'>eo</span> <span class='ocrx_word' id='word_1_339' title='bbox 548 3430 628 3502; x_wconf 94' lang='lat' dir='ltr'>quod</span> <span class='ocrx_word' id='word_1_340' title='bbox 642 3439 762 3486; x_wconf 92' lang='lat' dir='ltr'>terreno</span> <span class='ocrx_word' id='word_1_341' title='bbox 775 3419 897 3485; x_wconf 77' lang='lat' dir='ltr'>domino</span> <span class='ocrx_word' id='word_1_342' title='bbox 915 3428 1059 3484; x_wconf 90' lang='lat' dir='ltr'>honorem</span> <span class='ocrx_word' id='word_1_343' title='bbox 1072 3437 1237 3497; x_wconf 89' lang='lat' dir='ltr'>terrenum,</span> 
     </span>
     <span class='ocr_line' id='line_1_36' title="bbox 90 3515 1283 3592; baseline -0.003 -15"><span class='ocrx_word' id='word_1_344' title='bbox 90 3518 242 3577; x_wconf 88' lang='lat' dir='ltr'>fidelitatis</span> <span class='ocrx_word' id='word_1_345' title='bbox 261 3517 427 3575; x_wconf 88' lang='lat' dir='ltr'>iuramento</span> <span class='ocrx_word' id='word_1_346' title='bbox 445 3518 706 3590; x_wconf 86' lang='lat' dir='ltr'>comprehensum,</span> <span class='ocrx_word' id='word_1_347' title='bbox 722 3533 781 3572; x_wconf 92' lang='lat' dir='ltr'>non</span> <span class='ocrx_word' id='word_1_348' title='bbox 801 3525 946 3584; x_wconf 87' lang='lat' dir='ltr'>seruaret,</span> <span class='ocrx_word' id='word_1_349' title='bbox 958 3524 988 3573; x_wconf 90' lang='lat' dir='ltr'>et</span> <span class='ocrx_word' id='word_1_350' title='bbox 1001 3515 1100 3592; x_wconf 84' lang='lat' dir='ltr'>¹regias</span> <span class='ocrx_word' id='word_1_351' title='bbox 1112 3534 1238 3574; x_wconf 90' lang='lat' dir='ltr'>consue·</span> <span class='ocrx_word' id='word_1_352' title='bbox 1253 3527 1283 3580; x_wconf 81' lang='lat'>35</span> 
     </span>
     <span class='ocr_line' id='line_1_37' title="bbox 89 3603 1238 3679; baseline -0.003 -16"><span class='ocrx_word' id='word_1_353' title='bbox 89 3605 213 3666; x_wconf 88' lang='lat' dir='ltr'>tudines</span> <span class='ocrx_word' id='word_1_354' title='bbox 231 3607 269 3663; x_wconf 94' lang='lat' dir='ltr'>ad</span> <span class='ocrx_word' id='word_1_355' title='bbox 285 3623 360 3679; x_wconf 89' lang='lat' dir='ltr'>quas</span> <span class='ocrx_word' id='word_1_356' title='bbox 375 3605 579 3662; x_wconf 86' lang='lat' dir='ltr'>obseruandas</span> <span class='ocrx_word' id='word_1_357' title='bbox 596 3621 629 3661; x_wconf 91' lang='lat' dir='ltr'>se</span> <span class='ocrx_word' id='word_1_358' title='bbox 647 3605 813 3661; x_wconf 89' lang='lat' dir='ltr'>iuramento</span> <span class='ocrx_word' id='word_1_359' title='bbox 830 3605 1018 3671; x_wconf 84' lang='lat' dir='ltr'>astrinxerat,</span> <span class='ocrx_word' id='word_1_360' title='bbox 1031 3620 1091 3660; x_wconf 94' lang='lat' dir='ltr'>non</span> <span class='ocrx_word' id='word_1_361' title='bbox 1112 3603 1238 3677; x_wconf 87' lang='lat' dir='ltr'>[ob]ser-</span> 
     </span>
     <span class='ocr_line' id='line_1_38' title="bbox 91 3691 1238 3766; baseline -0.003 -15"><span class='ocrx_word' id='word_1_362' title='bbox 91 3704 186 3751; x_wconf 84' lang='lat' dir='ltr'>uaret</span> <span class='ocrx_word' id='word_1_363' title='bbox 224 3693 339 3764; x_wconf 87' lang='lat' dir='ltr'>Quibus</span> <span class='ocrx_word' id='word_1_364' title='bbox 363 3693 413 3750; x_wconf 90' lang='lat' dir='ltr'>ille</span> <span class='ocrx_word' id='word_1_365' title='bbox 433 3692 605 3766; x_wconf 89' lang='lat' dir='ltr'>respondit:</span> <span class='ocrx_word' id='word_1_366' title='bbox 633 3692 773 3749; x_wconf 85' lang='lat' dir='ltr'>‘Fratres</span> <span class='ocrx_word' id='word_1_367' title='bbox 800 3691 867 3760; x_wconf 90' lang='lat' dir='ltr'>mei,</span> <span class='ocrx_word' id='word_1_368' title='bbox 889 3691 964 3748; x_wconf 89' lang='lat' dir='ltr'>sicut</span> <span class='ocrx_word' id='word_1_369' title='bbox 990 3691 1113 3749; x_wconf 88' lang='lat' dir='ltr'>cernitis</span> <span class='ocrx_word' id='word_1_370' title='bbox 1139 3691 1238 3748; x_wconf 81' lang='lat' dir='ltr'>fremit</span> 
     </span>
     <span class='ocr_line' id='line_1_39' title="bbox 91 3778 1238 3853; baseline -0.003 -14"><span class='ocrx_word' id='word_1_371' title='bbox 91 3790 197 3840; x_wconf 85' lang='lat' dir='ltr'>contra</span> <span class='ocrx_word' id='word_1_372' title='bbox 206 3798 255 3837; x_wconf 89' lang='lat' dir='ltr'>me</span> <span class='ocrx_word' id='word_1_373' title='bbox 266 3782 404 3850; x_wconf 87' lang='lat' dir='ltr'>mundus,</span> <span class='ocrx_word' id='word_1_374' title='bbox 413 3779 540 3853; x_wconf 79' lang='lat' dir='ltr'>insurgit</span> <span class='ocrx_word' id='word_1_375' title='bbox 551 3779 706 3838; x_wconf 90' lang='lat' dir='ltr'>inimicus:</span> <span class='ocrx_word' id='word_1_376' title='bbox 726 3781 782 3836; x_wconf 90' lang='lat' dir='ltr'>sed</span> <span class='ocrx_word' id='word_1_377' title='bbox 792 3781 872 3853; x_wconf 89' lang='lat' dir='ltr'>quod</span> <span class='ocrx_word' id='word_1_378' title='bbox 881 3779 989 3853; x_wconf 85' lang='lat' dir='ltr'>plango</span> <span class='ocrx_word' id='word_1_379' title='bbox 999 3778 1238 3849; x_wconf 87' lang='lat' dir='ltr'>lachrimabilius,</span> 
     </span>
     <span class='ocr_line' id='line_1_40' title="bbox 93 3866 1239 3941; baseline -0.003 -13"><span class='ocrx_word' id='word_1_380' title='bbox 93 3868 147 3928; x_wconf 89' lang='lat' dir='ltr'>filii</span> <span class='ocrx_word' id='word_1_381' title='bbox 167 3869 271 3926; x_wconf 88' lang='lat' dir='ltr'>matn&#39;s</span> <span class='ocrx_word' id='word_1_382' title='bbox 289 3887 356 3925; x_wconf 89' lang='lat' dir='ltr'>mee</span> <span class='ocrx_word' id='word_1_383' title='bbox 375 3877 509 3941; x_wconf 87' lang='lat' dir='ltr'>pugnant</span> <span class='ocrx_word' id='word_1_384' title='bbox 527 3877 629 3924; x_wconf 90' lang='lat' dir='ltr'>contra</span> <span class='ocrx_word' id='word_1_385' title='bbox 650 3885 708 3924; x_wconf 89' lang='lat' dir='ltr'>me.</span> <span class='ocrx_word' id='word_1_386' title='bbox 746 3867 810 3924; x_wconf 84' lang='lat' dir='ltr'>Etsi</span> <span class='ocrx_word' id='word_1_387' title='bbox 828 3885 885 3940; x_wconf 87' lang='lat' dir='ltr'>ego</span> <span class='ocrx_word' id='word_1_388' title='bbox 903 3875 1033 3934; x_wconf 87' lang='lat' dir='ltr'>tacuero,</span> <span class='ocrx_word' id='word_1_389' title='bbox 1052 3866 1151 3924; x_wconf 87' lang='lat' dir='ltr'>secula</span> <span class='ocrx_word' id='word_1_390' title='bbox 1171 3876 1239 3939; x_wconf 90' lang='lat' dir='ltr'>post</span> 
     </span>
     <span class='ocr_line' id='line_1_41' title="bbox 90 3953 1284 4030; baseline -0.002 -16"><span class='ocrx_word' id='word_1_391' title='bbox 90 3959 190 4016; x_wconf 86' lang='lat' dir='ltr'>lutura</span> <span class='ocrx_word' id='word_1_392' title='bbox 201 3957 381 4013; x_wconf 87' lang='lat' dir='ltr'>enarrabunt</span> <span class='ocrx_word' id='word_1_393' title='bbox 394 3955 520 4030; x_wconf 88' lang='lat' dir='ltr'>qualiter</span> <span class='ocrx_word' id='word_1_394' title='bbox 532 3972 581 4012; x_wconf 91' lang='lat' dir='ltr'>me</span> <span class='ocrx_word' id='word_1_395' title='bbox 594 3956 690 4012; x_wconf 90' lang='lat' dir='ltr'>solum</span> <span class='ocrx_word' id='word_1_396' title='bbox 703 3955 733 4011; x_wconf 93' lang='lat' dir='ltr'>in</span> <span class='ocrx_word' id='word_1_397' title='bbox 746 3954 908 4012; x_wconf 90' lang='lat' dir='ltr'>certamine</span> <span class='ocrx_word' id='word_1_398' title='bbox 921 3953 1066 4024; x_wconf 89' lang='lat' dir='ltr'>deseritis,</span> <span class='ocrx_word' id='word_1_399' title='bbox 1080 3963 1109 4010; x_wconf 90' lang='lat' dir='ltr'>et</span> <span class='ocrx_word' id='word_1_400' title='bbox 1121 3963 1238 4027; x_wconf 86' lang='lat' dir='ltr'>patrem</span> <span class='ocrx_word' id='word_1_401' title='bbox 1251 3975 1284 4024; x_wconf 86' lang='lat'>40</span> 
     </span>
     <span class='ocr_line' id='line_1_42' title="bbox 90 4041 1238 4118; baseline -0.003 -15"><span class='ocrx_word' id='word_1_402' title='bbox 90 4053 233 4114; x_wconf 90' lang='lat' dir='ltr'>vestrum,</span> <span class='ocrx_word' id='word_1_403' title='bbox 252 4053 516 4118; x_wconf 87' lang='lat' dir='ltr'>quantumcunque</span> <span class='ocrx_word' id='word_1_404' title='bbox 541 4043 598 4100; x_wconf 87' lang='lat' dir='ltr'>sim</span> <span class='ocrx_word' id='word_1_405' title='bbox 620 4053 767 4117; x_wconf 90' lang='lat' dir='ltr'>peccator,</span> <span class='ocrx_word' id='word_1_406' title='bbox 792 4043 851 4100; x_wconf 86' lang='lat' dir='ltr'>iarn</span> <span class='ocrx_word' id='word_1_407' title='bbox 876 4059 932 4116; x_wconf 91' lang='lat' dir='ltr'>per</span> <span class='ocrx_word' id='word_1_408' title='bbox 949 4043 1025 4099; x_wconf 88' lang='lat' dir='ltr'>duos</span> <span class='ocrx_word' id='word_1_409' title='bbox 1044 4043 1110 4099; x_wconf 88' lang='lat' dir='ltr'>dies</span> <span class='ocrx_word' id='word_1_410' title='bbox 1128 4041 1238 4099; x_wconf 90' lang='lat' dir='ltr'>iudica·</span> 
     </span>
     <span class='ocr_line' id='line_1_43' title="bbox 91 4128 1238 4204; baseline -0.003 -12"><span class='ocrx_word' id='word_1_411' title='bbox 91 4131 205 4201; x_wconf 86' lang='lat' dir='ltr'>ueritis,</span> <span class='ocrx_word' id='word_1_412' title='bbox 218 4141 257 4203; x_wconf 92' lang='lat' dir='ltr'>et,</span> <span class='ocrx_word' id='word_1_413' title='bbox 269 4141 301 4188; x_wconf 80' lang='lat' dir='ltr'>vt</span> <span class='ocrx_word' id='word_1_414' title='bbox 319 4131 433 4189; x_wconf 90' lang='lat' dir='ltr'>conicio</span> <span class='ocrx_word' id='word_1_415' title='bbox 440 4131 458 4202; x_wconf 86' lang='lat'>⁸,</span> <span class='ocrx_word' id='word_1_416' title='bbox 479 4131 578 4204; x_wconf 77' lang='lat' dir='ltr'>[vos]⁹</span> <span class='ocrx_word' id='word_1_417' title='bbox 591 4132 689 4188; x_wconf 88' lang='lat' dir='ltr'>adhuc</span> <span class='ocrx_word' id='word_1_418' title='bbox 699 4131 719 4164; x_wconf 82' lang='lat'>¹⁰</span> <span class='ocrx_word' id='word_1_419' title='bbox 731 4131 761 4187; x_wconf 92' lang='lat' dir='ltr'>in</span> <span class='ocrx_word' id='word_1_420' title='bbox 782 4131 846 4187; x_wconf 85' lang='lat' dir='ltr'>soro</span> <span class='ocrx_word' id='word_1_421' title='bbox 854 4130 874 4164; x_wconf 89' lang='lat'>¹¹</span> <span class='ocrx_word' id='word_1_422' title='bbox 893 4129 1020 4188; x_wconf 81' lang='lat' dir='ltr'>seculari</span> <span class='ocrx_word' id='word_1_423' title='bbox 1039 4146 1088 4188; x_wconf 91' lang='lat' dir='ltr'>me</span> <span class='ocrx_word' id='word_1_424' title='bbox 1107 4128 1238 4188; x_wconf 89' lang='lat' dir='ltr'>iudicare</span> 
     </span>
    </p>
   </div>
   <div class='ocr_carea' id='block_1_3' title="bbox 89 4267 1237 4466">
    <p class='ocr_par' dir='ltr' id='par_1_3' title="bbox 89 4267 1237 4466">
     <span class='ocr_line' id='line_1_44' title="bbox 124 4267 1237 4334; baseline -0.001 -11"><span class='ocrx_word' id='word_1_425' title='bbox 124 4272 179 4323; x_wconf 82' lang='grc' dir='ltr'>1Τ.</span> <span class='ocrx_word' id='word_1_426' title='bbox 191 4269 239 4321; x_wconf 90' lang='lat' dir='ltr'>hec</span> <span class='ocrx_word' id='word_1_427' title='bbox 250 4272 338 4322; x_wconf 79' lang='lat' dir='ltr'>forma.</span> <span class='ocrx_word' id='word_1_428' title='bbox 421 4269 477 4320; x_wconf 66' lang='grc' dir='ltr'>’Β</span> <span class='ocrx_word' id='word_1_429' title='bbox 489 4270 580 4334; x_wconf 78' lang='lat' dir='ltr'>exigit.</span> <span class='ocrx_word' id='word_1_430' title='bbox 662 4269 738 4320; x_wconf 77' lang='lat' dir='ltr'>&#39;om</span> <span class='ocrx_word' id='word_1_431' title='bbox 820 4269 907 4332; x_wconf 78' lang='lat' dir='ltr'>‘TQ</span> <span class='ocrx_word' id='word_1_432' title='bbox 924 4269 1005 4320; x_wconf 88' lang='lat' dir='ltr'>stetit.</span> <span class='ocrx_word' id='word_1_433' title='bbox 1082 4267 1137 4321; x_wconf 63' lang='grc' dir='ltr'>’Β</span> <span class='ocrx_word' id='word_1_434' title='bbox 1152 4285 1237 4332; x_wconf 69' lang='lat' dir='ltr'>cepas.</span> 
     </span>
     <span class='ocr_line' id='line_1_45' title="bbox 89 4335 1237 4402; baseline -0.001 -14"><span class='ocrx_word' id='word_1_435' title='bbox 89 4336 100 4367; x_wconf 80' lang='lat'><em>⁶</em></span> <span class='ocrx_word' id='word_1_436' title='bbox 118 4337 148 4388; x_wconf 83' lang='grc' dir='ltr'>Ε.</span> <span class='ocrx_word' id='word_1_437' title='bbox 161 4338 268 4402; x_wconf 80' lang='lat' dir='ltr'>pristina</span> <span class='ocrx_word' id='word_1_438' title='bbox 279 4337 480 4400; x_wconf 77' lang='lat' dir='ltr'>perturbatione.</span> <span class='ocrx_word' id='word_1_439' title='bbox 572 4335 582 4364; x_wconf 73' lang='lat'><em>¹</em></span> <span class='ocrx_word' id='word_1_440' title='bbox 599 4337 628 4386; x_wconf 81' lang='lat' dir='ltr'>E.</span> <span class='ocrx_word' id='word_1_441' title='bbox 640 4352 750 4400; x_wconf 86' lang='lat' dir='ltr'>semper.</span> <span class='ocrx_word' id='word_1_442' title='bbox 842 4335 852 4364; x_wconf 85' lang='lat'>¹</span> <span class='ocrx_word' id='word_1_443' title='bbox 868 4336 898 4387; x_wconf 89' lang='lat' dir='ltr'>T.</span> <span class='ocrx_word' id='word_1_444' title='bbox 911 4336 939 4388; x_wconf 85' lang='grc' dir='ltr'>Ε,</span> <span class='ocrx_word' id='word_1_445' title='bbox 953 4335 1079 4387; x_wconf 84' lang='lat' dir='ltr'>conuicio.</span> <span class='ocrx_word' id='word_1_446' title='bbox 1160 4335 1171 4368; x_wconf 72' lang='lat'><strong>⁹</strong></span> <span class='ocrx_word' id='word_1_447' title='bbox 1187 4351 1237 4388; x_wconf 86' lang='lat' dir='ltr'>om.</span> 
     </span>
     <span class='ocr_line' id='line_1_46' title="bbox 93 4402 831 4466; baseline 0 -12"><span class='ocrx_word' id='word_1_448' title='bbox 93 4403 162 4458; x_wconf 82' lang='lat' dir='ltr'>inE.</span> <span class='ocrx_word' id='word_1_449' title='bbox 227 4405 247 4436; x_wconf 78' lang='lat'>¹⁰</span> <span class='ocrx_word' id='word_1_450' title='bbox 263 4403 296 4466; x_wconf 84' lang='lat' dir='ltr'>Q.</span> <span class='ocrx_word' id='word_1_451' title='bbox 309 4403 624 4454; x_wconf 73' lang='lat' dir='ltr'>Etadbuccouiiciovos.</span> <span class='ocrx_word' id='word_1_452' title='bbox 691 4403 709 4433; x_wconf 90' lang='lat'>¹¹</span> <span class='ocrx_word' id='word_1_453' title='bbox 726 4403 755 4454; x_wconf 68' lang='lat' dir='ltr'>E„</span> <span class='ocrx_word' id='word_1_454' title='bbox 768 4402 831 4454; x_wconf 85' lang='lat' dir='ltr'>iore.</span> 
     </span>
    </p>
   </div>
   <div class='ocr_carea' id='block_1_4' title="bbox 0 0 1532 4894">
    <p class='ocr_par' dir='ltr' id='par_1_4' title="bbox 0 0 1532 4894">
     <span class='ocr_line' id='line_1_47' title="bbox 0 0 1532 4894; baseline 0 0"><span class='ocrx_word' id='word_1_455' title='bbox 0 0 1532 4894; x_wconf 95' lang='lat' dir='ltr'> </span> 
     </span>
    </p>
   </div>
  </div>
 </body>
</html>
