3052 4896
624 1125 954 1210 APPENDIX
998 1125 1053 1210 II.

793 1361 891 1387 -00—

383 1515 552 1574 Addr'fr'onal
562 1515 631 1574 lives
645 1513 680 1592 dy
687 1511 766 1592 νΙοΙυι
781 1515 819 1591 (γ’
829 1513 995 1590 Tynemoufh
1010 1515 1039 1572 fn
1053 1511 1125 1572 MS.
1139 1511 1223 1571 Bodl.
1242 1531 1316 1584 ²40·

271 1674 296 1727 p.
312 1655 384 1728 595]
466 1673 489 1714 t.
508 1659 559 1714 Dn
577 1659 703 1714 Seuero
723 1659 838 1714 iluna:
859 1669 901 1712 nx
920 1654 1258 1714 cnourcrssmsusrs1.

277 1777 417 1883 Sanctus
437 1777 524 1830 Hune
540 1775 695 1832 monachus
713 1785 742 1831 et
761 1773 898 1846 presbiter
916 1775 989 1830 alme
1006 1772 1121 1844 virginis
1140 1773 1320 1830 Etheldrede
1340 1775 1435 1830 fuisse

336 1858 506 1930 perhibetur.
544 1859 600 1914 llic
618 1876 721 1930 magne
739 1857 904 1914 humilitatis
920 1858 970 1928 vir,
986 1868 1112 1928 tempore
1130 1866 1229 1912 sancte
1247 1858 1435 1914 Etheldrede

272 1941 347 2014 apud
368 1943 442 2011 Hely
460 1941 533 1998 inter
549 1941 649 1999 fratres
667 1951 696 1998 et
715 1959 825 1998 sorores
844 1941 944 2012 iugiter
958 1942 1012 1997 deo
1029 1940 1197 1997 famulantes
1216 1941 1434 2011 professionem
1513 1999 1514 2016 ἶ

271 2025 345 2094 fecit,
363 2035 447 2097 atque
468 2025 496 2080 in
521 2025 601 2080 breui
621 2037 747 2096 ternpore
767 2026 900 2082 virtutum
921 2024 1121 2081 exercitacione
1139 2024 1281 2094 perfectus
1299 2027 1433 2094 emicuit,

245 2117 373 2180 spotens
391 2107 510 2175 ieiuniis,
528 2109 684 2164 humilitate
702 2109 879 2180 conspicuus,
895 2109 951 2164 fide
967 2109 1072 2178 firmus,
1089 2119 1117 2164 et
1136 2108 1164 2162 in
1183 2108 1317 2164 omnibus
1337 2128 1433 2182 quan·

273 2202 333 2248 tum
349 2191 430 2248 sciuit
446 2201 474 2248 et
493 2191 583 2263 potuit
603 2191 657 2264 [se]
677 2193 799 2264 antiquis
818 2192 965 2249 monachis
983 2193 1075 2248 studio
1093 2191 1235 2261 religionis
1253 2193 1386 2263 equauit,
1404 2205 1433 2250 et

273 2275 425 2331 eorundem
443 2275 569 2331 instituta
585 2285 720 2348 actusque
736 2276 875 2344 disseruit,
889 2275 963 2332 vnde
981 2294 1000 2330 a
1015 2293 1072 2330 non
1092 2275 1184 2343 nullis,
1197 2275 1291 2330 eciam
1307 2278 1347 2332 ab
1367 2277 1433 2348 ipsa

275 2359 448 2415 Etheldreda
469 2370 558 2415 matre
583 2359 823 2430 congregacionis,
842 2359 956 2414 maximi
976 2359 1092 2414 honoris
1113 2370 1141 2414 et
1163 2359 1267 2414 amoris
1290 2377 1341 2430 pre
1365 2363 1432 2416 aliis

274 2441 376 2511 dignus
399 2442 563 2497 habebatur.
608 2441 674 2509 Hic,
697 2451 728 2498 vt
751 2442 845 2510 ternu,
870 2459 922 2514 pro
946 2443 994 2497 illa
1016 2441 1169 2499 venerabili
1198 2445 1431 2514 congregacione
1513 2461 1514 2470 ¹

233 2549 262 2588 ιο
273 2529 391 2584 fratrum
401 2539 430 2585 et
444 2547 570 2586 sororum
582 2530 658 2601 apud
669 2531 744 2600 Hely
754 2531 1001 2600 commorancium,
1011 2529 1133 2586 lacrimis
1145 2539 1173 2585 et
1185 2529 1311 2586 maximo
1319 2533 1431 2602 gemitu

273 2611 399 2667 eiusdem
410 2623 506 2670 sancte
515 2613 612 2668 matris
623 2613 795 2668 Etheldrede
804 2613 954 2669 celebrauit
962 2613 1102 2685 exequias,
1110 2623 1139 2669 et
1148 2629 1211 2668 eam
1220 2630 1279 2669 non
1290 2615 1320 2669 in
1331 2616 1431 2686 lapide

273 2692 389 2766 cela[to]
402 2705 450 2751 aut
463 2696 584 2752 arcemus
597 2713 665 2752 auro
677 2696 875 2767 circumtectis,
888 2709 940 2764 set,
953 2698 1025 2754 sicut
1038 2697 1075 2752 ab
1088 2697 1151 2768 ipsa
1163 2697 1333 2753 mandatum
1344 2717 1430 2755 acce·

273 2787 362 2848 perat,
370 2777 399 2832 in
412 2777 548 2835 cimiterio
560 2780 679 2836 ecclesie
689 2779 764 2836 iuxta
774 2797 840 2836 suos
850 2781 988 2852 sepeliuit.
1020 2781 1058 2836 Et
1070 2791 1135 2852 post
1144 2782 1339 2837 venerandum
1353 2783 1429 2838 illius

274 2861 381 2918 obitum
399 2871 428 2918 et
447 2864 617 2934 sepulturam
636 2863 741 2919 nonin
759 2865 860 2919 eodem
879 2863 1050 2921 monasterio
1068 2863 1203 2931 constitit,
1216 2875 1260 2920 set
1277 2865 1307 2919 in
1326 2867 1428 2921 eadem

231 2961 261 3013 15
274 2945 376 3016 palude
400 2946 507 3018 prope²
528 2947 602 3017 Hely
623 2947 662 3004 ad
684 2947 829 3019 quandam
848 2947 989 3003 modicam
1009 2947 1138 3016 insulam,
1158 2963 1213 3018 que
1232 2948 1294 3004 eius
1315 2951 1428 3005 nomine

275 3031 426 3084 vocabatur
446 3029 566 3096 Huneia,
585 3031 701 3086 secessit
710 3029 730 3101 ⁸,
753 3029 904 3086 solitariam
928 3032 1035 3102 eligens
1053 3030 1140 3086 vitam
1160 3039 1191 3085 vt
1211 3041 1323 3087 tantum
1342 3033 1428 3104 quieti

274 3129 377 3168 vacans
389 3112 505 3168 domino
517 3113 665 3170 militaret:
683 3114 739 3183 vbi,
753 3114 887 3186 quamdiu
899 3115 976 3184 vixit,
987 3113 1137 3185 gloriosam
1149 3115 1238 3169 vitam
1250 3115 1340 3183 duxit,
1353 3117 1428 3188 qnod

275 3195 405 3251 omnibus
417 3197 473 3252 late
484 3197 590 3252 claruit
626 3197 650 3256 tl
664 3197 712 3252 Ad
723 3196 802 3253 cuius
815 3199 942 3254 tumbam
954 3199 1055 3255 multos
1065 3197 1076 3227 ⁴
1087 3199 1282 3268 recuperande
1297 3200 1428 3256 sanitatis

275 3279 371 3348 gracia
378 3281 546 3335 accedentes
556 3279 722 3352 sospitatem
733 3280 821 3352 ipsius
830 3297 1011 3352 recuperasse
1021 3279 1137 3350 meritis,
1146 3281 1273 3352 plerique
1281 3292 1429 3338 testantur.

232 3383 263 3418 ao
277 3361 359 3432 Quod
378 3363 493 3434 quidam
511 3373 722 3433 cognoscentes,
741 3375 848 3421 secrete
866 3363 993 3420 eiusdem
1011 3363 1152 3436 reliquias,
1165 3363 1312 3437 sarcofago
1331 3377 1430 3438 postea

275 3446 371 3516 fracto,
385 3446 461 3518 apud
474 3447 646 3503 lhorneiam
663 3457 888 3518 transportantes
905 3458 1098 3520 reposuerunt,
1111 3459 1257 3520 sperantes
1275 3468 1295 3505 a
1312 3451 1430 3506 domino

275 3529 335 3585 eius
348 3529 511 3600 patrociniis
527 3531 650 3601 graciam
666 3541 694 3587 et
711 3531 942 3588 misericordiam.
978 3533 1002 3587 F
1003 3531 1085 3588 loruit
1102 3533 1179 3588 circa
1194 3549 1305 3608 mnurp
1321 3533 1429 3590 domini

276 3623 445 3668 mcnxxtx.

277 3752 325 3824 ita]
387 3755 451 3816 all
473 3758 523 3811 Dr
543 3759 668 3814 snucro
688 3760 890 3826 Barrnnono,
909 3771 1011 3815 raino
1028 3771 1149 3814 asenne
1167 3771 1294 3816 smnnsr
1304 3760 1323 3814 ⁵.

281 3867 405 3973 Senius
430 3864 536 3921 domini
559 3865 739 3934 Brithnodus,
764 3867 854 3922 abbas
877 3885 895 3922 a
919 3885 985 3938 rege
1010 3867 1132 3938 glorioso
1156 3866 1273 3936 Edgaro
1299 3869 1429 3936 donatus,

234 3969 263 4020 ²5
341 3967 360 4004 a
380 3949 464 4005 beato
487 3951 639 4004 Dunstano
660 3950 875 4022 archiepiscopo
896 3949 1109 4021 cautuar[iensi]
1131 3961 1216 4022 atque
1238 3952 1429 4008 Etheluuoldo

278 4033 419 4088 Wentano
431 4033 541 4104 presule
554 4032 650 4088 eliensi
664 4034 783 4090 ecclesie
795 4043 982 4100 consectatus,
994 4051 1108 4104 gregem
1121 4033 1298 4092 dominicum
1310 4035 1429 4092 discrete

276 4131 311 4170 ac
330 4115 446 4172 sollicite
465 4117 517 4172 sub
536 4115 655 4186 regulari
673 4117 865 4173 moderamine
883 4117 1011 4187 instituit,
1030 4135 1087 4174 non
1106 4117 1316 4189 panripendens
1335 4136 1428 4174 curam

310 4249 319 4279 ¹
336 4252 471 4316 Compiled
481 4252 544 4302 hom
556 4252 624 4302 Hist
634 4250 742 4302 Eliensls
753 4252 811 4309 Lan
823 4251 943 4312 &18‚ed.
954 4251 1068 4310 Stenart,
1080 4251 1162 4317 1848(
1221 4252 1258 4302 lia
1269 4252 1426 4312 Christiane).
1513 4257 1514 4314 ἶ

277 4314 359 4366 'Ma
374 4316 445 4367 llodl.
475 4317 554 4382 ropie.
650 4317 1003 4369 ⁸B.suoeessitcrossedout.
1092 4319 1186 4370 ¹B.m
1214 4327 1249 4370 to.
1343 4319 1427 4368 'Aba

279 4379 344 4431 from
356 4381 423 4434 Hist.
437 4383 476 4432 E'
523 4383 529 4394 “
555 4383 590 4434 11.
602 4381 627 4434 6.
641 4381 681 4450 56.
