3044 4894
282 309 330 380 ⁶⁸
595 301 1119 407 ammomum

281 505 395 572 ethera,
407 522 518 578 oorpus
535 505 618 562 velut
636 505 778 562 exanime
790 505 821 562 in
835 505 961 562 mirifico
978 515 1074 579 raptu,
1090 515 1237 579 appetens
1255 505 1431 562 naturaliter

281 611 321 650 ex
333 611 388 650 sua
400 592 546 666 grauitate
558 594 597 650 ad
609 603 722 650 tertam
734 595 929 662 descendere,
938 595 1053 666 absque
1065 594 1191 650 aliorum
1203 593 1430 666 supportamine

281 680 332 738 vix
363 691 466 754 posset
496 681 672 748 subsistere,
699 681 876 738 obliuiosam
908 683 1064 739 incurrens
1087 682 1200 738 uiuacis
1229 683 1330 738 anime
1360 699 1430 738 eon-

281 769 435 826 ditionern.
485 769 549 826 Nec
577 787 596 825 a
626 769 777 826 mentibus
806 769 975 826 mortalium
1010 771 1242 842 subsequentem
1273 769 1429 826 veritatem

252 857 369 924 sstilus
391 857 521 914 incultus
545 873 677 929 congrue
696 857 790 930 potuit
808 857 977 914 absentare.
1049 845 1193 932 Quadam
1211 857 1260 914 die
1277 867 1361 912 tante
1379 858 1430 913 de·

281 945 411 1002 untionis
436 945 564 1002 iestiuali
585 944 697 1002 ferculo
718 945 856 1008 saciatrrs.
876 945 907 1002 in
928 945 1044 1018 capella
1062 963 1117 1002 sua
1134 945 1287 1002 celebrare
1306 945 1429 1000 missam

283 1033 448 1106 proposuit,
479 1033 604 1105 proprio
633 1033 788 1104 capellano
824 1033 881 1090 sibi
917 1033 1080 1090 assistente
1109 1051 1178 1090 eum
1207 1033 1265 1090 alio
1294 1033 1430 1090 seculari.

285 1121 446 1178 Premisms
469 1137 543 1176 vero
567 1123 693 1176 secretis
717 1119 900 1176 orationibus
921 1131 952 1176 et
976 1121 1218 1178 meditationibus
1241 1121 1272 1176 in
1303 1119 1430 1186 silentio,

282 1209 441 1266 confestim
460 1208 658 1266 sacerdotalia
676 1209 772 1264 induit
791 1209 988 1266 uestimenta:
1008 1227 1137 1282 cumque
1154 1209 1289 1281 an[h]elo
1308 1219 1431 1280 pectore

238 1313 268 1348 ro
282 1297 402 1354 celenis
440 1297 538 1370 patrie
571 1297 827 1368 contemplarenrr
859 1297 1059 1366 dulcedinem,
1088 1298 1190 1354 omnia
1228 1298 1267 1353 ad
1297 1295 1430 1352 officium

281 1385 443 1458 epistolare
466 1385 618 1442 ordinarie
638 1385 838 1457 perimpleuit.
875 1385 1030 1442 secretius
1048 1387 1138 1458 igitur
1155 1385 1310 1458 proposuit
1329 1384 1431 1456 capel·

282 1473 352 1530 lano
382 1483 423 1540 vt,
448 1473 515 1546 ipso
545 1474 609 1530 solo
639 1491 742 1530 secum
773 1485 958 1542 remanente,
989 1475 1156 1531 secularem
1186 1474 1362 1530 excluderet
1394 1474 1432 1528 de

281 1561 405 1633 capella.
441 1561 509 1630 Quo
534 1561 620 1626 laeto,
643 1563 720 1618 adeo
744 1578 890 1618 accensus
918 1563 1013 1619 luerat
1041 1563 1072 1620 in
1099 1579 1202 1619 amore
1228 1561 1330 1618 diuino
1361 1571 1430 1632 post

281 1648 483 1705 lamentabilia
520 1649 652 1720 suspiria
685 1659 717 1706 vt
750 1661 875 1723 propter
909 1651 1093 1722 singularem
1132 1649 1293 1722 singultum
1332 1649 1431 1720 magis

238 1756 268 1807 ¹5
282 1735 427 1792 lachrime
463 1745 696 1810 prorumperent
725 1755 816 1810 quam
847 1739 940 1794 verba
970 1739 1000 1794 in
1031 1738 1183 1810 publicum
1220 1745 1431 1809 personarent,

280 1835 407 1882 eatenus
436 1825 518 1896 quod
549 1835 674 1897 propter
702 1826 858 1882 adurentis
892 1825 1061 1882 dilectionis
1092 1827 1232 1882 ardorem
1265 1824 1432 1881 inflamma·

280 1911 376 1970 tiuum
397 1913 479 1968 velut
500 1912 576 1969 alter
594 1913 780 1986 euangelista
803 1913 954 1970 lohannes
975 1914 1005 1970 in
1030 1914 1097 1971 sinu
1118 1913 1229 1970 Christi
1250 1913 1360 1968 deuote
1384 1931 1431 1968 re·

280 2002 437 2066 eumbens,
466 2009 551 2056 tanto
581 2001 771 2072 pertunditur
801 2002 898 2058 imbre
928 2001 1142 2058 lachrimarum
1172 2001 1252 2074 quod
1282 1999 1431 2056 verbum¹

281 2089 361 2146 inter
384 2089 515 2161 suspiria
544 2088 725 2144 lachrimosa
755 2107 815 2146 non
843 2091 949 2146 valens
979 2089 1033 2146 fuit
1063 2089 1244 2162 exprimere.
1280 2087 1342 2144 Sed
1375 2089 1432 2144 hoc

237 2194 341 2236 eonon
363 2175 473 2244 virtuti,
495 2177 549 2232 sed
571 2175 737 2234 infirmitati
758 2178 916 2250 temptauit
935 2179 1096 2246 ascribere,
1115 2177 1221 2233 nolens
1242 2175 1431 2246 capellanum
1507 2231 1508 2242 ,

280 2263 474 2320 assistentem
499 2263 594 2320 saliua
615 2281 693 2320 vane
712 2265 808 2337 glorie
834 2265 928 2337 ipsius
951 2265 1083 2322 debitam
1106 2263 1296 2322 deuotionem
1322 2264 1432 2334 patulis

279 2353 403 2409 auribus
428 2353 573 2408 iactanter
595 2353 777 2410 secularium
801 2363 986 2426 presentare
1022 2353 1111 2410 Vnde
1133 2369 1206 2409 vere
1230 2350 1375 2416 mirabile,
1402 2352 1431 2406 in
1507 2361 1508 2364 ’

280 2440 332 2496 tali
350 2441 495 2512 dignitate
513 2440 758 2497 summissionem
777 2451 838 2498 tam
859 2441 1011 2506 humilem,
1030 2441 1061 2498 in
1079 2451 1163 2498 tanta
1173 2439 1282 2496 virtute
1301 2438 1432 2494 frontem

280 2545 353 2584 vera
371 2529 518 2602 paruitate
536 2529 742 2598 summissum,
756 2529 912 2586 hominem
928 2531 1032 2587 videre
1051 2539 1133 2586 tauto
1149 2528 1323 2584 meritorum
1339 2544 1432 2599 grege
1506 2603 1507 2610 ἵ

236 2635 266 2686 ²⁵
281 2619 490 2688 compositum,
502 2627 533 2672 vt
544 2617 628 2673 unita
644 2619 856 2676 communitate
874 2619 1082 2689 congaudeant
1095 2615 1263 2674 sublimitas
1275 2614 1432 2670 humiliata

280 2713 312 2760 et
347 2703 498 2760 humilitas
536 2705 704 2761 sublimata.
746 2705 826 2762 Vere
858 2705 989 2771 humilis,
1015 2707 1046 2762 in
1075 2705 1263 2762 contumeliis
1293 2701 1432 2774 diligens,

281 2791 418 2864 ingratos
441 2793 599 2848 beneficiis
625 2793 812 2866 opprimens,
839 2811 934 2850 uanas
964 2795 1069 2850 laudes
1098 2791 1283 2850 adulantium
1314 2791 1432 2855 odiens,

284 2879 418 2936 honores
447 2880 575 2952 fugiens,
605 2881 781 2936 ministrans
812 2899 881 2938 cum
916 2882 1091 2950 minoribus,
1120 2897 1189 2938 eum
1220 2877 1432 2934 maturioribus
1505 2951 1506 2964 χ

280 2967 408 3024 mure
482 2956 576 3026 Cim
593 2985 696 3024 curam
715 2969 816 3040 gregis
834 2969 892 3025 stu
911 2969 1064 3026 commisi
1082 2969 1241 3040 sgirante
1258 2967 1431 3032 nemaeus,
1505 2983 1506 3032 ÷

235 3070 268 3118 so
280 3067 384 3112 contra
409 3065 607 3128 temptamina
626 3056 792 3112 aduersarii
811 3073 884 3112 suos
902 3059 1040 3113 subditos
1057 3057 1200 3113 uiuaciter
1216 3054 1361 3111 animauit
1380 3071 1432 3110 ex-

280 3143 498 3200 hortationibus
528 3153 560 3200 et
588 3143 738 3215 exemplis
769 3144 864 3200 bonis
913 3145 963 3201 Ad
994 3161 1072 3202 onus
1101 3143 1234 3216 prolecto
1272 3155 1430 3216 acceptum

280 3232 456 3303 pigritantes
481 3231 675 3303 compesmit,
700 3232 840 3302 religiose
867 3233 1042 3304 gradientes
1070 3233 1200 3304 diligens
1223 3248 1292 3287 eum
1317 3231 1430 3288 lauore.

280 3318 425 3375 Subditos
449 3320 608 3390 diligenter
631 3321 750 3375 edocuit
775 3337 793 3374 a
824 3320 964 3376 domibus
988 3319 1166 3376 officialibus
1190 3319 1351 3376 mulierum
1380 3337 1431 3376 ex·

280 3407 403 3462 eludere
421 3409 579 3474 consortia,
597 3425 636 3462 ne
655 3419 757 3464 mente
769 3419 910 3464 tutantes
929 3409 1052 3473 libidini,
1070 3425 1190 3465 morosa
1207 3407 1430 3464 continuatione

234 3509 266 3559 35
281 3511 299 3547 a
325 3496 479 3550 beatorum
504 3495 630 3567 collegio
655 3495 764 3551 herent
787 3497 886 3552 alieni.
925 3497 958 3552 ln
985 3497 1142 3554 refectorio
1172 3495 1335 3569 prandium
1362 3513 1431 3568 per-

280 3582 369 3653 cepit,
388 3581 447 3636 nisi
466 3584 605 3638 notabrls
622 3601 713 3638 causa
732 3584 884 3655 hospitum
903 3586 1094 3658 prepediret;
1113 3585 1249 3640 noctibus
1265 3584 1389 3640 iacens²
1402 3585 1430 3640 in

280 3669 464 3727 dormitorio,
487 3671 640 3726 matutinis
665 3673 808 3727 insistens
831 3673 998 3742 vigilanter.
1018 3672 1128 3730 timens
1152 3671 1178 3728 si
1202 3671 1288 3728 aliter
1308 3681 1431 3744 tempus

281 3757 478 3827 expendisset
488 3757 507 3824 ³,
538 3775 607 3814 curn
638 3757 777 3830 lampade
808 3777 902 3815 iacun
931 3762 1064 3816 celorum
1095 3777 1180 3815 sacra
1210 3777 1269 3814 non
1295 3771 1430 3830 gustaret

280 3846 436 3907 conuiuia;
455 3855 627 3916 egrotantes
648 3846 764 3902 solicite
784 3847 924 3907 risitauit.
945 3849 991 3903 eis
1010 3859 1147 3920 tempore
1168 3863 1302 3919 congruo
1328 3865 1431 3905 neces·

233 3933 359 3994 tosarir
382 3933 624 3988 subministrans
662 3932 744 3989 Inter
769 3933 905 4007 hospites
927 3936 1087 3992 solatiosus
1111 3945 1142 3990 et
1163 3935 1294 4008 sapiens,
1314 3947 1431 3992 mature

280 4021 556 4092 circumspectionis
579 4021 675 4076 oculis
699 4022 810 4078 cibaria
834 4025 1026 4090 distribuens,
1051 4023 1132 4079 inter
1152 4022 1263 4080 sertula
1287 4023 1431 4081 deliciosa

281 4107 346 4161 solo
364 4125 443 4178 pane
462 4125 496 4164 se
513 4109 640 4164 relicere
658 4109 820 4181 sepissime
837 4111 1001 4168 consueuit
1040 4109 1074 4167 ln
1088 4129 1148 4184 qun
1163 4113 1240 4166 lacto
1258 4113 1432 4184 spargibilis

280 4192 419 4251 iactamk
445 4195 560 4251 fumum
578 4213 640 4253 non
658 4197 813 4266 affectam,
831 4199 924 4255 voluit
941 4199 1053 4256 cibaria
1070 4199 1217 4266 scindere
1235 4214 1295 4269 que
1314 4201 1431 4271 priuate

378 4373 593 4430 'Bambotum
754 4379 900 4432 ¹r.iacuit.
1066 4379 1334 4444 'Eupeudisseut-
