3036 4878
114 261 388 328 usurus-aur
491 243 595 331 iiim
621 242 681 332 ᾗ.
702 241 902 340 ustilari.
1200 251 1275 337 699

117 446 272 502 materiam
297 445 437 502 scribendi
463 463 585 503 assumo.
621 447 667 503 Ad
693 447 747 502 hoc
771 446 847 503 enim
866 457 945 515 urget
969 462 1015 501 me
1040 449 1133 502 uestre
1152 445 1275 516 postula·

117 530 208 586 tionis
225 529 363 585 instancia
379 539 407 586 et
426 530 578 602 imperiosa
595 531 717 586 dilectio
753 529 864 588 Veteris
880 541 977 585 autem
996 528 1120 599 hystorie
1135 530 1276 599 superflua

117 629 265 681 resecans,
277 623 306 669 et
318 613 439 672 obscura
451 613 617 683 dilucidans,
630 631 808 684 nequaquam
821 631 839 668 a
851 623 948 668 tenore
960 613 1083 668 ueritatis
1096 611 1211 678 excessi,
1223 629 1276 667 nec

119 693 209 751 noui¹
220 695 327 766 aliquid
344 696 398 751 nisi
415 699 492 768 quod
510 697 622 768 publice
636 697 822 752 edificationis
840 697 985 766 exigencia
1004 696 1130 752 dictabat
1148 694 1275 767 apposui.

121 781 298 834 Enarremus
319 779 413 851 itaque
433 779 575 850 magnalia
593 780 746 836 beatissimi
765 780 942 846 confessoris,
964 780 1011 850 qui
1030 781 1098 834 dum
1116 779 1304 850 peregrina-5

121 872 202 917 retur
214 863 242 916 in
254 863 345 929 terris,
355 873 471 918 uentum
484 864 589 918 fauoris
601 873 629 919 et
643 862 733 919 laudis
749 863 872 918 humane
884 862 1086 917 detestabiliter
1097 864 1277 931 abhorrebat,

120 957 153 1000 ut
168 945 197 999 in
214 944 330 1000 domino
346 944 505 1002 laudaretur
521 947 616 1001 anima
632 965 690 1002 sua.
729 945 784 1016 Qui
802 945 879 999 enim
895 945 1038 1000 uiuentem
1055 946 1160 1012 laudat,
1177 945 1276 1000 adula-

120 1027 210 1082 tionis
227 1029 319 1083 oleum
336 1028 433 1084 uendit
451 1047 507 1100 quo
524 1021 608 1101 caput
626 1029 780 1100 peccatoris
799 1028 962 1098 impinguat
1000 1029 1067 1083 Non
1084 1037 1127 1082 est
1143 1028 1276 1099 equidem

121 1113 186 1168 laus
204 1113 325 1168 hominis
343 1114 373 1169 in
391 1115 445 1169 hoc
462 1113 570 1170 mundo
586 1132 694 1182 secura,
712 1113 792 1169 cuius
810 1130 863 1168 nec
880 1111 938 1168 uita
958 1129 1057 1167 secura
1075 1122 1128 1180 est,
1147 1111 1227 1167 cuius
1247 1121 1275 1168 et

126 1196 228 1251 intima
244 1205 272 1251 et
288 1196 443 1252 nouissima
459 1207 523 1252 sunt
542 1198 646 1267 ignota.
683 1195 713 1253 Si
729 1197 804 1252 enim
817 1196 889 1251 ‘non
907 1196 1031 1250 saluatur
1044 1195 1092 1266 qui
1108 1212 1166 1250 non
1182 1212 1274 1266 perse·
1290 1209 1321 1246 ro

125 1280 224 1346 uerat,'
235 1279 258 1334 si
268 1279 340 1334 ‘non
351 1290 500 1336 coronatur
508 1281 556 1352 qui
569 1280 692 1350 legitime
704 1298 761 1336 non
771 1281 876 1346 certat,'
887 1279 910 1334 si
923 1279 952 1334 iu
964 1296 1084 1335 arenoso
1093 1279 1176 1334 huius
1188 1277 1275 1334 seculi

123 1361 218 1418 stadio
245 1374 273 1418 et
301 1362 330 1418 in
358 1364 464 1420 lubrico
488 1365 571 1420 buius
595 1364 653 1420 uite
676 1363 812 1435 pugnanti
839 1364 984 1433 apostolus
1008 1362 1084 1418 dicat
1110 1363 1183 1431 ‘Qui
1211 1372 1275 1433 stat,

124 1445 222 1501 uideat
237 1463 273 1500 ne
285 1446 404 1501 cadat’:
423 1447 495 1503 sicut
512 1447 667 1518 periculosa
683 1457 726 1502 est
741 1447 825 1516 lucta,
838 1446 880 1502 sic
892 1447 979 1502 dubia
988 1456 1032 1502 est
1045 1463 1157 1502 corona.
1193 1445 1276 1502 ‘Non

123 1545 195 1598 ergo
207 1529 339 1597 glorietur
350 1530 492 1586 accinctus
505 1548 576 1602 eque
585 1541 616 1586 ut
628 1531 798 1598 discinctus:
809 1531 961 1586 seminator
969 1539 999 1586 ut
1011 1547 1127 1598 messor,
1138 1540 1277 1601 pugnator

124 1623 157 1667 ut
175 1611 273 1667 uictor.
310 1615 388 1668 Dum
404 1613 481 1670 enim
494 1613 698 1670 ‘inhabitamus
717 1616 807 1670 luteas
825 1614 943 1682 domos,'
957 1623 986 1668 et
998 1613 1043 1669 ‘in
1062 1615 1164 1669 sudore
1181 1614 1274 1670 uultus
1291 1629 1319 1679 15

126 1694 217 1750 nostri
238 1696 413 1753 comedimus
437 1715 541 1768 panem
565 1699 707 1764 nostrum’
725 1697 812 1752 nichil
833 1697 909 1767 apud
930 1713 984 1752 nos
1005 1704 1096 1750 tutum
1116 1708 1168 1763 est,
1189 1697 1276 1752 nichil

122 1777 247 1833 solidum
260 1791 308 1834 aut
320 1781 482 1849 perfectum.
513 1782 615 1838 Paulus
627 1782 664 1837 ad
677 1780 793 1838 tercium
806 1781 896 1835 celum
908 1790 1004 1850 raptus
1017 1778 1101 1834 dicit:
1121 1779 1164 1834 ‘N
1168 1779 1275 1834 ondum

125 1861 248 1918 arbitror
264 1879 311 1917 me
330 1864 594 1934 comprehendisse?
629 1867 668 1920 Et
684 1864 747 1936 quis
763 1863 898 1934 gloriatur
910 1879 942 1919 se
957 1871 1066 1918 castum
1085 1863 1187 1918 habere
1207 1863 1276 1918 cori

125 1945 198 2015 Quis
216 1945 295 2000 nouit
312 1957 404 2002 utrum
422 1965 518 2004 amore
535 1965 572 2004 an
588 1949 655 2004 odio
671 1948 773 2018 dignus
792 1947 846 2002 sit?
882 1947 965 2004 Solus
984 1945 1062 2000 nouit
1079 1944 1209 2001 dominus
1226 1945 1274 2016 qui

126 2038 192 2083 sunt
207 2028 276 2084 eius.
313 2031 397 2086 Multi
414 2031 567 2087 ‘miserunt
585 2049 701 2087 manum
714 2032 751 2087 ad
765 2039 897 2096 aratmm,
910 2039 938 2085 et
955 2039 1029 2084 retro
1045 2026 1172 2084 conuersi
1191 2029 1274 2084 sunt!
1288 2044 1321 2080 ao

126 2111 211 2166 Multi
230 2112 302 2168 bene
315 2113 474 2170 ‘currentes
488 2115 518 2170 in
530 2114 664 2171 uirtutum
676 2113 786 2182 stadio,’
798 2113 967 2169 ceciderunt.
1007 2112 1075 2168 Ideo
1088 2112 1230 2168 lohannes
1245 2113 1275 2168 in

124 2193 248 2264 epistola
271 2211 322 2250 sua
345 2196 429 2252 dicit:
456 2197 558 2254 ‘Nunc
584 2199 631 2253 filii
656 2197 702 2253 dei
724 2214 828 2266 sumus,
849 2196 899 2252 sed
920 2195 1047 2251 nondum
1067 2204 1184 2265 apparet
1205 2195 1274 2266 quid

123 2277 247 2333 erimus!
285 2280 370 2334 Porro
390 2281 491 2336 beatus
513 2281 669 2337 Guthlacus
689 2280 793 2336 Christi
814 2279 959 2335 consessor
976 2276 1113 2348 egregius,
1129 2287 1275 2348 tamquam

123 2359 206 2416 fortis
222 2361 303 2417 miles
319 2379 338 2416 a
351 2364 448 2432 prelio,
461 2381 594 2421 seruusue
610 2363 700 2420 fidelis
716 2363 828 2419 rediens
842 2381 860 2418 a
878 2362 983 2428 labore,
995 2361 1053 2416 iam
1069 2377 1167 2417 secure
1181 2371 1274 2432 potest

124 2443 220 2499 dicere
238 2461 302 2499 cum
321 2448 475 2516 propheta:
497 2448 691 2514 ‘Conuertere
709 2446 806 2527 anima
823 2461 895 2512 mea,
914 2445 943 2500 in
961 2445 1086 2516 requiem
1104 2454 1191 2512 tuam,
1209 2445 1276 2516 quia
1289 2457 1319 2509 ²5

125 2526 257 2582 dominus
277 2528 416 2584 benefecit
437 2529 505 2600 tibi;
531 2530 598 2602 quia
618 2529 719 2601 eripuit
740 2530 865 2586 animam
885 2545 979 2585 meam
1000 2530 1037 2585 de
1058 2538 1157 2598 morte,
1178 2529 1275 2585 oculos

124 2626 205 2665 meos
218 2628 236 2665 a
247 2611 378 2681 lacrimis,
391 2613 478 2683 pedes
490 2631 570 2669 meos
581 2632 599 2669 a
610 2615 707 2685 lapsu!
745 2614 840 2670 Hodie
854 2613 1028 2669 introductus
1044 2622 1088 2668 est
1100 2611 1128 2667 in
1140 2613 1276 2682 gaudium

125 2691 234 2749 domini
250 2695 301 2762 sui,
313 2704 342 2751 et
355 2696 399 2751 ‘in
415 2713 486 2767 pace
502 2697 594 2752 faetus
609 2710 652 2754 est
668 2700 746 2754 locus
765 2698 842 2752 eius’
880 2695 976 2752 Hodie
988 2695 1087 2751 ‘datur
1097 2695 1123 2751 ei
1137 2696 1173 2750 de
1185 2696 1275 2750 fructu

125 2793 243 2846 operum
260 2795 381 2848 suorum,
398 2789 427 2835 et
445 2779 560 2836 iaudent
575 2797 640 2836 eum
657 2780 686 2836 in
703 2781 790 2852 portis
806 2796 894 2850 opera
909 2779 988 2835 eius!
1026 2777 1070 2833 lbi
1083 2779 1275 2849 unusquisque

125 2865 241 2912 sauctus
258 2857 330 2914 inter
347 2858 418 2915 filios
434 2859 480 2915 dei
494 2861 545 2916 ‘de
562 2870 684 2916 torrente
701 2859 851 2930 uoluptatis
863 2867 959 2914 eterne
972 2857 1129 2928 potabitur?
1168 2857 1210 2910 ibi
1223 2857 1277 2912 erit
1288 2875 1320 2924 30

125 2937 275 3010 unicuique
293 2941 355 2996 laus
375 2959 393 2996 a
412 2942 474 3007 deo,
496 2953 525 2997 et
546 2941 694 2998 ‘dominus
714 2942 856 2998 transiens
875 2939 1045 2996 ministrabit
1065 2938 1122 2993 eis!
1160 2938 1204 2993 lbi
1223 2938 1275 2994 erit

127 3021 233 3077 mensis
245 3040 279 3078 ex
291 3041 397 3092 mense,
412 3025 562 3082 sabbatum
575 3043 609 3082 ex
626 3025 754 3094 sabbato,
767 3025 915 3081 sabbatum
931 3023 1101 3088 dedicatum,
1113 3021 1142 3076 in
1155 3037 1211 3093 quo
1222 3037 1275 3078 nec

123 3109 302 3167 exultationis
314 3110 488 3169 immensitas
500 3129 668 3182 mensuram,
680 3130 733 3170 nec
744 3111 876 3170 eternitas
888 3112 973 3168 habet
985 3110 1079 3165 finem.

125 3244 262 3296 INCIPIT
277 3247 364 3298 UITA
381 3247 486 3298 BEATI
507 3248 693 3300 GUTHLACI
712 3247 949 3300 ANACHORITE
969 3247 1014 3296 ET
1030 3245 1275 3298 CONFESSORIS.

333 3348 384 3402 Du
402 3359 495 3405 srono
514 3361 549 3404 ru
568 3360 762 3406 unriurrnru
780 3359 871 3403 rnnrr
890 3350 1066 3404 Gururncr.

126 3443 310 3570 TEmpore
321 3448 481 3504 Aethelredi
494 3447 569 3518 regis
580 3449 737 3519 Anglorum
754 3448 872 3505 dilectus
887 3447 941 3504 deo
956 3458 984 3504 et
998 3446 1159 3503 hominibus
1170 3447 1276 3504 beatis·

222 3530 310 3585 simus
335 3531 499 3601 Guthlacus,
528 3531 563 3587 de
589 3531 676 3587 nobili
700 3549 801 3602 genere
826 3532 998 3587 Merciorum
1023 3549 1057 3586 ex
1084 3531 1275 3588 illustrissimis
1289 3545 1319 3597 35

127 3613 292 3685 parentibus
304 3613 440 3684 originem
453 3615 576 3670 ducens:
596 3633 631 3671 ea
642 3616 712 3672 hora
724 3633 781 3687 qua
797 3616 928 3671 dominus
940 3632 1005 3670 eum
1017 3614 1128 3670 uocauit
1140 3622 1169 3669 et
1181 3631 1275 3682 segre·

126 3697 204 3768 gauit
217 3697 253 3751 de
265 3707 344 3752 utero
356 3697 453 3753 matris
467 3715 525 3766 sue,
537 3698 634 3755 celesti
646 3699 807 3769 pronostico
819 3697 983 3769 designatus
995 3706 1046 3753 est
1084 3698 1187 3751 Manus
1198 3696 1275 3750 enim

127 3780 208 3850 quasi
228 3779 351 3836 hominis
369 3780 469 3836 celitus
488 3779 583 3848 missa,
603 3782 640 3837 ad
665 3782 789 3854 hqstium
811 3783 912 3836 domus
933 3789 1048 3836 extensa
1067 3789 1119 3844 est,
1141 3777 1274 3833 ineffabili

125 3863 234 3934 fulgore
254 3864 433 3920 choruscans.
471 3865 534 3933 Que
555 3865 699 3935 signaculo
720 3857 810 3920 aucis
833 3863 937 3918 ostium
960 3860 1099 3926 muniens,
1117 3859 1190 3915 felici
1212 3877 1275 3931 pre·

126 3947 264 4018 figurabat
282 3947 407 4018 auspicio
424 3947 500 4018 quod
517 3947 563 4004 ille
576 3947 614 4004 ad
631 3958 723 4004 ortum
739 3947 902 4018 procederet
915 3945 962 4017 qui
975 3944 1050 4000 finali
1062 3944 1274 4014 perseuerancia
1287 3959 1320 4010 40

127 4029 233 4086 Christi
246 4047 356 4086 crucem
369 4029 398 4084 in
416 4048 466 4086 suo
480 4047 597 4102 corpore
615 4031 813 4086 circumferret.
849 4029 1006 4084 Hominum
1022 4025 1160 4099 siquidem
1180 4027 1274 4083 multi·

126 4112 195 4170 tudo
211 4113 248 4169 ad
265 4115 455 4184 spectaculum
471 4114 539 4170 illud
553 4115 638 4170 ducta
652 4113 779 4169 miraculi
794 4113 920 4169 nouitate
934 4122 1127 4168 concurrerat:
1147 4109 1274 4166 sciebant

125 4195 203 4252 enim
215 4195 337 4254 uniuersi
354 4207 383 4254 et
399 4197 509 4268 singuli,
521 4199 596 4270 quod
611 4207 670 4254 tam
687 4197 811 4254 inaudite
824 4195 939 4252 visionis
956 4193 1122 4268 prodigium,
1138 4207 1274 4263 magnum

591 4300 601 4332 ¹
617 4300 674 4356 MS.
685 4301 809 4354 nouimus.
