3008 4904
361 317 437 412 Dc
459 315 626 407 amaa
651 320 914 428 muamus.
1140 341 1209 414 205

33 519 256 594 postulantes.
292 517 377 577 Tunc
389 520 440 576 illa
452 519 588 593 gaudens
601 527 631 575 et
643 519 753 592 gratias
771 536 866 592 agens
881 517 966 577 duxit
983 535 1037 576 eos
1054 519 1092 576 ad
1107 536 1210 576 mona-

35 608 187 666 sterium
219 624 316 664 suum.
366 607 404 665 Et
433 608 538 664 volens
576 607 755 664 confirmare
792 606 980 680 episcopum,
1011 624 1050 664 ne
1080 608 1210 680 amplius

36 693 250 767 temptationi
262 693 373 751 inimici
386 696 508 752 cederet
524 695 579 752 sed
596 694 794 752 confidentior
811 703 1039 767 perseueraret3
1058 695 1209 767 accipiens

36 782 200 838 baculum
223 799 311 838 suum
332 783 418 839 duxit
437 799 506 838 eum
527 783 565 838 ad
585 782 717 838 radicem
738 781 848 838 montis
869 798 964 854 prope
986 783 1210 850 monasterium,

37 869 105 926 vbi
127 877 195 925 erat
213 868 282 925 fons
299 867 433 942 frigidus,
452 869 483 925 in
505 887 565 942 quo
584 869 651 942 ipsa
672 869 703 925 in
727 869 836 942 hyeme
853 868 941 925 solita
958 869 1054 926 fuerat
1073 870 1238 933 noctibuss

38 973 157 1028 vsque
171 956 209 1011 ad
222 957 360 1028 scapulas
372 956 505 1013 dimersa
522 965 618 1013 totum
638 975 678 1013 ex
696 958 813 1029 integro
829 956 1006 1029 psalterium
1022 956 1209 1030 frequentius

39 1045 232 1101 decantare
269 1044 366 1114 Quem
384 1044 497 1112 baculo,
515 1044 633 1116 signum
650 1044 747 1101 crucis
763 1043 939 1116 imprimens
956 1061 1055 1102 coram
1069 1046 1211 1118 episcopo

38 1130 167 1202 tetigit,
181 1141 211 1187 et
224 1129 289 1203 [ait]
300 1132 329 1188 ¹:
348 1131 400 1187 ‘ln
414 1130 536 1189 nomine
548 1131 662 1188 domini
674 1131 769 1188 nostri
783 1131 874 1187 ihesu
888 1131 998 1188 Christi
1011 1149 1139 1205 sequere
1151 1151 1210 1202 me,

39 1228 82 1274 vt
98 1217 305 1275 annuncietur
316 1219 381 1276 laus
394 1218 443 1276 dei
455 1219 486 1275 in
499 1219 564 1276 celo
576 1229 606 1275 et
619 1219 649 1276 in
662 1221 759 1276 terra’
792 1219 830 1276 Et
842 1221 932 1275 traxit
945 1229 1013 1292 post
1025 1237 1059 1276 se
1072 1221 1210 1277 baculum

42 1323 160 1375 suum,
184 1305 241 1362 iter
264 1305 350 1380 aquis
374 1307 547 1377 ostendens,
569 1325 664 1380 vsque
686 1308 724 1362 ad
746 1305 940 1380 supercilium
965 1307 1085 1364 montis.
1122 1307 1210 1380 Aque
1226 1321 1257 1358 10

41 1411 132 1450 vero
159 1402 264 1449 contra
286 1402 422 1450 naturam
444 1394 475 1450 in
497 1395 653 1468 superiora
670 1393 820 1451 enitentes
838 1395 978 1450 baculum
999 1395 1210 1468 sequebantur.

46 1479 132 1537 Erat
150 1489 253 1537 autem
272 1481 302 1537 in
321 1481 407 1538 collis
426 1481 581 1540 cacumine
602 1482 686 1556 rupis
707 1489 817 1550 cauata,
839 1483 925 1556 quasi
946 1482 984 1539 ab
1006 1482 1120 1555 angelis
1141 1499 1211 1556 pre·

44 1577 183 1642 parata:
203 1568 234 1624 in
247 1585 336 1641 quam
349 1586 435 1641 aque,
448 1569 554 1626 baculo
566 1578 721 1642 preeunte,
735 1587 770 1626 se
783 1569 965 1626 infuderunt.
990 1570 1056 1640 Que
1069 1572 1210 1627 continuo

46 1657 242 1722 introducte,
256 1657 409 1712 moderate
422 1655 592 1713 efficiuntur
605 1657 707 1725 calide,
720 1657 813 1714 veluti
828 1656 956 1715 fuissent
968 1658 1098 1714 humano
1111 1659 1210 1715 studio

45 1743 93 1800 ad
108 1743 256 1798 balneum
268 1752 436 1816 preparate.
474 1743 509 1800 In
523 1743 580 1800 boc
593 1744 700 1801 balneo
715 1743 784 1801 fecit
802 1744 992 1814 Modwenna,
1006 1762 1061 1818 per
1073 1747 1210 1817 spiritum
1226 1759 1255 1814 15

46 1830 176 1899 edocta,
200 1831 314 1887 intrare
338 1829 523 1904 episcopum,
543 1831 648 1888 dicens
672 1832 709 1888 ad
735 1850 821 1890 eum:
842 1832 941 1889 ‘Sicut
965 1832 996 1888 in
1021 1833 1079 1888 hoc
1103 1833 1211 1890 balneo

47 1917 172 1974 lauaris
198 1916 387 1974 extrinsecus
410 1935 428 1974 a
455 1919 594 1975 sordibus
620 1919 764 1992 corporis,
791 1921 834 1976 sic
860 1929 890 1976 te
917 1920 992 1976 deus
1018 1919 1211 1992 omnipotens

48 2005 206 2061 emundet
219 2003 400 2062 intrinsecus
412 2021 430 2061 a
442 2005 567 2062 maculis
582 2006 698 2064 cordis.¹
737 2006 804 2077 Quo
819 2006 904 2075 facto,
918 2006 1034 2064 Cheuin
1050 2007 1211 2081 episcopus

48 2109 129 2150 cum
149 2091 302 2148 sodalibus
315 2091 386 2162 suis,
399 2101 523 2166 accepta
534 2110 553 2149 a
564 2091 680 2164 virgine
696 2092 825 2164 licentia,
840 2094 955 2151 reuersi
972 2104 1043 2152 sunt
1058 2094 1090 2150 in
1107 2095 1211 2151 solitu-

48 2179 164 2236 dinem
187 2178 329 2251 castigati,
350 2180 510 2250 emendati,
529 2179 734 2238 ’mirabilibus
760 2183 878 2254 magnis
899 2199 958 2254 que
982 2180 1120 2238 viderant
1140 2199 1210 2238 con·
1226 2200 1257 2235 ao

49 2266 190 2336 firmati;
218 2266 291 2339 [ιη’
309 2267 449 2324 omnibus
467 2267 574 2325 diebus
591 2268 651 2324 vite
670 2285 725 2325 sue
750 2269 891 2342 exempla
908 2267 960 2325 et⁴
978 2269 1084 2326 merita
1109 2279 1211 2326 sancte

49 2353 189 2427 virginis
207 2355 455 2427 contemplantes,
472 2355 672 2412 anachoritice
688 2357 748 2413 vite
768 2365 797 2413 et
814 2357 926 2414 sanctis
944 2356 1087 2430 operibus
1104 2356 1212 2429 iugiter

50 2442 249 2499 insudarunt
286 2441 357 2515 Ipse
382 2459 455 2498 vcro
485 2442 655 2516 episcopus,
688 2443 900 2501 Modwennam
930 2461 1003 2517 sepe
1034 2445 1211 2518 recogitans,

52 2528 261 2602 semetipsum
280 2547 380 2586 coram
405 2528 498 2586 oculis
523 2529 586 2586 suis
612 2530 794 2603 despiciens,
812 2531 904 2589 vitam
927 2549 1014 2590 suam
1038 2533 1212 2606 preteritam

52 2612 151 2686 quasi
177 2629 283 2685 parum
309 2613 406 2670 adbuc
431 2613 609 2687 profecisset
632 2614 831 2687 vilipendens,
856 2623 887 2672 et
911 2615 990 2674 mala
1014 2634 1073 2689 que
1100 2615 1211 2674 fecerat
1227 2628 1256 2679 ³5

52 2701 221 2773 plangens,
234 2701 272 2756 ad
285 2700 410 2757 meliora
423 2699 571 2773 proficere
584 2711 613 2758 et
626 2701 746 2760 culmen
758 2702 901 2760 virtutum
914 2704 1079 2760 ascendere
1091 2721 1211 2760 summo

52 2786 213 2845 desiderio
231 2786 396 2845 affectabat.
435 2787 473 2844 Et
489 2805 586 2861 vsque
605 2790 642 2846 ad
661 2789 775 2847 obitum
791 2789 881 2847 vitam
898 2792 1013 2848 ducens
1029 2789 1212 2863 perfectissi-

52 2891 154 2942 mam,
175 2873 295 2931 Christo
315 2892 388 2932 vero
408 2876 466 2932 deo
487 2875 677 2933 incessanter
696 2877 815 2949 placere
835 2877 956 2949 studuit,
978 2887 1008 2936 et
1029 2878 1212 2951 triumphato

54 2961 183 3020 diabolo
197 2961 264 3018 dies
276 2979 348 3020 suos
361 2962 391 3020 in
404 2964 484 3020 bono
498 2963 560 3020 fine
577 2975 607 3020 et
623 2981 742 3020 summa
758 2965 918 3022 deuotione
936 2965 1106 3039 compleuit.
1144 2965 1212 3021 Bal-

54 3065 155 3108 neum
179 3067 252 3106 vero
282 3049 355 3106 illud
379 3059 409 3106 et
433 3067 510 3123 aque
534 3050 629 3108 calide
653 3052 685 3108 in
710 3061 794 3124 petra
820 3053 981 3110 durissima
1004 3070 1100 3126 vsque
1124 3052 1213 3110 hodie
1227 3064 1259 3114 30

54 3145 270 3212 perseuerant,
300 3146 330 3194 et
360 3155 394 3194 se
424 3138 610 3206 balneantes,
638 3139 775 3196 inuocato
805 3139 928 3198 nomine
956 3141 1069 3197 domini
1098 3140 1213 3198 meritis

55 3233 168 3284 sancte
191 3223 318 3298 virginis
343 3225 478 3298 corporis
500 3234 530 3282 et
554 3226 654 3282 anime
679 3226 837 3284 sanitatem
859 3236 1022 3300 reportant.
1095 3215 1213 3287 Sancta

55 3313 146 3372 enim
158 3311 242 3385 virgo
255 3311 367 3369 Christi
379 3312 508 3385 plurima
520 3311 551 3368 in
566 3312 712 3370 Hibernia
728 3315 896 3372 construxit
915 3315 1113 3372 monasteria:
1132 3317 1213 3374 vnde

55 3399 185 3473 quidam
199 3399 321 3473 maligni
338 3399 451 3458 inuidia
465 3400 655 3458 tabescentes
674 3400 739 3460 eius
757 3419 850 3475 opera
867 3401 1052 3462 deridebant.
1089 3403 1127 3460 Et
1139 3404 1212 3462 arri·

56 3485 182 3561 pientes
192 3488 406 3561 pauperculam
420 3489 572 3561 quandam
585 3488 751 3558 mulierem,
761 3499 791 3546 et
800 3507 908 3546 saxum
918 3491 1032 3563 grande
1042 3509 1135 3564 super
1144 3494 1212 3548 dor·
1226 3501 1257 3554 35

57 3591 133 3634 sum
150 3573 215 3632 eius
233 3574 435 3649 imponentes,
453 3574 552 3632 iurare
570 3585 733 3648 coegenmt
743 3585 775 3634 vt
787 3576 861 3634 illud
879 3594 918 3635 ex
934 3586 1020 3650 parte
1034 3596 1089 3636 sua
1103 3579 1212 3652 virgini

59 3661 248 3720 Modwennc
259 3663 325 3719 loco
338 3664 474 3720 muneris
491 3672 718 3736 transportaret.
755 3664 822 3735 Quo
837 3663 924 3734 facto,
938 3665 1015 3739 lapis
1032 3666 1212 3724 durissimus

58 3749 223 3810 confestim
242 3767 343 3808 coram
362 3752 502 3808 omnibus
527 3736 558 3806 ili
583 3768 716 3808 massam
741 3751 813 3810 salis
838 3760 1057 3810 commutatur:
1076 3763 1108 3810 vt
1132 3754 1212 3826 quod

59 3838 198 3896 fecerant
227 3836 311 3910 impii
341 3839 379 3896 ad
409 3837 579 3908 ludibrium,
604 3838 677 3895 illud
708 3839 783 3896 deus
813 3839 1005 3913 omnipotens
1029 3841 1068 3896 ad
1093 3839 1212 3898 laudem

60 3923 195 3982 nominis
212 3923 267 3995 sui,
284 3935 316 3982 et
332 3924 458 3998 virginis
476 3924 601 3998 gloriam
620 3925 651 3983 in
670 3925 847 3984 miraculum
865 3926 1020 3984 conuertit.
1090 3915 1212 3984 Accidit
1224 3948 1258 3997 40

60 4013 145 4072 euim
169 4019 203 4070 vt
228 4012 301 4070 dum
331 4011 471 4070 anirnalia
501 4013 674 4070 monasterii
704 4024 903 4087 pascerentur
925 4013 957 4070 in
981 4031 1062 4088 agro,
1087 4013 1149 4087 lupi
1173 4015 1212 4072 de

61 4099 239 4159 nemoribus
259 4109 407 4158 exeuntes
428 4115 497 4157 cum
519 4099 633 4174 impetu
652 4101 777 4158 vitulum
798 4109 939 4175 raperent
955 4101 997 4158 de
1009 4101 1163 4172 armentis,
1182 4112 1213 4162 et

61 4189 247 4248 abstractum
271 4187 310 4246 ad
337 4185 430 4246 siluas
454 4187 654 4261 deportarent.
693 4188 760 4259 Quo
781 4187 908 4263 cognito,
927 4188 1045 4264 placido
1069 4190 1153 4248 vultu
1177 4207 1212 4250 ac

140 4367 392 4432 ¹T.ait;E.dixit.
492 4367 654 4424 ¹E.etmir.
754 4369 831 4422 'om
928 4369 1135 4434 ‘Eac;T.et.
