3048 4884
440 304 515 400 Di
539 301 704 394 &altitu
729 302 942 392 wilmun·
1185 324 1257 400 4²5

103 505 137 564 in
152 505 229 564 mari
241 506 392 579 amiserat,
401 506 563 581 reperiunt
600 505 741 564 Transito
753 505 838 576 mari,
848 506 886 563 ad
898 505 1022 562 domum
1032 503 1176 578 principis
1188 522 1258 561 cunr

104 611 168 668 quo
183 594 349 652 Maurelius
365 594 516 652 habitabat
534 595 723 669 perueniunt.
760 593 895 664 Quorum
914 592 1074 660 lachrimis,
1087 601 1117 648 et
1130 592 1258 649 clauium

104 681 283 741 ostensione
300 683 338 739 ad
352 682 509 740 ecclesiam
526 699 612 739 suam
625 682 790 738 desolatam
802 681 931 738 reditum
946 690 1095 737 maturare
1107 679 1261 737 humiliter

103 779 241 843 rogatus,
259 769 375 828 audiuit
393 770 423 826 in
443 770 580 844 sompnis
598 769 738 842 angelum
758 769 907 826 dicentem
926 767 1000 824 sibi:
1028 767 1124 824 ‘Ecce
1145 767 1260 824 meritis

105 858 168 914 tuis
187 873 262 914 oues
283 857 336 914 tibi
354 857 532 914 commissas
551 858 682 915 seruauit
703 857 844 913 dominus
861 870 917 928 pro
935 855 1044 928 quibus
1062 854 1188 927 rogasti3
1214 853 1288 917 in·5

106 959 205 1018 super
216 954 247 1002 et
258 962 387 1019 puerum
400 961 491 1018 quem
505 944 556 1001 diu
568 945 701 1018 plorasti,
715 943 821 1000 reddet
833 943 903 1000 fibi:
941 941 1096 1015 Regresso
1108 942 1209 1014 itaque
1221 943 1260 998 ad

106 1033 218 1089 vrbem
236 1049 322 1090 suam
342 1032 494 1106 episcopo,
507 1040 612 1105 aperto
630 1029 716 1106 pueri
735 1029 894 1104 sepulchro
912 1041 942 1088 et
961 1029 1094 1086 oratione
1112 1029 1261 1102 completa

106 1119 229 1193 utrique
252 1129 437 1193 consurgunt
458 1118 622 1176 Maurelius
644 1119 682 1176 de
701 1117 844 1189 oratione,
866 1125 895 1175 et
916 1135 994 1191 puer
1014 1135 1032 1173 a
1053 1127 1156 1174 morte.
1194 1117 1262 1187 Quo
1297 1176 1299 1183 ,

109 1208 298 1278 confirmato,
322 1225 360 1265 ex
382 1216 493 1264 euentu
518 1224 589 1264 eum
613 1205 800 1264 ‘Renatum'
820 1205 955 1275 vocauit;
976 1205 1134 1275 instruxit3
1160 1205 1259 1278 quiin

108 1297 288 1369 episcopatu
300 1295 460 1353 virtmibus
472 1303 502 1354 et
515 1293 667 1353 miraculis
679 1294 792 1352 florens
804 1294 832 1351 ei
845 1294 1007 1352 succedere
1020 1293 1137 1351 meruit.
1277 1307 1308 1344 ιο

242 1528 268 1592 q
288 1513 344 1588 Di:
362 1545 478 1588 SANCTO
497 1517 672 1588 thrtttbo
691 1545 834 1586 EPlSCOPO
853 1545 891 1586 ΕΤ
909 1527 1127 1586 contessoris&

116 1663 321 1794 REgnante
341 1675 441 1723 autem
460 1665 491 1724 in
508 1667 618 1725 Cancia
636 1685 709 1741 rege
728 1666 872 1736 Edbaldo,
888 1674 919 1724 et
937 1666 968 1723 in
989 1663 1263 1723 Northanhumbria

218 1767 290 1827 rege
318 1753 470 1824 Oswaldo,
495 1753 533 1812 de
564 1754 665 1812 inclita
693 1754 792 1829 gentis
816 1754 985 1828 Anglorum
1013 1755 1154 1828 prosapia
1183 1771 1263 1810 anno

112 1838 227 1896 domini
246 1842 467 1900 sexcentesimo
485 1842 636 1900 tricesimo
649 1853 755 1916 quarto
774 1851 863 1899 natus
880 1849 927 1898 est
939 1839 1105 1910 Wilt'ridus,
1118 1840 1263 1914 euestigio

112 1936 235 1985 sanctus
256 1927 358 1986 celesti
381 1929 517 2004 prodigio
537 1930 721 2003 designatus.
758 1929 833 1988 Cum
856 1929 937 1986 enim
960 1926 1142 2002 intempeste
1166 1929 1263 1986 noctis

113 2015 234 2071 silentio
246 2033 322 2088 puer
334 2017 458 2075 beatus¹
470 2017 604 2091 prodiret
620 2019 658 2075 ab
674 2017 750 2086 aluo,
763 2018 923 2090 columpna
941 2015 1019 2090 ignis
1035 2033 1127 2090 super
1139 2017 1263 2074 domum'
1279 2039 1308 2090 ¹5

113 2103 144 2157 in
164 2119 222 2174 qua
242 2105 422 2161 nascebatur
440 2105 545 2162 celitus
562 2105 684 2174 emissa,
703 2122 810 2162 omnes
828 2103 924 2161 noctis
942 2105 1082 2161 tenebras
1104 2103 1187 2160 radio
1208 2121 1262 2161 sue

114 2189 190 2246 lucis
207 2189 355 2249 abstersit.
391 2190 476 2249 Tunc
487 2192 578 2249 vicini
590 2200 823 2266 prorumpentes
839 2191 877 2248 ad
893 2191 994 2265 ignem
1012 2193 1070 2249 cito
1088 2201 1220 2262 currunt,
1233 2201 1263 2248 et

113 2275 268 2334 flammam
282 2279 382 2336 radios
394 2280 581 2337 emittentem
591 2279 602 2312 ⁸
613 2279 780 2350 inueniunt,
793 2281 848 2336 sed
861 2279 984 2336 domum
997 2279 1038 2334 nil
1055 2279 1179 2336 lesionis
1191 2279 1264 2355 pati,

114 2365 260 2422 mirantes
284 2366 441 2439 aspiciunt.
514 2355 599 2427 Cum
624 2368 706 2425 enim
731 2375 812 2424 esset
837 2381 912 2441 puer
936 2368 1014 2424 bone
1038 2365 1156 2435 indolis,
1175 2375 1263 2439 atque

114 2458 225 2508 etatem
242 2453 376 2510 motibus
395 2457 621 2526 transcendens,
640 2455 682 2511 nil
700 2454 825 2528 puerilis
843 2455 980 2526 leuitatis,
997 2453 1040 2511 nil
1057 2453 1216 2512 insolentie
1232 2455 1262 2510 in
1278 2483 1310 2518 20

114 2537 180 2595 suis
193 2539 327 2598 moribus
339 2541 496 2599 admittere
508 2542 611 2613 voluit,
625 2543 678 2599 sed
691 2541 732 2599 ita
745 2543 881 2599 modeste
893 2542 925 2599 in
936 2541 1074 2600 omnibus
1087 2559 1121 2600 se
1133 2543 1264 2617 gerebat,

114 2635 147 2684 vt
164 2627 254 2684 etiam
272 2645 290 2684 a
306 2629 468 2686 maioribus
486 2639 637 2688 amaretur
654 2639 685 2687 et
697 2639 899 2688 veneraretur.
939 2629 1005 2686 Non
1017 2628 1189 2703 garrulitati,
1202 2648 1263 2687 non

114 2715 291 2772 detractioni
315 2725 365 2773 aut
388 2717 581 2789 contentioni,
604 2720 658 2775 sed
684 2717 742 2775 hiis
767 2733 826 2790 que
850 2718 898 2774 dei
923 2727 1003 2788 sunt,
1023 2731 1141 2775 summo
1166 2718 1264 2775 studio

114 2801 287 2860 adherebat.
333 2801 391 2860 Vbi
414 2822 487 2862 vero
517 2805 808 2879 quartumdecimum
837 2804 924 2862 etatis
954 2803 1049 2878 attigit
1079 2819 1202 2875 annum,
1226 2806 1263 2861 ad

115 2889 251 2962 reginam
280 2891 362 2948 venit
394 2891 550 2963 Ellledam,
575 2893 622 2949 cui
650 2891 844 2950 intentionis⁴
867 2892 1053 2965 propositum
1081 2892 1209 2948 innotuit
1232 2901 1264 2948 vt
1279 2922 1309 2971 ²5

119 2975 224 3034 relicto
241 2979 343 3035 seculo
355 2978 404 3036 dei
421 2997 455 3037 se
471 2979 656 3053 manciparet
672 2979 824 3053 obsequio.
861 2979 959 3051 Quem
971 2980 1008 3036 ad
1021 2980 1149 3036 insulam
1161 2979 1264 3036 lindis·

120 3062 293 3122 tamensem
306 3065 386 3123 misit
398 3075 429 3123 et
442 3068 656 3125 monachorum
667 3068 792 3140 collegio
801 3067 908 3124 sociari
920 3066 997 3124 lecit.
1030 3067 1065 3124 111
1075 3085 1133 3140 quo
1144 3084 1264 3124 monas-

115 3151 193 3208 terio
205 3168 273 3208 cum
285 3153 396 3226 aliquot
409 3155 496 3212 annis
507 3154 627 3212 Christo
639 3155 777 3226 seruiret,
790 3155 946 3228 proposuit
958 3153 1058 3211 animo
1072 3155 1200 3211 Romam
1211 3155 1265 3211 ire.

118 3237 217 3308 Quem
237 3240 340 3313 regina
358 3243 492 3315 predicta
510 3241 590 3300 misit
608 3245 646 3300 ad
664 3259 768 3317 regem
787 3243 896 3300 Cancie
917 3241 1152 3313 Ercombertum,
1170 3242 1265 3300 filium

115 3327 257 3383 auunculi
288 3330 343 3396 sui,
367 3329 524 3402 postulans
547 3339 579 3388 vt
603 3348 673 3388 eum
697 3331 861 3387 honorifice
887 3329 1017 3387 Romam
1042 3331 1265 3388 transmitteret.
1279 3359 1311 3408 30

116 3413 195 3470 Cum
226 3431 286 3488 quo
316 3416 534 3491 aliquantisper
557 3419 738 3489 demoratus,
764 3417 884 3476 iubente
912 3435 983 3491 rege
1007 3433 1076 3475 curn
1103 3415 1266 3476 Benedicta

116 3509 316 3574 cognomento
337 3502 466 3579 Biscop⁸
489 3505 547 3563 iter
566 3522 674 3564 versus
694 3505 824 3562 Romam
848 3504 981 3580 arripuit
1018 3505 1077 3577 Qui
1097 3525 1166 3563 cum
1186 3507 1265 3582 Lug·

117 3589 233 3646 dunum
248 3590 468 3663 peruenissent,
482 3610 500 3649 a
514 3593 633 3651 Dalfino
646 3593 781 3650 eiusdem
799 3593 927 3650 ciuitatis
944 3593 1087 3668 episcopo
1103 3594 1266 3653 honorilice

118 3677 251 3750 suscepti
264 3685 351 3736 aunt:
364 3678 506 3737 Will'rido
515 3690 616 3737 autem
629 3697 646 3737 a
658 3680 799 3756 pontifice
808 3688 934 3752 retento,
944 3680 1125 3740 Benedictus
1137 3683 1265 3740 Romam

116 3781 214 3838 vsque
230 3765 383 3838 proiectus
401 3776 456 3825 est.
494 3767 704 3826 Delectabatur
723 3767 803 3825 enim
821 3768 945 3826 antistes
963 3769 1122 3842 prudentia
1140 3769 1265 3841 iuuenis,
1279 3798 1310 3849 35

117 3851 213 3926 gratia
224 3853 344 3911 venusti
356 3855 457 3912 vultus
474 3871 508 3912 ac
525 3857 695 3913 maturitate
711 3855 893 3914 intentionis.
927 3855 1016 3914 Vnde
1028 3874 1147 3930 queque
1159 3874 1266 3914 neces·

117 3941 198 3998 saria
222 3939 279 4013 ipsi
304 3957 338 3998 ac
363 3941 452 4000 sociis
476 3943 551 4014 eius,
571 3944 642 4001 dum
668 3961 771 4002 secum
796 3961 866 4001 esse
890 3943 1036 4012 volebant,
1057 3944 1267 4002 habundanter

117 4027 277 4100 tribuebat,
289 4037 320 4086 et
338 4031 464 4104 insuper
481 4031 626 4088 offerebat
640 4040 681 4102 vt,
694 4029 720 4088 si
735 4030 834 4102 vellet,
848 4039 964 4104 partem
984 4031 1079 4090 Gallie
1097 4049 1158 4088 non
1178 4033 1265 4089 mini·

151 4159 160 4190 ¹
177 4159 309 4223 Abridgcd
325 4161 390 4212 hom
408 4162 452 4212 the
467 4161 528 4211 Vita
544 4162 580 4225 by
595 4161 714 4225 Eadmer,
727 4163 754 4211 in
764 4162 797 4214 Α.
809 4161 857 4212 55.
874 4160 940 4211 Boll.
952 4161 1014 4225 Apr.
1028 4161 1075 4213 111.
1093 4177 1118 4225 p.
1132 4164 1191 4225 296,
1202 4163 1265 4214 with

118 4226 249 4305 additions
265 4227 331 4304 lrpm
344 4227 423 4280 Beda.
457 4227 513 4278 The
531 4228 604 4278 older
620 4229 663 4306 lise
680 4229 715 4291 by
727 4227 846 4305 Heddius
859 4227 896 4288 (in
909 4226 965 4277 tts.
978 4227 1032 4277 Feli
1046 4243 1067 4290 ι,
1079 4229 1166 4278 which
1184 4230 1207 4278 is
1219 4231 1264 4280 the

118 4305 231 4408 iffi.
244 4291 339 4410 its:
355 4293 420 4393 '⁴⁵³‘
431 4293 631 4412 stitia?
639 4310 679 4356 ”⁵
695 4292 1020 4411 :trititiam
1039 4295 1265 4414 ,fflobm
