3052 4896
290 281 366 376 484
604 277 736 364 111113
761 271 952 378 leucum
977 273 1128 378 sumu.
1238 277 1436 355 [113111

288 476 397 536 dicturi
417 475 612 536 nmrabimus
649 476 807 548 Quendam
831 475 881 534 dei
906 475 1047 533 famulam
1072 475 1213 533 nouimus
1234 486 1268 534 et
1287 475 1437 550 virginem,

289 583 349 639 que
379 565 555 640 frequenter
584 565 615 622 in
645 566 789 633 oratione,
820 565 892 622 dum
923 565 1048 637 spiritus
1077 563 1174 622 sancti
1204 567 1438 622 succenderetur

289 655 420 722 11110131,
434 671 554 711 sursum
571 653 601 710 11
617 669 718 710 aerem
737 652 892 710 subleuata
906 654 1003 709 stabat
1019 651 1171 709 orationes
1183 669 1255 709 suas
1269 652 1438 725 perficiens

289 740 378 811 Quod
391 741 527 798 similiter
538 741 637 798 abbati
649 740 767 798 cuidam
787 739 934 813 religioso,
946 757 1038 812 quem
1052 741 1126 796 satis
1143 742 1359 812 cognouimus,
1371 739 1438 795 acci-

261 827 392 898 gdisse'
416 829 615 903 percepimus„
662 827 799 900 Denique
826 827 987 900 aliquando
1013 828 1052 884 de
1078 827 1172 884 rebus
1199 829 1265 884 suis
1296 823 1439 901 (1113111111ὗ

289 915 404 972 cistelle
422 925 522 974 nostre
535 915 742 989 imposuimus,
753 914 888 988 diligenti
904 932 977 972 cura
988 915 1072 972 claue
1088 915 1187 972 ferrea
1202 915 1375 982 firmantes,
1386 929 1438 986 que

290 1005 482 1076 postmodum
495 1003 546 1060 illa
558 1005 696 1068 obserata
712 1003 803 1060 archa
814 1001 1038 1060 manutenebat
1051 1002 1138 1060 nobis
1154 1005 1336 1060 ostendens.
1366 1001 1439 1072 Quid

289 1108 363 1164 ergo
374 1091 483 1148 mirum
502 1092 528 1148 si
541 1092 681 1148 domiuus
695 1108 847 1148 sacramur
859 1090 1009 1164 virginum
1023 1107 1153 1164 sponsus
1166 1091 1268 1164 aliqua
1285 1092 1438 1148 miraeum
1489 1117 1490 1136 1

290 1179 348 1236 illis
370 1187 519 1252 operatur,
542 1178 671 1236 Romam
692 1197 745 1236 eas
765 1179 942 1236 deducendo
962 1187 1051 1252 atque
1071 1178 1228 1236 Coloniam
1245 1179 1438 1236 reducendo?

246 1287 278 1325 10
292 1265 368 1324 Ecce
389 1283 456 1324 cum
479 1267 527 1322 hic
547 1267 664 1339 nuper⁴
682 1265 763 1323 idem
785 1265 918 1324 notarius
939 1283 1033 1338 super
1050 1267 1229 1339 quibusdam
1251 1285 1316 1340 que
1336 1267 1368 1322 in
1389 1267 1438 1321 boc

289 1355 479 1412 continentur
491 1353 643 1410 volumine
655 1355 763 1411 dubius
781 1354 925 1412 hesitaret
937 1354 1098 1422 miraculis,
1111 1353 1152 1410 illi
1166 1354 1275 1411 celitus
1288 1354 1438 1411 dicebatur

288 1443 357 1515 quie
376 1445 450 1516 ‘que
475 1441 622 1515 scripsisti
640 1443 764 1498 omnino
782 1459 853 1498 vera
873 1445 977 1513 sunt’;
1003 1451 1091 1516 atque
1110 1443 1206 1499 adhuc
1225 1451 1313 1499 tanta
1333 1451 1364 1499 et
1383 1453 1437 1497 tam

289 1529 444 1588 1111111111ι
462 1530 541 1587 11131
557 1531 681 1586 easdem
702 1529 835 1604 virgines
855 1530 995 1587 dominus
1015 1531 1142 1604 patrauit
1165 1529 1322 1598 miracula,
1342 1527 1436 1603 quesi

288 1619 401 1691 scripta
414 1617 520 1684 forent,
532 1617 583 1674 vix
596 1617 704 1690 aliquis
718 1617 872 1674 hominum
885 1618 952 1674 illas
964 1619 1116 1675 credendo
1129 1618 1220 1675 fidem
1234 1619 1387 1691 preberet

348 1751 373 1813 ll
392 1751 479 1823 Quod
492 1769 547 1808 rex
561 1749 722 1808 Olosemes
734 1749 843 1809 Vrsule
861 1768 992 1825 sponsus
1004 1751 1145 1809 diuinitus
1158 1752 1279 1809 iubetur
1292 1751 1380 1826 sequi

737 1857 881 1913 sponsam
895 1857 989 1896 suam.

246 1941 274 1992 ¹⁵
326 1923 458 2010 Maligni
475 1946 575 1993 autem
591 1935 714 2009 spiritus
727 1936 777 2010 qui
796 1937 834 1994 ed
853 1935 971 1994 illarum
990 1945 1136 1994 venerant
1154 1935 1329 1995 discessum
1343 1947 1434 2007 temp·

288 2031 385 2080 tentes
401 2025 427 2081 si
443 2024 552 2097 aliquid
571 2025 618 2081 sui
636 2023 710 2081 iuris
728 2025 759 2080 in
778 2023 822 2082 eis
839 2025 1018 2096 reperirent,
1035 2023 1192 2082 frustratos
1210 2043 1283 2083 sese
1303 2025 1434 2082 dolentes
1489 2067 1490 2072 1

287 2113 501 2184 aggrediuntur
519 2111 672 2185 principes
690 2129 820 2185 quorum
835 2111 895 2169 filie
913 2129 1092 2185 sororesque
1109 2112 1245 2169 abierant
1261 2123 1293 2170 et
1306 2122 1434 2185 cognate,

289 2200 392 2256 dolore
416 2199 507 2256 nimio
531 2198 648 2256 illorum
673 2200 764 2256 corda
787 2199 928 2257 sauciant.
976 2200 1064 2256 Adeo
1088 2201 1216 2257 13111111ο
1241 2201 1434 2273 plurimorum
1489 2263 1490 2270 ἵ

289 2303 389 2344 meror
401 2287 497 2344 extitit
515 2286 617 2359 grauis
635 2304 728 2360 super
739 2287 856 2344 illarum
869 2285 1011 2355 absentia,
1024 2296 1056 2345 vt
1068 2287 1119 2344 vix
1138 2288 1239 2344 multis
1252 2286 1432 2361 temporibus
1489 2305 1490 2326 1

244 2395 276 2432 ao
289 2374 500 2431 consolationis
517 2374 665 2431 medelam
682 2375 829 2448 reciperet
837 2373 856 2432 ⁷.
893 2375 978 2431 Sicut
990 2373 1071 2432 enim
1086 2373 1196 2448 Egiptii
1209 2377 1365 2448 quondam
1378 2372 1432 2430 suis

288 2462 493 2535 spoliabantur
504 2461 689 2535 principibus
702 2471 731 2519 et
744 2461 841 2519 charis
858 2463 890 2518 11
909 2463 984 2519 mari
1004 2463 1094 2519 rubro
1112 2462 1263 2521 demersis
1272 2466 1291 2534 ²,
1304 2465 1347 2521 ita
1360 2477 1431 2519 nunc

289 2550 381 2606 multa
396 2549 584 2623 [terra]rum⁰
594 2567 686 2623 regna
698 2549 905 2608 illustrissimis
919 2551 1084 2624 spoliantur
1096 2551 1272 2624 virginibus,
1286 2551 1431 2615 matronis,
1489 2587 1490 2590 =

288 2647 318 2694 et
340 2637 543 2711 principibus;
570 2637 708 2710 quocirca
728 2637 812 2711 graui
831 2650 957 2712 gemunt
975 2639 1065 2706 luctu,
1087 2639 1194 2696 ilentes
1213 2657 1370 2714 nunquam
1390 2655 1431 2693 re·

287 2742 438 2782 uersuras.
475 2725 583 2782 Adhuc
607 2735 707 2783 autem
732 2725 817 2782 dolor
836 2726 955 2783 additur
974 2726 1068 2782 dolori
1088 2726 1186 2784 letalis
1207 2726 1308 2785 ferme
1328 2738 1357 2784 et
1375 2725 1430 2782 exi·

243 2831 274 2880 35
287 2813 375 2882 tialis,
387 2830 455 2870 cum
472 2813 503 2869 in
521 2811 604 2869 breui
620 2821 689 2885 post
705 2813 784 2870 filius
804 2813 884 2886 regis
902 2831 957 2870 rex
975 2813 1093 2872 iuuenis
1105 2815 1125 2845 ¹⁰
1138 2813 1303 2874 Olosernes
1321 2815 1430 2871 inclitus

288 2909 318 2957 et
343 2899 410 2974 pius
434 2899 547 2974 totique
572 2901 683 2974 populo
708 2901 817 2957 charus
842 2909 871 2958 et
895 2911 1046 2974 acceptus,
1071 2901 1158 2958 beate
1181 2901 1309 2975 virginis
1331 2899 1429 2958 Vrsule

288 3005 428 3062 sponsus,
446 2987 541 3060 gratia
560 2986 723 3060 inspiratus
741 2987 842 3044 diuina
864 2987 991 3060 patriam
1013 2997 1043 3045 et
1062 3006 1189 3062 regnum
1209 2991 1356 3048 deserere
1378 2988 1429 3044 dis·
1489 3043 1490 3050 ,

287 3075 397 3150 posuit,
422 3077 472 3148 qui
494 3093 566 3149 spes
586 3075 675 3132 totius
695 3084 774 3132 terre
786 3073 804 3108 ¹¹
824 3074 902 3132 illius
924 3075 1021 3132 extitit
1041 3085 1071 3133 et
1089 3076 1182 3149 regni.
1218 3075 1291 3149 lpse
1310 3077 1428 3152 quidem,
1489 3145 1490 3152 ἵ

288 3163 389 3220 diuino
408 3163 502 3220 fretus
520 3163 630 3220 auxilio
650 3163 812 3237 celestique
832 3164 950 3220 adiutus
967 3163 1167 3235 amminiculo,
1186 3181 1335 3237 sponsam
1353 3179 1428 3222 suam

243 3274 277 3325 ³0
288 3250 513 3324 exercitumque
526 3251 612 3322 illius,
625 3251 743 3324 piarum
755 3251 903 3324 virginum
921 3251 1048 3324 agmina,
1060 3251 1160 3308 animo
1173 3252 1344 3326 insequitur
1354 3251 1427 3315 uirili,

288 3337 423 3410 angelica
446 3338 629 3411 protectione
653 3341 808 3397 deductus.
846 3339 956 3396 Beatus
982 3339 1093 3413 quippe
1114 3339 1266 3398 Iohannes
1286 3341 1428 3415 apostolus

287 3435 377 3499 atque
396 3426 520 3500 angelici
533 3428 655 3500 quidam
672 3427 794 3502 spiritus
811 3445 885 3500 sepe
904 3427 945 3483 illi
962 3426 1109 3484 affuerunt
1124 3427 1177 3501 [et]
1190 3429 1241 3502 pie
1254 3431 1427 3487 deducentes

288 3533 358 3572 eum
378 3533 395 3571 a
417 3515 614 3587 malignorum
639 3515 796 3588 spirituum
822 3514 1011 3573 intestatione
1035 3515 1239 3574 defensabant
1278 3519 1339 3575 Hic
1358 3518 1427 3574 idem

287 3619 360 3661 vero
377 3602 559 3674 euangelista
574 3603 764 3660 dulcissimus
779 3603 816 3659 ab
829 3603 896 3676 ipso
915 3605 1077 3661 earundem
1094 3594 1245 3678 virginum
1264 3605 1427 3678 peregriua·

243 3705 274 3756 35
288 3689 376 3747 tionis
401 3689 525 3747 exordio
544 3707 665 3762 semper
683 3690 741 3747 illis
759 3692 870 3756 aderat,
892 3690 922 3748 11
943 3693 1021 3748 bono
1040 3692 1212 3749 confortans
1237 3695 1386 3768 proposito
1402 3698 1426 3746 et

287 3777 431 3852 usquein
451 3777 542 3835 finem
561 3795 613 3835 eas
632 3779 681 3851 pia
699 3778 885 3836 solicitudine
903 3781 1075 3852 gubernans
1083 3780 1111 3836 ¹².
1147 3780 1285 3854 Cumque
1298 3783 1377 3839 idem
1392 3779 1426 3834 iu·

288 3867 376 3924 uenis
394 3883 463 3922 cum
481 3865 544 3922 suis
564 3865 721 3922 comitibus
739 3865 872 3940 virgines
894 3884 995 3924 sacras
1013 3885 1132 3924 summa
1149 3867 1359 3942 insequeretur
1376 3868 1425 3924 ies·

288 3954 420 4023 tinentia,
429 3955 573 4010 demones
586 3953 671 4009 illum
685 3953 857 4028 frequenter
866 3954 885 3986 ¹³
897 3955 1078 4027 impetentes
1090 3955 1244 4014 retrahere
1259 3958 1426 4018 nitebantur,

289 4043 368 4100 mala
386 4049 590 4114 suggerentes.
627 4041 685 4111 Qui
704 4042 752 4098 dei
772 4053 923 4115 protectus
941 4043 1075 4100 custodia
1093 4045 1288 4118 angelicoque
1306 4045 1424 4102 munitus
1489 4117 1490 4120 Ἴ

323 4165 377 4216 ¹13.
390 4165 485 4215 calore.
558 4163 615 4213 ill.
627 4165 764 4216 accedisse.
839 4167 896 4218 ³E.
911 4167 1018 4218 cuidam.
1083 4167 1142 4219 4Β.
1155 4183 1240 4230 nuper
1256 4169 1307 4220 bic.
1376 4164 1424 4213 ‘B-

289 4231 447 4282 admiranda.
524 4229 663 4282 σ31110.
741 4229 798 4282 ⁷13.
811 4235 964 4296 reciperent.
1042 4233 1099 4284 ⁸E.
1112 4235 1230 4284 diuersis.
1304 4231 1424 4284 ’111111-

288 4305 379 4345 tarurn.
465 4295 485 4325 ¹⁰
502 4295 532 4344 B.
544 4296 635 4344 iunior.
722 4295 740 4326 ¹¹
759 4299 780 4347 B
801 4301 1020 4361 regnicxtterre
1033 4299 1108 4350 illius.
1196 4299 1216 4331 ¹¹
1233 4301 1264 4352 Β.
1276 4299 1421 4366 guberuauil-

289 4359 309 4390 ¹²
328 4361 357 4408 E.
370 4360 526 4420 trequentes.
