3008 4904
410 333 486 427 bc
509 331 673 422 moro
698 333 930 426 totmanno.
1174 355 1240 431 251

71 549 245 591 annorum
263 534 295 590 in
312 536 441 608 quodam
461 536 520 592 alto
539 546 569 594 et
587 538 715 594 rotundo
734 545 824 611 puteo
843 537 925 594 iuxta
944 536 1132 594 mansionem
1150 535 1244 610 patris

72 620 135 677 sui
160 621 344 695 profundi[s]
364 622 451 696 aquis
469 625 637 697 absorptus,
650 625 737 682 binas
755 624 824 681 aut¹
843 624 962 682 circiter
973 624 1063 681 horas
1075 623 1246 681 undelibet¹
1336 697 1339 704 ι

72 708 265 781 inquisitus,
286 711 407 768 tandem
430 712 471 768 ibi
491 712 639 783 inuentus,
660 721 795 769 mortuus
817 722 968 770 extractus
990 721 1044 770 est
1083 712 1245 769 Proculus

74 797 260 854 obtinenda
274 799 335 855 vita
353 800 411 856 deo
429 808 460 856 et
477 801 651 858 beatissimo
669 801 783 874 presuli
802 801 922 858 emissis
934 800 1019 872 votis,
1035 802 1157 857 demum
1177 808 1244 873 post

74 885 173 940 duas
191 885 264 942 alias
281 886 371 942 horas
389 887 498 944 reuixit
516 906 602 961 puer,
618 905 652 944 ac
671 889 790 945 cuidam
809 905 878 945 eum
897 888 1037 946 baiulanti
1050 888 1081 944 in
1094 887 1173 944 vlnis
1189 889 1272 954 hec5

74 973 191 1028 verba
215 974 410 1046 loquebatur:
437 975 586 1032 ‘Thomas
596 975 615 1046 ⁸,
638 980 760 1033 eamus!
796 976 841 1032 lbi
866 992 939 1049 ergo
964 985 1183 1048 consequenter
1207 975 1244 1031 ab

75 1059 201 1116 amicis
231 1061 289 1118 deo
313 1079 347 1117 ac
370 1061 459 1118 beato
479 1063 544 1120 viro
568 1063 671 1136 gratiis
697 1063 790 1121 actis*
814 1063 971 1132 conualuit,
996 1073 1026 1121 et
1051 1063 1144 1120 creuit
1168 1079 1245 1136 puer

74 1148 281 1206 benedicens
300 1151 389 1206 deum
409 1149 439 1205 in
458 1149 570 1207 sanctis
589 1151 659 1208 suis.

119 1235 150 1295 ἵ
174 1229 325 1292 Lectio'r'r'r'.
363 1225 458 1294 Hanc
473 1239 599 1311 gratiam
617 1238 852 1296 resuscitationis
867 1239 1059 1312 paruulorum
1073 1245 1117 1294 tot
1128 1237 1244 1294 vicibus

75 1323 123 1378 ad
157 1322 339 1380 declaranda
363 1325 545 1382 confessoris
571 1326 617 1382 sui
643 1326 750 1384 merita
775 1326 913 1383 dominus
935 1327 1121 1393 ostendebat,
1142 1324 1193 1381 vt⁸
1218 1325 1290 1382 siro

77 1410 261 1482 quemlibet
287 1421 430 1469 euentum
462 1413 651 1486 singulariter
675 1431 906 1487 exponeremus,
930 1413 1083 1471 videretur
1108 1412 1243 1487 prolecto

78 1515 128 1554 ex
158 1497 329 1571 pluralitate
348 1518 472 1558 casuum
493 1519 544 1558 res
564 1503 671 1559 eadem
691 1502 806 1574 pluries
827 1501 973 1558 refricata.
1010 1501 1150 1558 Contenti
1171 1519 1243 1574 ergo

77 1586 228 1658 exempli
239 1586 249 1618 ⁸
260 1587 355 1660 gratia
367 1587 475 1661 [istis]'
488 1588 599 1663 paucis,
612 1591 754 1646 audacter
767 1590 856 1646 etiam
874 1589 1052 1662 profitemur
1064 1589 1169 1646 eadem
1182 1589 1243 1645 vite

80 1673 244 1730 beneficia
261 1676 371 1732 adultis
387 1677 535 1749 plurimis,
552 1694 641 1734 casus
653 1685 683 1733 et
697 1686 791 1734 status
810 1695 881 1734 suos
899 1687 1005 1750 postea
1023 1675 1243 1746 confitentibus,

80 1761 218 1817 diuino⁸
233 1779 359 1820 munere
378 1781 413 1821 ac
431 1765 633 1822 sanctissimi⁹
644 1765 700 1822 viri
719 1766 826 1822 merito
846 1765 939 1822 fuisse
958 1765 1070 1822 collata
1107 1765 1242 1834 Quorum
1259 1777 1287 1830 15

80 1865 208 1921 nempe
236 1851 284 1906 alii
316 1869 383 1908 cum
413 1851 482 1909 telis
513 1853 663 1926 perforati,
683 1853 762 1909 alii¹⁰
786 1852 885 1909 hostili
912 1852 992 1909 ferro
1022 1851 1169 1922 transfixi,
1192 1852 1241 1908 alii

81 1937 205 1994 massis
218 1939 375 1996 metallicis
393 1941 430 1996 ad
448 1942 606 1998 cerebrum
626 1941 744 2014 [usque]
762 1941 908 2015 percussi,
922 1939 970 1996 alii
984 1939 1089 2012 rapido
1108 1938 1242 1995 lluminis

82 2042 186 2082 cursu
199 2026 356 2097 submersi,
370 2027 418 2084 alii
432 2028 566 2085 febribus
578 2029 672 2085 acutis
684 2047 718 2086 ac
731 2029 840 2086 ceteris
853 2027 1073 2084 infirmitatibus
1086 2027 1242 2083 exanimes

81 2112 210 2182 effecti3
230 2113 361 2186 profusis
378 2132 433 2187 per
446 2115 558 2172 amicos
571 2117 609 2172 ad
622 2125 760 2174 sanctum
779 2116 963 2173 orationibus
981 2125 1070 2188 atque
1082 2114 1168 2185 votis,
1181 2114 1241 2170 vite

83 2217 124 2257 ac
139 2201 336 2258 incolumitati
350 2203 606 2260 desideratissime
619 2203 746 2261 restituti
760 2212 837 2261 sunt.
1257 2217 1289 2254 20

122 2290 151 2350 ll
165 2289 297 2361 Septima
314 2291 366 2362 dre,
385 2292 416 2346 in
434 2291 597 2347 solennitate
613 2297 707 2348 sancte
724 2291 819 2348 Marte
835 2290 1007 2365 Magdalene
1024 2291 1056 2346 ix
1071 2290 1205 2359 lectrbnes,
1218 2295 1245 2346 et

83 2379 233 2433 mmon'a
245 2377 278 2433 de
289 2383 386 2434 sancto
400 2377 552 2435 Osmundo
563 2397 629 2435 cum
642 2379 806 2452 antiphonis
818 2381 851 2434 iti
856 2379 949 2452 pn'mi
960 2379 1098 2435 nocturni.
1135 2377 1174 2434 Si
1183 2378 1243 2434 dies

83 2465 255 2521 domr'm'ms
268 2467 346 2539 lnsm
358 2471 489 2523 octauam
498 2465 518 2498 ¹1
530 2469 656 2536 euenerat,
661 2467 745 2540 fiant
757 2469 791 2522 iii
802 2468 897 2539 prime
907 2466 1033 2523 lectiones
1044 2465 1077 2522 de
1088 2466 1241 2534 dominica,

82 2553 216 2610 taidelicet
225 2553 351 2610 leclrbnrs
361 2555 556 2627 suprasmitltq
569 2559 596 2610 et
606 2555 670 2610 inde
686 2555 821 2628 legantur
831 2554 894 2610 bine
910 2558 937 2611 el
954 2553 1034 2610 bine:
1052 2559 1079 2610 et
1087 2554 1130 2609 sic
1140 2553 1174 2609 de
1186 2553 1243 2609 illis

84 2643 120 2696 vi
130 2640 295 2697 lectrbm'bus
302 2641 386 2715 fiant
399 2643 439 2697 αἵτ’.
475 2641 517 2698 Et
533 2647 589 2698 tres
604 2642 692 2698 medie
703 2643 828 2699 lectrbnes
839 2642 872 2698 de
883 2646 981 2698 sardo
992 2643 1045 2714 qui
1056 2643 1200 2714 contr'gm't
1211 2641 1241 2696 in
1257 2653 1287 2707 25

86 2821 182 2874 vocal.
224 2816 292 2874 Tres
303 2817 398 2873 ultime
408 2817 534 2874 lectiorus
545 2817 578 2874 cte
588 2819 756 2890 eapom'trbne
766 2818 909 2892 euangelii
919 2823 1057 2891 utsupra.

269 3005 293 3068 tl
313 3005 347 3062 lu
367 3006 497 3064 Ocrnun
515 3023 753 3065 rnnnsrnrroms
771 3024 877 3065 sancrr
896 3005 1077 3065 Osuunm'l.

124 3111 200 3170 Lect
214 3113 232 3167 i.
266 3110 390 3243 CVm
402 3111 507 3168 sedulo
520 3121 619 3168 mente
632 3112 710 3185 capti
719 3113 756 3169 ad
767 3112 959 3186 sepulchrum
971 3111 1049 3168 beati
1056 3109 1111 3167 viri
1125 3109 1240 3166 restitui

349 3208 532 3270 meruerunt,
546 3199 696 3256 lohannes
709 3201 839 3274 quidam,
852 3198 1032 3256 intolerabili
1045 3199 1146 3256 surore
1158 3199 1240 3256 labo-

87 3304 172 3358 rans,
187 3287 224 3343 ad
238 3287 383 3360 capellam
396 3288 482 3344 beate
495 3287 627 3360 virginis,
637 3287 686 3344 vbi
699 3298 834 3345 sanctum
847 3305 957 3362 corpus
969 3286 1082 3344 iacebat
1094 3297 1239 3360 tempore,
1253 3305 1286 3354 30

89 3377 243 3433 celebrato
254 3376 274 3406 ¹¹⁸
286 3374 380 3431 misse
394 3373 514 3448 [officio]
527 3376 565 3431 de
580 3374 646 3448 ipsa
662 3377 768 3432 eadem
780 3375 905 3448 virgine,
919 3374 1053 3432 cathenis
1071 3383 1100 3430 et
1112 3373 1240 3431 vinculis

87 3463 199 3522 ferreis
209 3463 348 3520 manibus
356 3462 499 3536 colligatis
507 3463 544 3520 ab
552 3463 655 3520 amicis
674 3465 821 3520 deductus
831 3472 886 3520 est.
922 3463 1050 3520 Coactus
1062 3461 1160 3536 igitur,
1169 3464 1240 3519 dum

89 3553 141 3609 alii
155 3560 302 3619 orassent,
315 3567 349 3606 se
362 3549 440 3607 intra
452 3551 666 3608 concauitatem
678 3551 784 3609 tumuli
797 3551 949 3620 inclinare,
958 3551 1107 3624 stupendo
1120 3559 1240 3620 euentu,

89 3657 162 3698 cum
183 3657 280 3713 agnus
301 3638 350 3695 dei
372 3640 429 3695 deo
449 3638 526 3712 patri
550 3656 605 3710 pro
633 3639 840 3712 peccatoribus
868 3639 1048 3708 immolatur,
1062 3637 1180 3695 vincula
1201 3639 1240 3695 de

90 3727 225 3786 brachiis
237 3737 345 3801 sponte
357 3728 475 3794 cadunt,
487 3735 518 3783 et
530 3726 579 3783 ille
596 3725 733 3800 seipsum
745 3726 830 3799 erigit
843 3735 946 3783 mente
960 3743 1059 3782 sanus.
1096 3725 1238 3782 Ceterum
1253 3739 1284 3790 35

91 3833 162 3874 cum
188 3815 261 3872 alias
280 3831 357 3872 vxor
378 3813 532 3872 cuiusdam
551 3832 606 3888 pre
629 3814 721 3871 nimio
742 3815 845 3871 dolore
865 3813 1000 3872 dentium
1021 3812 1131 3869 mentis
1153 3813 1239 3884 quasi

89 3903 217 3962 exitium
226 3902 247 3934 ¹⁴
260 3919 359 3976 passa,
372 3901 402 3958 in
421 3903 528 3959 eodem
549 3903 615 3960 loco
633 3919 701 3960 cum
720 3903 826 3960 marito
845 3919 900 3959 suo
918 3903 955 3958 ad
974 3900 1139 3958 orationem
1157 3908 1239 3956 esset

90 3990 259 4059 constituta,
268 3990 366 4046 subito
379 3991 455 4047 dens
468 3991 623 4048 morbidus
635 3991 673 4046 ab
686 4008 738 4048 ore
750 3990 829 4047 illius
842 3989 945 4060 exiliit,
954 3999 984 4046 et
991 3987 1012 4020 ¹⁸
1021 3987 1087 4061 ipsa
1097 3987 1239 4044 continuo

90 4079 175 4138 omni
186 4079 289 4135 dolore
303 4076 462 4134 efficitur¹⁸
474 4077 607 4136 liberata
637 4077 675 4136 R.
687 4080 761 4135 sicud
770 4079 801 4133 ἐκ
813 4078 864 4135 die.

122 4201 305 4253 ¹0nrinsn.
399 4201 478 4251 ¹813.
489 4201 602 4252 ubilibet.
700 4200 778 4252 ⁸813.
791 4201 898 4250 Thema.
991 4198 1048 4248 4Ε.
1060 4204 1147 4261 gratus
1158 4204 1237 4247 actus

88 4267 198 4320 ¹E.ac.
282 4267 340 4318 ⁸E.
352 4268 486 4331 exemplis.
569 4265 625 4318 ¹13.
639 4265 728 4330 ipsius.
814 4266 869 4316 ’Β
883 4265 972 4316 diuini.
1049 4264 1128 4315 'SB.
1146 4263 1237 4314 sancti.

89 4335 109 4364 ¹0
125 4333 262 4384 telis-alii
275 4334 364 4384 amin
377 4333 429 4384 SB.
542 4331 560 4362 ¹¹
577 4333 629 4383 SB.
642 4339 754 4382 octauas.
863 4332 882 4362 ¹¹
898 4332 927 4381 E.
941 4331 1062 4380 edmundi
1170 4329 1237 4382 ¹¹13.

89 4409 207 4464 tempore
218 4399 356 4451 celebrate.
424 4398 443 4432 ¹⁴
460 4398 493 4450 al.
506 4398 619 4450 exilium.
684 4398 705 4428 ¹⁵
721 4399 754 4450 ol.
770 4413 821 4449 orn.
889 4395 908 4426 ¹⁸
925 4396 1134 4448 SB.efficsciter.
