3054 4904
292 293 339 380 98
604 289 735 374 mma
760 283 951 390 lartum
975 283 1127 388 style.

329 495 478 568 [usus.
492 497 585 554 adds:
775 471 923 530 Navata.

330 598 446 684 Magus
466 611 587 684 quidam
613 610 762 668 notarium
783 613 934 684 quendam
955 611 993 668 ad
1014 611 1110 666 locum
1134 609 1164 666 in
1184 625 1274 682 quem
1296 610 1449 664 demones

292 699 489 755 aduocauerat
504 698 598 766 duxit,
613 699 794 771 promittens
813 698 841 755 ei
857 700 936 772 quod
951 697 1053 754 multis
1069 695 1178 754 diuitiis
1192 696 1368 752 abundaret.
1409 695 1449 751 Et

292 803 362 843 ecce
381 785 463 842 uidet
481 786 646 859 q(uendam
666 787 822 858 mlagnum
841 786 994 858 ethiopem
1016 803 1108 858 super
1130 784 1283 841 excelsum
1308 784 1448 854 tro(num

292 873 461 942 sede)ntem
481 882 509 930 et
529 873 558 928 in
579 871 702 930 circuitu
722 873 788 929 eius
807 873 881 930 alios
900 873 1038 946 ethiopes
1057 871 1135 928 circa
1153 889 1221 927 eum
1241 888 1310 926 cum
1330 871 1448 926 lanceis

263 975 279 1028 3
292 969 321 1016 et
335 960 463 1017 fustibus
476 969 598 1017 stantes.
635 961 720 1017 Tunc
734 960 783 1017 ille
796 979 917 1034 magum
931 960 1099 1034 predictum
1112 958 1306 1030 interrogauit
1319 957 1447 1014 dicens:

291 1048 384 1118 ‘Quis
409 1058 455 1104 est
481 1047 537 1104 iste
559 1049 669 1120 pueri'
708 1047 745 1104 Et
769 1048 837 1106 ille:
858 1048 1013 1118 ‘Domine,
1034 1065 1141 1104 seruus
1163 1055 1264 1102 uester
1284 1048 1350 1101 est?
1389 1045 1447 1102 Cui

291 1137 420 1192 demon:
441 1135 491 1192 ‘Si
508 1135 555 1192 uis
573 1153 622 1194 me
641 1137 766 1193 adorare
783 1145 813 1192 et
831 1153 938 1192 seruus
954 1153 1040 1192 meus
1058 1153 1127 1191 esse
1144 1143 1173 1190 et
1190 1133 1345 1191 Christum
1359 1143 1447 1190 tuum

291 1240 413 1296 negare,
429 1222 534 1279 faciam
552 1232 581 1280 te
599 1223 705 1280 sedere
725 1223 754 1279 in
774 1223 899 1280 dextera
918 1225 1003 1280 mea.'
1044 1221 1098 1279 Ille
1115 1231 1213 1294 autem
1234 1237 1304 1277 mox
1321 1221 1447 1294 signum

291 1309 388 1367 crucis
406 1311 497 1367 edidit
510 1320 539 1366 et
553 1327 586 1366 se
600 1309 711 1367 Christi
731 1309 889 1368 saluatoris
908 1328 1031 1368 seruum
1051 1327 1121 1366 esse
1141 1309 1233 1365 libere
1251 1307 1448 1364 exclamauit.

247 1415 280 1450 10
292 1397 459 1470 Statimque
478 1407 510 1454 ut
532 1397 652 1470 signum
671 1397 768 1455 crucis
787 1399 889 1468 edidit,
908 1397 1007 1454 omnis
1029 1397 1080 1453 illa
1101 1397 1262 1454 demonum
1284 1395 1449 1452 multitudo

291 1485 421 1542 euanuit.
459 1485 531 1542 Post
550 1485 606 1542 hec
625 1503 692 1542 cum
707 1486 836 1558 quadam
856 1484 921 1542 uice
939 1485 1084 1557 templum
1104 1493 1207 1541 sancte
1227 1482 1343 1555 Sophie
1362 1485 1448 1540 idem

291 1571 425 1628 notarius
450 1589 518 1628 cum
544 1570 666 1628 domino
692 1591 747 1630 suo
772 1573 913 1630 intrasset
937 1581 967 1628 et
992 1581 1061 1628 ante
1087 1571 1243 1628 saluatoris
1267 1571 1447 1644 ymaginem

291 1659 379 1714 ambo
401 1667 523 1729 starent,
547 1659 621 1717 uidit
643 1661 784 1716 dominus
803 1679 876 1716 suus
895 1659 1062 1732 predictam
1085 1659 1257 1732 ymaginem
1275 1676 1373 1732 super
1391 1678 1448 1715 no-

291 1746 399 1802 tarium
412 1747 490 1802 fixos
507 1747 610 1804 oculos
627 1748 788 1804 habentem
802 1757 833 1804 et
844 1747 945 1820 ipsum
963 1756 1076 1804 attente
1095 1748 1315 1818 respicientem.
1354 1746 1447 1816 Quod

248 1853 276 1904 ¹⁵
291 1833 398 1892 uidens
419 1833 515 1890 dictus
535 1836 675 1892 dominus
694 1843 724 1891 et
742 1835 903 1900 admirans
920 1835 1059 1891 iuuenem
1078 1852 1117 1890 ex
1135 1843 1218 1906 parte
1235 1835 1343 1889 dextra
1363 1844 1447 1890 stare

291 1921 376 1978 fecit:
406 1931 436 1978 ct
466 1921 541 1978 uidit
565 1923 645 1996 quod
677 1941 786 1996 ymago
815 1924 924 1980 iterum
950 1941 1057 1980 uersus
1088 1923 1167 1979 illam
1195 1931 1312 1996 partem
1338 1925 1448 1981 oculos

290 2009 434 2066 uoluisset
450 2018 480 2067 et
498 2027 591 2082 super
604 2011 753 2066 notarium
771 2011 849 2068 fixos
868 2012 1001 2068 haberet.
1039 2011 1233 2082 Rursumque
1253 2009 1322 2066 fecit
1339 2011 1446 2083 ipsum

290 2095 334 2153 ire
353 2115 392 2154 ex
413 2107 498 2170 parte
520 2097 657 2155 sinistra:
678 2107 708 2154 et
730 2096 838 2155 iterum
863 2099 964 2155 oculos
986 2116 1095 2172 ymago
1120 2098 1212 2155 uoluit
1237 2107 1266 2154 et
1291 2099 1445 2156 notarium

291 2194 322 2242 ut
336 2187 420 2258 prius
433 2185 584 2258 respicere
598 2185 684 2259 cepit
721 2185 806 2242 Tunc
819 2185 972 2243 adiuratus
985 2203 1002 2242 a
1015 2187 1135 2243 domino
1149 2204 1204 2243 suo
1217 2194 1248 2242 ut
1258 2185 1314 2242 sibi
1328 2187 1448 2244 diceret

246 2291 278 2326 ao
291 2273 362 2345 quid
376 2273 456 2345 apud
470 2273 560 2328 deum
574 2272 734 2330 meruisset
751 2283 875 2346 propter
887 2276 966 2347 quod
981 2275 1023 2330 sic
1036 2291 1146 2346 ymago
1166 2291 1234 2330 eum
1254 2273 1445 2347 respiceret:

290 2359 364 2416 dixit
388 2377 422 2416 se
446 2359 556 2416 nullius
582 2360 652 2416 boni
681 2360 834 2417 conscium
861 2379 930 2419 esse
961 2361 1018 2418 nisi
1043 2362 1123 2436 quod
1154 2361 1307 2419 Christum
1337 2381 1446 2419 coram

290 2447 407 2504 diabolo
419 2464 530 2520 negare
544 2447 689 2504 noluisset
700 2447 728 2520 ¹.]

484 2651 539 2722 DE
558 2681 674 2722 sattcrtt
696 2651 869 2722 lurttwhtta
887 2683 1013 2722 vrncntu
1032 2682 1069 2722 ET
1088 2665 1252 2724 martas&

293 2784 427 2914 Vlrgo
446 2796 549 2842 sancta
569 2785 726 2855 Iuthware,
745 2787 895 2843 nobilibus
914 2786 1060 2843 natalibus
1079 2795 1152 2856 orta,
1165 2787 1202 2842 ab
1218 2785 1284 2858 ipsa
1299 2786 1445 2860 primeua

393 2883 480 2943 etate,
490 2873 585 2930 sancti
595 2873 717 2946 spiritus
730 2874 824 2948 gratia
836 2873 969 2947 perfusa,
977 2875 1122 2947 operibus
1132 2873 1220 2930 bonis
1232 2874 1448 2933 indesinenter

134 3029 140 3046 .
245 2979 275 3028 25
290 2963 348 3018 deo
367 2960 483 3018 seruire
500 2959 620 3018 studuit.
658 2961 724 3018 Hec
738 2963 768 3017 in
782 2971 908 3035 paterna
921 2962 1010 3018 domo
1023 2970 1092 3035 post
1105 2961 1218 3018 obitum
1237 2962 1342 3019 matris
1357 2963 1445 3021 inno

289 3059 394 3106 center
402 3048 518 3116 vinens,
529 3047 645 3104 cunctis
657 3066 691 3106 se
703 3050 863 3106 amabilem
872 3048 1016 3119 exhibuit,
1026 3057 1056 3105 et
1069 3049 1194 3105 virtutes
1203 3047 1365 3107 virtutibus
1373 3070 1444 3108 cum

289 3153 434 3209 processu
455 3137 542 3192 etatis
561 3135 660 3207 auxit;
680 3135 850 3209 peregrinis
869 3138 992 3192 domum
1010 3137 1105 3209 patris
1121 3134 1166 3192 sui
1180 3135 1445 3208 frequentantibus

289 3241 358 3281 cum
371 3223 453 3279 omni
468 3223 637 3280 deuotionis
653 3222 799 3280 hilaritate
818 3223 995 3297 obsequium
1014 3223 1170 3296 impendit
1208 3223 1279 3279 Erat
1298 3223 1327 3280 ei
1349 3225 1445 3284 frater

289 3310 411 3367 nomine
438 3309 529 3378 Bana,
552 3319 582 3366 et
608 3327 729 3368 sorores
750 3319 829 3368 tres:
852 3311 998 3368 Eadwara
1022 3321 1134 3380 sancta,
1160 3319 1263 3367 sancta
1284 3311 1443 3386 Wilgitha,

244 3420 277 3468 30
290 3406 319 3454 et
346 3409 450 3455 sancta
478 3397 630 3466 Sidewlla
657 3397 768 3454 mentis
800 3400 906 3455 cadem
938 3398 1085 3472 probitate
1109 3399 1217 3454 deuote
1241 3407 1272 3455 et
1295 3399 1442 3460 virtutum

289 3484 431 3557 operibus
450 3485 557 3540 dedite.
596 3483 746 3542 Defuncta
757 3503 830 3542 vero
843 3495 939 3543 matre
954 3485 1103 3542 Iuthware
1116 3495 1201 3558 pater
1219 3485 1285 3542 eius
1302 3487 1443 3560 alteram,

289 3587 401 3644 genere
420 3570 493 3628 satis
512 3571 652 3643 nobilem,
665 3590 790 3629 virorem
803 3573 896 3644 duxit,
914 3575 969 3630 sed
989 3573 1058 3630 selle
1073 3572 1278 3630 amaritudinis
1296 3574 1443 3634 instinctu

289 3659 398 3715 diaboli
424 3667 556 3714 mentem
583 3658 725 3716 infectam
757 3660 927 3718 habentem.
965 3661 1031 3731 Que
1056 3662 1147 3717 corde
1171 3678 1327 3717 venenoso
1355 3664 1445 3721 dolos

288 3764 422 3817 versare,
442 3755 611 3803 commenta
631 3747 746 3820 fingere
765 3747 957 3820 infidelitatis,
978 3747 1101 3805 insidias
1118 3765 1224 3821 parare
1243 3749 1330 3824 cepit.
1370 3750 1444 3810 Erat

321 3886 328 3916 ¹
348 3886 449 3937 Collect
461 3886 487 3934 in
501 3886 546 3936 T.:

324 3953 354 4016 Ο
373 3969 492 4012 sanctum
510 3960 659 4024 pontificem
680 3961 785 4022 lustum,
803 3962 875 4011 cuius
892 3963 991 4012 iusticia
1008 3963 1074 4012 sicut
1092 3963 1175 4025 palma
1194 3965 1292 4012 uictrici
1311 3963 1445 4030 (semper

288 4031 379 4092 uigore
391 4030 467 4078 floret
480 4027 505 4075 in
517 4035 657 4089 conspectu
670 4027 775 4085 domini,
788 4035 815 4076 et
826 4029 893 4077 sicut
901 4031 994 4078 cedrus
1005 4030 1082 4078 arbor
1089 4030 1237 4094 (uir)tutum
1244 4029 1443 4096 fragrantiam)

289 4096 459 4208 multiplffans
470 4091 577 4144 dilatuit.
614 4091 683 4141 Hinc
696 4093 802 4155 gloriam
815 4095 981 4158 pan(damus)
995 4095 1099 4144 Christo
1111 4095 1137 4144 in
1149 4095 1244 4144 secula.
1339 4097 1371 4150 V.
1390 4100 1445 4152 On

288 4177 464 4285 metitorigbis
485 4248 632 4295 quesumus,
656 4233 769 4292 domine,
792 4233 862 4282 beati
885 4234 949 4282 lusti
971 4235 1128 4284 confessoris
1150 4235 1185 4284 tui
1207 4245 1286 4298 atque
1309 4239 1446 4298 pontificis

287 4301 515 4418 seffgtrnffluffl
526 4299 630 4413 ffiffis'
644 4306 672 4346 ut
684 4313 741 4348 cum
754 4315 785 4348 eo
796 4314 941 4350 mereamur
952 4310 1086 4352 consortes
1098 4300 1153 4350 fieri
1165 4302 1237 4364 regni
1250 4303 1365 4366 celestis,
1378 4301 1435 4368 per.
