3054 4904
380 293 456 386 De
479 290 646 380 &anua
670 297 930 401 matuatus.
1161 313 1228 388 17³

77 495 118 552 de
137 505 240 554 saneta
258 513 355 566 cruce,
368 497 561 569 postmodum
579 497 618 553 de
637 504 740 552 sancta
758 494 854 552 Maria
878 493 942 552 sola
965 493 1146 568 compleuit;
1171 495 1228 552 hiis

77 583 173 640 finitis
192 584 324 641 officium
343 593 527 642 mortuorum
546 584 673 656 incepit;
696 592 726 642 et
744 592 813 657 post
831 583 1005 657 psalterium
1023 583 1184 652 inchoauit,
1200 593 1229 640 et

78 672 118 728 ad
137 672 230 728 finem
249 672 399 746 perduxit.
436 671 516 728 Dum
535 671 695 745 presbiteri
717 672 790 728 hora
809 687 941 744 congrua
962 671 1053 728 horas
1072 671 1230 728 canonicas

78 759 277 828 celebrarent,
287 759 353 832 ipsa
364 759 539 832 psalterium
549 760 596 817 vel
606 758 758 833 inceptum
768 759 873 827 finiuit,
881 759 929 816 vel
938 775 998 816 vno
1008 758 1092 815 finito
1102 758 1229 816 alterum

78 847 202 919 incepit.
217 847 240 903 F
241 847 322 904 initis
328 846 751 920 [autem]¹horis,incameram
759 846 950 916 rediens‚sex
957 863 1125 919 pauperum
1133 847 1230 919 pedes
1245 855 1260 906 5

78 934 162 1005 lauit,
176 942 207 991 et
218 935 377 1007 pecuniam
393 934 453 991 illis
468 934 532 991 dari
549 934 635 992 iussit
644 953 652 1005 ;
672 943 702 990 et
718 943 788 990 tunc
801 951 908 1006 parum
927 951 961 991 se
973 933 1065 1007 quieti
1081 951 1116 991 ac
1129 933 1230 1007 sopori

78 1023 174 1080 dedit
212 1021 301 1078 Mane
319 1022 396 1079 iacto
412 1039 540 1095 surgens
557 1022 669 1095 regina,
680 1021 843 1079 infantulos
859 1038 969 1078 nouem
981 1022 1134 1094 orphanos
1147 1020 1230 1078 omni

78 1109 195 1166 auxilio
207 1110 372 1178 destitutos,
385 1111 482 1182 prima
495 1109 554 1167 diei
567 1110 641 1166 hora
655 1110 693 1167 ad
706 1126 740 1166 se
751 1109 944 1176 introductos,
957 1109 1031 1166 cibis
1044 1108 1229 1165 mollioribus

79 1197 171 1255 flexis
193 1197 320 1269 genibus
345 1198 457 1266 reiecit,
479 1206 509 1255 et
532 1199 615 1255 cibos
639 1197 670 1254 in
694 1215 747 1254 ora
771 1214 875 1256 eorum
900 1196 1032 1253 immisit
1070 1196 1152 1253 Inter
1174 1197 1230 1253 hec

79 1294 234 1342 trecentos
252 1303 402 1359 pauperes
419 1285 452 1342 in
470 1285 569 1342 aulam
587 1285 773 1342 consuetudo
788 1293 852 1341 erat
866 1284 1033 1352 introduci;
1057 1284 1108 1342 et¹
1121 1285 1232 1342 clausis
1248 1303 1279 1338 10

79 1373 178 1442 ostiis,
191 1389 246 1429 rex
259 1391 298 1429 ex
308 1390 376 1442 vna,
390 1375 493 1446 regina
505 1391 546 1429 ex
561 1373 655 1430 altera
667 1381 752 1446 parte
765 1371 886 1429 Christo
897 1372 928 1428 in
941 1372 1125 1445 pauperibus
1136 1372 1233 1430 serui·

79 1469 182 1529 erunt,
202 1468 231 1517 et
251 1459 333 1517 cibos
352 1461 522 1534 specialiter
539 1469 714 1533 preparatus
732 1460 910 1517 obtulerunt
946 1460 1013 1530 Quo
1033 1459 1109 1517 iacto
1128 1460 1232 1532 regina

80 1547 243 1605 ecclesiam
267 1547 388 1605 intrauit
413 1557 443 1604 et
468 1547 594 1620 prolixis
618 1549 759 1621 precibus
783 1556 813 1604 et
837 1547 1048 1604 lachrimarum
1072 1547 1233 1620 gemitibus

80 1635 217 1708 seipsam
227 1637 283 1692 deo
293 1635 471 1692 sacrificium
481 1635 664 1706 immolauit3
684 1643 714 1693 et
725 1644 795 1692 ante
806 1635 949 1692 maiorem
960 1635 1093 1705 missam,
1101 1634 1234 1709 quinque

80 1724 130 1780 vel
150 1741 207 1780 sex
225 1723 364 1795 priuatim
383 1723 494 1780 missas
511 1723 632 1780 audiuit.
668 1723 750 1780 Ante
771 1723 963 1781 relectionem
981 1722 1087 1795 viginti
1106 1732 1234 1797 quatuor
1249 1735 1278 1788 15

81 1828 235 1884 pauperes
253 1811 404 1868 humiliter
416 1811 614 1868 ministrando
629 1810 740 1868 reiecit.
777 1811 960 1867 Comedebat
977 1810 1058 1867 enirn
1070 1819 1102 1866 vt
1118 1819 1234 1867 tantum

81 1899 177 1955 vitam
190 1907 335 1966 seruaret,
347 1915 407 1954 non
416 1907 447 1956 vt
459 1898 647 1956 delectationi
659 1899 871 1971 acquiesceret.
909 1897 1044 1954 Refectio
1058 1896 1122 1954 eius
1134 1898 1234 1956 tenuis

82 1996 114 2042 et
125 1985 236 2054 sobria,
247 1986 387 2044 incitabat
400 1986 531 2044 esuriem
542 1987 638 2060 magis
648 2003 739 2059 quam
751 1985 985 2057 restringebat³3
1004 1994 1125 2057 gustare
1134 1985 1248 2044 cibum,

81 2073 252 2144 videbatur,
267 2091 327 2131 non
347 2091 477 2132 sumere.
514 2074 719 2147 Quadraginta
736 2082 805 2130 ante
824 2073 937 2147 pascha
955 2081 985 2128 et
1003 2073 1102 2129 natale
1121 2071 1234 2128 domini

82 2161 194 2218 diebus
224 2162 389 2219 incredibili
417 2161 599 2219 abstinentia
628 2179 661 2218 se
688 2161 801 2218 afflixit
846 2160 974 2233 Propter
996 2159 1122 2216 nimium
1145 2160 1237 2233 igitur
1250 2175 1281 2212 20

82 2248 190 2305 ieiunii
220 2249 359 2321 rigorem,
383 2249 562 2307 acerrimum
586 2266 683 2322 vsque
709 2249 747 2305 ad
776 2249 868 2305 finem
892 2247 953 2304 vite
984 2265 1039 2304 sue
1068 2265 1159 2320 passa
1189 2257 1236 2306 est

83 2335 232 2394 stomachi
252 2338 405 2396 dolorem:
424 2336 583 2394 infirmitas
601 2345 702 2393 tamen
721 2335 855 2409 corporis
872 2334 1013 2392 virtutem
1032 2335 1133 2408 operis
1152 2335 1236 2394 debi-

83 2424 172 2480 litare
185 2441 246 2480 non
256 2424 360 2496 potuit.
391 2424 426 2481 ln
439 2441 525 2481 sacra
537 2423 664 2481 lectione
673 2431 737 2481 erat
750 2425 884 2491 studens,
893 2422 947 2496 [in]
955 2422 966 2454 ⁴
974 2423 1157 2480 orationibus
1167 2439 1236 2495 per·

83 2511 209 2580 sistens,
219 2511 291 2583 [in]⁴
300 2512 475 2570 elemosinis
487 2511 673 2579 indeficiens,
686 2513 717 2567 in
731 2511 869 2567 omnibus
881 2527 1006 2583 prorsus
1019 2529 1077 2584 que
1090 2510 1139 2566 dei
1152 2519 1237 2567 erant

83 2598 288 2671 sevigilanter
296 2617 452 2657 exercens.
508 2587 606 2656 Liber
614 2598 736 2672 quidam
746 2599 970 2671 euangeliorum
981 2598 1109 2671 gemmis
1121 2608 1151 2654 et
1163 2615 1236 2654 auro
1251 2611 1282 2661 25

82 2696 222 2755 ornatus,
242 2687 274 2743 in
296 2704 356 2760 quo
378 2689 501 2744 studere
527 2695 557 2742 et
581 2686 682 2759 legere
707 2685 830 2754 solebat,
851 2685 983 2742 custodis
1004 2686 1185 2758 negligentia
1206 2687 1237 2741 in

82 2791 196 2848 aquam
209 2775 324 2845 cecidit,
336 2784 367 2832 et
379 2791 436 2848 per
446 2774 527 2831 diem
540 2783 570 2830 et
587 2782 715 2841 noctem,
728 2773 793 2830 sine
811 2773 908 2845 aliqua
925 2772 1039 2830 lesione
1052 2780 1083 2829 et
1100 2773 1237 2830 molestia

82 2863 136 2920 vel
149 2861 301 2935 dampno⁸
313 2849 676 2936 pennansit.--Vocato
688 2861 808 2918 demum
823 2859 997 2917 consessore
1009 2877 1064 2917 suo
1076 2860 1209 2932 Turgoto
1217 2860 1236 2932 ⁰,

84 2949 223 3008 secundo
239 2951 340 3023 priore
353 2949 522 3019 Dunelmie‚
535 2948 625 3005 vitam
644 2965 730 3005 suam
750 2947 895 3020 replicare
910 2947 998 3021 cepit,
1014 2956 1044 3006 et
1063 2948 1100 3004 ad
1120 2947 1237 3020 singula

83 3038 182 3095 verba
194 3037 405 3094 lachrimarum
419 3037 527 3094 fluuios
543 3036 654 3094 effudit
692 3035 789 3092 Tanta
805 3034 885 3092 inter
897 3037 962 3093 eius
974 3037 1067 3092 verba
1082 3043 1145 3092 erat
1158 3052 1237 3092 corn·
1251 3051 1284 3102 30

85 3126 213 3200 punctio
226 3133 256 3182 et
273 3123 362 3182 lletus
379 3124 521 3198 profusio,
532 3133 565 3181 vt
582 3122 657 3180 nihil
673 3123 777 3196 procul
791 3123 881 3180 dubio
894 3132 975 3181 esset
991 3124 1070 3196 quod
1087 3141 1105 3178 a
1118 3122 1238 3180 Chn‘sto

85 3223 160 3270 tunc
169 3213 333 3285 impetrare
341 3230 401 3269 non
409 3222 522 3285 posset.
552 3212 690 3285 Cumque
698 3211 736 3268 de
745 3210 923 3267 necessariis
931 3228 1102 3268 sermonem
1111 3210 1237 3281 finisset,

85 3301 128 3358 ita
146 3299 228 3372 loqui
247 3300 343 3372 cepit:
364 3299 463 3370 ‘Vale,
475 3299 578 3373 inquit,
591 3317 648 3371 ego
664 3307 733 3372 post
750 3299 806 3354 hec
824 3298 855 3354 in
873 3299 927 3355 hac
940 3298 1002 3356 vita
1017 3298 1068 3355 diu
1086 3317 1147 3354 non
1167 3301 1239 3356 sub-

85 3388 210 3448 sistam:
231 3397 263 3444 tu
276 3405 349 3444 vero
360 3395 430 3460 post
447 3404 496 3443 me
510 3387 593 3459 [non]
605 3387 615 3417 ⁷
629 3404 723 3459 paruo
735 3395 872 3459 tempore
884 3387 979 3443 viues.
1017 3386 1085 3444 Duo
1097 3396 1166 3443 sunt
1179 3405 1239 3460 que

85 3495 105 3534 a
118 3487 148 3533 te
161 3476 297 3548 postulo:
316 3492 419 3545 vnum,
430 3483 463 3531 vt
475 3474 616 3548 quamdiu
628 3474 742 3531 vixeris
758 3475 857 3530 anime
875 3493 942 3531 mee
958 3474 988 3530 in
1007 3475 1109 3531 missis
1126 3483 1156 3531 et
1172 3493 1239 3532 ora·
1253 3493 1284 3546 ³5

85 3563 220 3622 tionibus
234 3563 294 3620 tuis
309 3563 499 3633 memineris;
518 3562 607 3632 aliud,
620 3571 653 3620 vt
665 3562 795 3618 filiorum
807 3579 945 3620 meorum
960 3579 994 3618 ac
1011 3562 1138 3620 filiarum
1158 3580 1240 3618 mea·

87 3669 157 3709 rum
165 3651 176 3682 ⁸
185 3669 288 3708 curam
302 3651 422 3720 habeas,
431 3667 565 3708 amorem
578 3649 744 3723 impendas,
752 3651 842 3706 deum
854 3649 995 3722 precipue
1004 3651 1112 3706 timere
1121 3651 1239 3718 doceas,

86 3750 118 3798 et
129 3756 198 3796 cum
208 3741 239 3794 in
247 3739 368 3796 culmen
379 3747 500 3796 terrene
510 3737 661 3811 dignitatis
672 3738 834 3810 quemlibet
845 3736 978 3810 [ex]⁷eis
986 3737 1239 3806 exaltarivideris,

87 3828 170 3886 illius
189 3827 322 3883 maxime
339 3835 427 3899 pater
443 3825 532 3883 simul
550 3835 580 3882 et
599 3824 743 3897 magister
760 3826 894 3895 accedas,
911 3826 1101 3882 admonendo
1120 3834 1157 3894 et,
1171 3841 1239 3882 cum

88 3933 141 3972 res
153 3914 299 3988 exegerit,
309 3915 473 3987 arguendo,
483 3932 522 3970 ne
532 3922 656 3987 propter
666 3913 922 3984 [momentaneum
935 3913 1079 3970 honorem
1092 3912 1123 3967 in
1133 3929 1238 3984 super·
1253 3931 1286 3980 4ο

88 4005 170 4062 biam
189 4011 310 4072 tumeat,
328 4019 367 4060 ne
386 4002 476 4060 deum
495 4019 551 4075 per
568 4000 728 4057 auariciam
746 4000 885 4071 offendat,
905 4018 943 4058 ne
964 4000 1120 4074 propter]⁹
1137 4001 1240 4056 mundi

123 4161 131 4190 ¹
147 4162 177 4211 T.
190 4162 220 4212 E.
233 4161 310 4211 enim.
387 4159 442 4209 Ἐ
454 4176 478 4212 a.
549 4158 627 4208 'Vit
640 4158 824 4221 restinguebat.
898 4157 907 4187 ⁴
925 4173 975 4208 om.
1052 4157 1109 4206 ⁸E.
1121 4158 1239 4219 dampna.

87 4227 98 4258 ⁸
114 4229 178 4277 This
189 4228 300 4277 nemeis
311 4225 431 4288 supplied
443 4227 478 4288 by
488 4225 549 4286 Joh.
559 4225 590 4275 oi
596 4225 746 4284 Tiamouth,
756 4240 790 4275 on
803 4224 956 4286 conjecture.
985 4223 1041 4272 The
1052 4225 1146 4272 author
1157 4223 1187 4272 ot‘
1195 4225 1240 4273 the

88 4293 346 4422 84ῗῶῒέἓὲ
358 4307 419 4342 own
430 4307 535 4356 person.
614 4289 624 4320 ἵ
637 4307 671 4376 vso
681 4291 728 4352 T.;
744 4305 795 4341 om.
806 4291 833 4340 in
845 4291 875 4350 E,
953 4290 963 4321 ⁸
979 4305 1028 4340 om.
1041 4291 1068 4338 in
1079 4289 1115 4393 Τ.Ι
1182 4289 1193 4319 ⁰
1210 4304 1241 4340 so
