3012 4898
419 311 494 407 tu
518 309 683 400 butun
708 307 923 406 uinctus.
1176 329 1249 404 333

96 530 201 587 peres,
209 513 377 571 secundum
389 513 469 586 quod
482 513 585 570 scribit
594 512 776 582 Bernardus,
784 511 948 570 clamarent
958 509 1112 568 dicentes:
1132 507 1252 566 ‘Ponti-

99 602 176 658 fices
187 602 206 670 ¹,
218 603 251 657 in
271 601 357 658 freno
369 602 440 675 quid
459 601 527 658 facit
545 617 661 670 aurum,
674 599 761 657 nobis
773 599 853 656 fame
865 607 896 656 et
914 598 1025 671 frigore
1044 596 1254 654 miserabiliter

99 689 343 746 laborantibusi’
388 688 547 759 Quendam
575 687 731 744 dominum
764 685 930 744 Iohannem
958 683 1166 754 filium-Alani,
1196 701 1253 757 pro

100 775 211 832 iniuria
229 776 356 833 ecclesie
369 775 577 847 Cicestren[si]
596 775 672 832 facta
684 777 722 831 ab
740 791 777 831 eo
796 773 1142 848 exco[m]municatum²,
1161 774 1199 829 ad
1211 785 1252 829 'se

90 872 204 920 'aamen
213 862 395 933 venientem,
409 862 592 920 familiariter
604 862 717 936 recepit
730 870 760 918 et
772 863 809 920 ad
818 861 978 935 prandium
991 859 1119 931 retinuit,
1129 862 1251 917 dicens:
1266 875 1280 926 5

100 949 270 1020 ‘Quamdiu
283 951 314 1006 in
328 950 408 1006 curia
419 959 523 1008 nostra
534 950 660 1021 fueritin,
674 967 692 1006 a
711 949 828 1006 vinculo
841 947 1186 1022 excom[m]unicationis
1197 963 1252 1004 vos

99 1038 311 1108 absoluemus;
334 1047 365 1094 et
386 1037 416 1094 in
438 1054 561 1095 recessu
579 1048 690 1108 vestro,
711 1037 769 1094 nisi
790 1039 828 1094 ad
850 1035 1082 1094 satisfactionem
1100 1033 1253 1102 veneritis,

98 1125 190 1182 istam
208 1125 426 1184 absolutionem
445 1125 690 1194 reuocabimus3'
711 1124 852 1198 Dixitque
870 1126 959 1198 quod,
976 1123 1002 1180 si
1015 1132 1115 1197 partes
1134 1121 1253 1196 alique¹

97 1229 156 1285 pro
173 1213 238 1269 iure
251 1214 458 1286 recuperando
470 1213 651 1270 discentiant
662 1230 716 1270 seu
736 1214 872 1270 laborent
880 1213 899 1280 ⁴,
914 1210 1107 1268 nihilominus
1123 1209 1252 1268 charitas

97 1317 155 1357 scu
173 1300 326 1358 charitatis
344 1300 431 1375 signa
447 1301 527 1358 inter
545 1300 723 1358 christianos
741 1299 875 1357 subtrahi
894 1317 954 1356 non
966 1299 1078 1356 debere
1086 1297 1106 1368 ³,
1120 1296 1207 1370 ‘quia
1225 1297 1251 1354 si
1269 1311 1299 1348 ιο

97 1389 181 1460 quod
201 1405 302 1445 meum
322 1397 370 1446 est
381 1389 451 1446 volo
469 1405 658 1462 recuperare,
671 1387 744 1444 illud
761 1389 841 1461 quod
858 1386 908 1443 dei
925 1396 973 1444 est
991 1403 1051 1442 non
1068 1386 1165 1442 debeo
1182 1385 1252 1442 sub·

97 1475 238 1532 trahere:
268 1475 306 1532 Et
319 1476 428 1533 similia
441 1477 479 1533 de
488 1476 606 1533 Abbate
619 1476 658 1532 de
669 1475 693 1531 F
693 1475 819 1532 iscanno
829 1475 848 1544 ⁰,
858 1484 888 1530 et
901 1475 940 1530 de
953 1472 1045 1530 nobili
1053 1473 1117 1531 viro
1130 1471 1252 1529 domino

100 1561 254 1620 Richardo
272 1572 342 1620 tunc
361 1563 470 1621 comite
483 1563 643 1630 Cornubie‚
656 1580 691 1619 ac
707 1564 746 1620 de
762 1561 915 1619 comitissa
927 1561 1038 1618 Cancie
1057 1559 1164 1618 fecisse
1182 1578 1252 1633 pro·

97 1652 196 1719 batur,
216 1659 320 1708 contra
338 1667 414 1723 quos
430 1669 485 1724 pro
504 1667 560 1708 sua
576 1650 704 1708 ecclesia
720 1666 826 1706 causas
844 1648 986 1706 habuisse
1004 1647 1177 1718 dinoscitur,
1196 1663 1251 1720 pro

98 1737 290 1795 contumeliis
296 1747 398 1796 tamen
408 1739 548 1808 honores,
557 1747 587 1794 et
596 1737 756 1795 amicitiam
766 1755 822 1810 pro
832 1735 994 1793 inimicitiis
1002 1736 1250 1808 reeompensauit.
1267 1753 1296 1802 ¹⁵

98 1825 261 1896 Quendam
280 1825 421 1882 clericum
440 1826 490 1899 qui
512 1824 768 1882 sanctimonialem
785 1842 803 1881 a
819 1841 874 1881 suo
886 1823 1048 1881 extrahens
1070 1821 1251 1879 monasterio

98 1911 240 1986 corrupit,
252 1913 398 1970 beneficio
410 1913 620 1981 ecclesiastico,
633 1914 713 1985 quod
731 1911 762 1968 in
779 1929 834 1968 suo
851 1910 955 1968 habuit
971 1910 1092 1980 diocesi,
1105 1926 1173 1966 cum
1190 1927 1251 1966 non

98 2000 220 2056 modico
238 2000 385 2057 dedecore
403 2000 541 2074 priuauit.
579 1999 617 2057 Et
636 2001 709 2056 dum
726 1999 864 2056 dominus
880 2016 935 2055 rex
952 2016 987 2055 ac
1006 1997 1251 2070 archiepiscopus

98 2086 348 2159 Cantu[ariensis]
355 2087 438 2145 etalii
447 2087 671 2161 pluresprelati‚
679 2087 839 2144 comiteset
846 2087 985 2155 barones,
992 2103 1047 2158 pro
1056 2084 1250 2141 dictoclerico

99 2191 209 2247 preces
219 2173 437 2245 effunderent⁷,
445 2174 476 2232 in
486 2174 534 2232 dei
544 2174 660 2232 iusticia
669 2173 865 2231 inflexibilem
875 2190 944 2231 eum
954 2171 1162 2242 inueniebant;
1181 2188 1250 2244 per·
1265 2193 1297 2228 20

99 2261 277 2335 cutiensque
291 2271 397 2335 pectus
412 2279 500 2319 suum
515 2262 573 2319 ait:
594 2261 760 2332 ‘Quamdiu
779 2261 902 2334 spiritus
919 2259 951 2317 in
969 2259 1026 2317 isto
1042 2276 1168 2333 corpore
1182 2276 1250 2331 per·

100 2348 254 2418 manserit,
266 2348 336 2407 talis
354 2349 487 2406 ribaldus
500 2349 552 2423 qui
571 2349 733 2406 monialem
753 2347 921 2421 professam
935 2347 1066 2420 corrupit
1079 2355 1109 2404 et
1121 2347 1250 2420 impreg-

101 2437 193 2504 nauit,
207 2446 237 2493 et
253 2437 350 2494 adhuc
364 2443 505 2510 tanquam
523 2435 714 2494 meretricem
731 2453 817 2492 suam
834 2435 956 2505 detinet,
968 2437 1007 2492 de
1018 2434 1169 2491 voluntate
1183 2451 1251 2490 mea

99 2523 132 2580 in
151 2523 324 2597 episcopatu
344 2523 551 2596 Cicestren[si]
571 2541 673 2581 curam
694 2523 863 2580 animarum
884 2540 944 2580 non
962 2521 1113 2580 obtinebit
1151 2521 1250 2578 Faciat

99 2610 242 2668 dominus
255 2611 360 2668 meus·
373 2611 421 2668 hic
435 2611 689 2686 archiepiscopus,
699 2611 736 2667 ad
747 2627 837 2684 quem
850 2611 931 2667 idem
941 2609 1067 2667 clericus
1081 2609 1250 2684 appellauit,
1265 2633 1294 2682 25

99 2699 267 2756 secundum
286 2700 365 2772 quod
381 2699 508 2757 voluerit
527 2700 714 2772 respondere
732 2697 763 2754 in
781 2699 832 2754 die
851 2697 950 2755 iudicii
968 2715 1068 2754 coram
1087 2696 1250 2754 altissimo!

100 2785 140 2842 Et
152 2785 289 2843 videntes
301 2787 499 2844 constantiam
510 2803 604 2857 suam,
618 2803 688 2842 eum
697 2784 774 2843 vltra
782 2803 842 2842 non
854 2786 1048 2858 temptabant.
1080 2784 1252 2858 Aliudque⁹

98 2890 162 2930 non
175 2873 320 2930 dissimile
333 2891 405 2947 erga
419 2883 481 2931 tres
493 2873 619 2930 vicarios
634 2873 695 2946 egit
713 2874 764 2946 qui
781 2872 907 2930 focarias
924 2873 1042 2945 publice
1058 2881 1163 2930 tenere
1180 2889 1250 2929 con-

98 2960 171 3017 uicti
188 2959 323 3019 fuerant:
344 2979 420 3034 quas
437 2962 506 3034 quia
524 2961 684 3018 noluerunt
702 2960 861 3030 dimittere,
881 2977 934 3018 eos
952 2960 1169 3017 sententialiter
1187 2961 1250 3020 suis

97 3047 231 3121 priuauit
242 3048 404 3106 beneficiis.
436 3048 610 3122 Burgenses
619 3065 737 3121 quoque
747 3050 786 3106 de
797 3047 913 3118 Lewes,
923 3047 974 3120 qui
983 3048 1135 3120 quendam
1144 3047 1249 3116 furem,
1263 3077 1296 3127 3⁰

97 3137 139 3192 ad
151 3135 310 3193 ecclesiam
323 3135 553 3209 confugientem,
566 3134 713 3193 violenter
725 3144 891 3192 extractum
910 3135 1141 3208 suspenderant,
1153 3135 1248 3208 ipsius

97 3225 238 3293 cadauer,
252 3225 404 3297 putridum
417 3241 473 3297 per
485 3223 667 3297 quindenam
682 3232 712 3281 et
723 3224 861 3297 amplius,
873 3223 1038 3279 exhumare
1051 3222 1156 3296 coegit,
1169 3232 1199 3280 et
1210 3225 1248 3281 ad

97 3311 257 3369 ecclesiam
270 3313 351 3369 vnde
370 3311 470 3385 ipsum
488 3320 689 3382 extraxerant,
703 3310 833 3384 propriis
851 3310 985 3367 humeris
1003 3309 1121 3368 deferre
1132 3311 1153 3344 ¹⁰
1170 3328 1249 3368 com-

96 3399 183 3472 pulit.
214 3399 314 3472 [Cum]
323 3400 341 3432 ¹¹
353 3401 510 3456 domorum
524 3408 555 3456 et
567 3416 668 3456 rerum
681 3415 802 3456 suarum
815 3397 982 3454 combustio
994 3407 1024 3454 et
1036 3397 1148 3455 iactura
1155 3397 1175 3430 ¹¹
1187 3417 1247 3456 non

97 3487 217 3544 modica
238 3487 267 3544 ei
289 3486 490 3558 nunciaretur,
510 3487 671 3560 plangente
691 3497 721 3544 et
742 3486 864 3543 dolente
885 3485 1004 3556 familia,
1023 3488 1089 3559 ipse
1111 3495 1248 3544 serenata
1262 3518 1292 3568 35

97 3575 175 3633 facie
195 3574 339 3647 vultuque
363 3573 491 3632 iocundo
514 3576 572 3631 deo
596 3574 707 3649 gratias
732 3574 877 3643 referens,
896 3574 1034 3631 dolentes
1056 3574 1248 3645 confortabat,

95 3662 222 3720 dicens:
254 3661 339 3718 ‘Non
366 3661 593 3730 contristemini,
616 3661 722 3718 amici!
754 3661 900 3718 habemus
930 3661 1028 3717 adhuc
1052 3662 1133 3718 vnde
1162 3663 1248 3720 nobis

96 3748 270 3807 necessaria
295 3749 527 3823 prouideamus,'
552 3757 584 3806 et
613 3747 783 3806 subiunxit:
816 3747 909 3819 ‘Quia
939 3748 1129 3818 elemosinas,
1159 3759 1249 3821 prout

95 3837 255 3907 debemus
267 3837 366 3910 largas
379 3854 439 3893 non
453 3836 586 3907 fecimus,
599 3835 656 3893 ista
672 3836 759 3894 nobis
775 3834 945 3893 acciderint.
983 3834 1055 3892 Ideo
1066 3835 1206 3894 volumus
1218 3847 1247 3894 et

95 3923 284 3998 precipimus
302 3934 335 3982 vt
353 3925 391 3981 de
409 3925 497 3981 bonis
515 3924 627 3982 nostris
644 3926 682 3981 de
699 3933 799 3981 cetero
817 3921 983 3980 elemosine
1000 3922 1073 3979 fiant
1089 3923 1247 3997 largiores.³
1261 3957 1293 4006 40

95 4013 126 4070 Ο
139 4029 287 4085 generose
300 4010 410 4068 mentis
422 4011 593 4082 thezaurus,
605 4011 655 4084 qui
668 4010 797 4069 deficere
809 4010 888 4067 inter
900 4009 1034 4068 defectus
1047 4011 1196 4082 nesciens,
1208 4031 1248 4070 ex

130 4178 140 4210 ¹
158 4179 188 4231 S.
200 4179 317 4229 liemard
330 4177 376 4242 Ep.
389 4193 422 4240 42
435 4177 547 4243 (ldigne)
560 4186 654 4241 quotes
666 4177 770 4228 Persius
782 4178 837 4228 Sat.
853 4179 877 4243 8,
890 4180 925 4242 ⁶9
940 4178 1025 4227 Dicite
1041 4177 1185 4240 pontifices,
1198 4185 1247 4230 etc.

94 4247 107 4278 ¹
124 4245 155 4296 E.
167 4261 223 4296 exc.
235 4253 313 4296 esset.
406 4243 416 4273 ⁸
433 4244 463 4296 E.
475 4245 562 4307 aliqui
652 4243 662 4274 ⁴
679 4243 708 4294 E.
721 4245 844 4294 laborant.
944 4245 1000 4295 ‘so
1010 4243 1056 4304 Sl,
1070 4243 1100 4293 B.
1113 4244 1247 4296 deberent.

94 4311 105 4342 ⁸
124 4313 154 4362 E.
168 4311 314 4362 fiscanino.
411 4308 422 4338 ¹
439 4309 468 4361 E.
482 4310 651 4361 effunderunt
748 4308 759 4339 ⁸
775 4325 825 4360 om.
837 4310 864 4359 in
876 4309 907 4360 B.
1007 4308 1018 4339 ⁹
1035 4308 1066 4359 B.
1077 4309 1118 4360 ΑΙ.
1132 4325 1244 4373 quoque.

96 4377 116 4409 ¹⁰
133 4379 165 4430 B.
176 4377 284 4428 referre.
372 4375 391 4408 ¹¹
409 4390 461 4426 om.
536 4374 557 4407 ¹¹
574 4375 604 4426 E.
616 4382 715 4426 natura.
