3046 4902
270 327 345 413 640
702 316 906 418 arpena
934 315 986 395 11.

271 521 413 579 Edmundi
426 523 500 592 regis
512 521 647 587 audierat,
658 531 809 592 eapropter
825 521 863 576 ad
880 521 971 591 ipsam
988 517 1138 589 mnfugere
1155 521 1201 576 vel
1219 537 1288 576 sero
1301 522 1432 578 intende·

270 609 328 675 bat,
341 623 456 678 sperans
468 607 505 661 ab
517 622 553 660 eo
565 605 663 660 celitus
675 605 789 676 aliquod
802 604 958 660 subsidium
970 604 1104 676 optinere.
1142 604 1247 658 Filiam
1258 622 1332 674 ergo
1343 621 1430 676 quam

270 690 392 746 habebat
417 687 602 758 interpellauit
627 697 657 742 vt
681 689 719 742 ad
743 699 872 742 sanctum
895 687 1038 741 martirem
1066 703 1129 741 eam
1153 687 1280 742 duceret.
1335 687 1430 742 Paruit

269 771 397 844 genitrici
415 771 520 844 parua¹
534 767 692 843 progenies,
705 779 733 826 et
746 779 876 826 conserto
888 771 988 825 itinere
1007 769 1106 824 mulier
1117 785 1185 824 ceos
1198 781 1304 825 sancto
1322 770 1429 824 mmtiri

242 871 256 920 5
270 865 453 929 presentatur.
489 857 578 910 Secus
596 855 689 910 locum
702 853 774 909 sacri
787 853 911 924 corporis
924 853 1070 908 oraciones
1083 851 1204 920 exhibet,
1216 863 1247 907 et
1259 852 1429 923 impetratas

269 938 449 994 asecretario
465 955 559 994 sacras
578 937 606 992 in
624 949 707 992 nocte
724 937 834 1006 vigilias
850 947 966 992 exercet.
1003 935 1148 1005 Anticipat
1162 935 1285 990 deuocio
1304 935 1430 990 mulieris

270 1021 404 1096 pietatem
416 1019 489 1092 regis
501 1031 529 1077 et
541 1019 680 1076 martiris:
700 1035 764 1074 cum
777 1019 849 1075 inter
861 1017 1040 1074 matutinales
1052 1019 1150 1073 laudes
1161 1019 1208 1072 lux
1221 1035 1301 1074 noua
1314 1019 1390 1089 cepit
1402 1017 1428 1072 ei

271 1101 465 1176 illu[ce]scere,
490 1115 519 1160 et
549 1103 610 1158 dies
634 1103 779 1173 repentine
803 1101 938 1158 claritatis
962 1101 1133 1157 sollemniter
1154 1119 1304 1172 apparere.
1352 1101 1429 1170 Quid

270 1189 371 1258 plural
407 1187 532 1257 Recepto
546 1185 615 1254 visu,
629 1187 719 1240 cuntis
736 1187 765 1240 in
783 1184 903 1242 ecclesia
921 1185 1084 1240 festinanter
1102 1183 1222 1240 innotuit
1242 1185 1325 1256 quod
1343 1180 1429 1240 earn¹

229 1284 258 1321 ro
271 1268 537 1326 cbristusdominiet
544 1269 640 1324 martir
648 1267 816 1324 Edmundus
824 1269 904 1323 nouis
912 1267 1048 1323 sideribus
1056 1269 1210 1323 illustrauit
1232 1269 1336 1324 Cuntis
1344 1267 1430 1337 igitur

271 1353 400 1408 Christus
423 1351 541 1423 [meritis
563 1349 720 1422 Edmundi]
743 1354 834 1407 locum
854 1351 995 1422 sepulture
1016 1369 1066 1407 sue
1090 1351 1292 1407 venerantibus
1317 1353 1428 1408 aditum

271 1437 349 1507 regni
362 1435 472 1492 celestis
484 1433 600 1507 aperiat.

227 1633 242 1650 ⁸
325 1627 375 1682 Dtt
393 1636 586 1682 nuncnune
604 1637 657 1681 ctJ1
677 1636 814 1680 SANCTUS
834 1625 1019 1682 Emturtntls
1039 1635 1180 1680 FURTIUE
1198 1636 1373 1680 sulutem

756 1721 932 1764 RES'l'lTUlT.

310 1865 449 1923 osbertus.
489 1825 665 1975 QUidam
695 1825 824 1896 prediues
854 1825 1110 1920 vrbis·1,oudtrnie¹
1135 1835 1277 1920 mercator
1307 1826 1426 1880 nomine
1506 1849 1507 1890 i

594 1909 791 1964 Deorrnartnus
809 1908 846 1964 ad
862 1908 1003 1964 nundinas
1021 1919 1112 1964 sancti
1130 1909 1276 1963 Edrnundr
1296 1909 1380 1965 affuit
1398 1921 1426 1966 ῃ
1506 1925 1507 1938 .

229 2006 259 2058 ¹5
273 2009 338 2048 suas
360 1991 388 2047 in
409 1993 469 2047 loro
488 2009 570 2062 gazas
587 1993 713 2062 exposuit
735 1993 963 2064 emptoribusque
984 1991 1078 2062 precio
1099 1991 1282 2046 redimendas
1303 1993 1425 2064 reliquit.

273 2077 362 2131 Erant
381 2075 411 2130 in
432 2075 564 2131 nundinis
584 2075 715 2130 custodes
736 2075 778 2130 sui
800 2076 858 2130 suis
878 2075 1019 2130 mercibus
1040 2074 1175 2145 deputati,
1197 2073 1266 2129 dum
1292 2089 1424 2132 oraturus

273 2159 436 2230 procederet
455 2159 492 2215 ad
511 2157 657 2214 basilicam
675 2158 750 2214 beati
769 2158 889 2214 martiris
908 2169 936 2214 et
950 2159 1024 2228 regis
1041 2158 1194 2214 Edmundi.
1234 2160 1314 2212 Dum
1328 2173 1424 2215 autern

272 2241 300 2297 in
313 2241 447 2298 cimiterio
460 2239 598 2312 primum'
609 2252 675 2296 tunc
688 2251 805 2314 poneret
817 2241 989 2312 ingressum:
1008 2255 1045 2296 ne
1055 2241 1118 2312 quis
1129 2241 1223 2296 lurtim
1234 2243 1396 2311 precideret
1404 2244 1423 2311 ⁴,
1506 2291 1507 2320 i

273 2343 358 2380 manu
382 2326 494 2398 propria
515 2341 677 2381 crumenam
698 2326 814 2395 accepit,
836 2344 891 2397 que
914 2325 1023 2395 lapides
1044 2342 1108 2379 cum
1129 2335 1244 2379 moneta
1267 2326 1423 2394 preciosos,
1506 2323 1507 2358 l

229 2419 259 2454 20
272 2425 426 2479 aureosque
443 2408 481 2463 ad
499 2409 622 2464 valorem
639 2409 736 2463 decem
754 2425 910 2463 marcarum
927 2407 1033 2478 argenti
1051 2407 1219 2463 continebat.
1258 2407 1422 2465 Prostratus

271 2500 366 2546 autem
395 2491 470 2545 circa
499 2490 574 2562 regis
598 2502 625 2546 et
650 2491 770 2546 martiris
799 2492 981 2556 mauseolum,
1013 2491 1155 2563 marsupio
1185 2490 1274 2546 oblito
1307 2510 1422 2548 suorum
1506 2501 1507 2504 ’

272 2573 400 2643 implorat
430 2573 639 2644 indulgenciam
669 2573 843 2631 delictorum.
883 2575 957 2630 Huic
987 2575 1108 2646 quedam
1139 2573 1238 2629 mulier
1264 2577 1422 2647 rapacitate
1506 2643 1507 2662 Χ

271 2657 382 2712 seuiens
410 2657 528 2712 latenter
555 2657 712 2729 appropiat,
738 2659 876 2729 sectisque
903 2659 997 2714 furtim
1022 2659 1119 2713 loculis
1144 2659 1272 2713 celeriter
1296 2659 1369 2715 abiit
1394 2673 1421 2714 et

272 2757 431 2811 secumque
443 2751 572 2812 rapuerat
584 2743 698 2796 ethnica
711 2739 831 2797 deterior
843 2743 1005 2812 asportauit.
1033 2743 1151 2796 Manum
1163 2741 1267 2797 deinde
1280 2755 1422 2798 mercator
1506 2789 1507 2798 ,

229 2829 257 2878 ²5
272 2833 301 2878 ut
323 2823 498 2879 oblacionem
518 2825 740 2896 apprehenderet
759 2824 901 2896 marsupio
927 2823 1038 2880 iniecit:
1064 2836 1107 2880 set
1126 2823 1162 2880 de
1182 2824 1240 2880 suis
1259 2825 1301 2880 nil
1323 2827 1421 2882 loculis

272 2907 380 2978 vspiam
393 2907 507 2963 inuenit.
545 2909 625 2962 Tunc
638 2909 675 2962 ad
692 2909 837 2978 egregium
855 2907 900 2964 dei
918 2909 1061 2964 martirem
1077 2926 1228 2964 conuersus
1244 2911 1421 2965 cumdolore
1483 2965 1490 2978 ,

272 2991 363 3048 cordis
382 2991 439 3047 ait:
459 2993 549 3048 ‘Cum
567 2993 642 3062 apud
662 3001 700 3058 te,
713 2991 843 3062 princeps
861 3002 967 3058 sancte,
983 2991 1012 3046 in
1030 3002 1079 3047 tua
1097 3009 1205 3047 orarem
1224 2991 1356 3060 ecclesia,
1373 3012 1421 3049 cur
1506 3061 1507 3064 Ἰ

271 3075 420 3146 permisisti
446 3093 539 3130 meam
563 3075 644 3146 diripi
670 3075 820 3145 pecuniam
844 3075 965 3132 cruentis
991 3077 1120 3130 manibus
1144 3075 1313 3146 impiorum?
1364 3081 1422 3133 Cur

271 3176 370 3214 secura
382 3176 475 3214 coram
488 3171 515 3214 te
526 3177 583 3214 non
596 3157 646 3214 luit
660 3175 722 3214 mea
735 3159 883 3229 possessio,
897 3159 943 3230 qui
962 3161 1089 3230 preciosa
1107 3176 1216 3230 queque
1233 3161 1356 3230 negocia
1373 3172 1419 3216 tuo

226 3255 259 3303 30
271 3243 456 3298 custodienda
474 3243 579 3298 credidi
598 3239 783 3297 testimonio?
828 3244 899 3298 Cum
922 3241 949 3296 in
972 3242 1079 3298 deliciis
1101 3242 1188 3312 glorie
1208 3243 1319 3313 positus
1337 3245 1419 3300 facile

271 3325 361 3395 possis
377 3327 472 3381 ablata
487 3327 640 3392 restituere,
653 3325 709 3380 noli
726 3343 781 3392 me,
794 3326 920 3396 preciose
937 3327 982 3382 dei
999 3327 1097 3382 martir
1115 3327 1276 3392 Edmunde,
1290 3329 1419 3397 spoliatis

271 3408 371 3477 opibus
396 3408 576 3464 defraudare.'
623 3409 729 3464 Exiens
751 3409 834 3479 igitur
852 3428 870 3464 a
894 3409 1000 3479 templo
1022 3409 1150 3480 peruenit
1174 3409 1211 3464 ad
1230 3411 1353 3465 ostium:
1373 3413 1417 3466 vbi

271 3489 400 3546 incautus
424 3509 539 3546 manum
564 3509 644 3546 suam
669 3493 742 3547 inter
766 3509 909 3562 pressuras
934 3495 1083 3563 populares
1112 3509 1196 3564 super
1223 3494 1417 3550 mulierculam

270 3575 362 3644 posuit
372 3591 427 3645 que
435 3575 528 3630 lurtirn
538 3591 601 3629 eum
614 3576 712 3630 loculis
724 3591 807 3644 gazas
819 3575 879 3631 eius
892 3577 1085 3648 apprehendit.
1110 3578 1149 3631 Et
1160 3576 1256 3631 statim
1268 3575 1418 3648 [εειιοῐηίι]ὅ

227 3674 257 3726 35
270 3659 366 3728 vipera
396 3673 535 3713 venenum
563 3658 639 3730 quod
669 3659 786 3727 biberat,
817 3661 944 3714 confessa
976 3659 1122 3714 mercatori
1153 3658 1310 3730 dampnum
1341 3663 1417 3732 quod

271 3741 434 3812 ingesserat.
480 3743 581 3809 ‘Ecce
604 3743 701 3812 inquit,
721 3744 804 3798 heros
822 3741 943 3810 illustris,
964 3743 1095 3813 quicquid
1114 3743 1231 3812 surripui
1251 3744 1307 3798 tuis
1326 3746 1417 3800 estin

271 3825 379 3893 loculis,
392 3825 532 3897 nichilque
549 3826 586 3880 de
602 3826 699 3896 spoliis
715 3827 816 3880 ablatis
834 3837 1031 3896 consumptum
1043 3836 1104 3893 est;
1127 3827 1182 3880 noli
1202 3826 1310 3882 crimen
1324 3845 1416 3884 meum

269 3909 439 3981 publicando
463 3909 602 3979 detegere,
624 3909 681 3964 noli
703 3910 793 3965 scelus
815 3909 923 3976 initum,
945 3925 996 3980 pro
1021 3927 1077 3980 quo
1096 3927 1219 3980 peream,
1237 3909 1417 3966 diffamaret'

271 3993 319 4048 Sic
330 3992 484 4048 admissum
497 3993 573 4062 luget
585 3992 734 4063 flagicium,
749 3993 921 4063 spondetque
935 3993 1093 4064 penitencie
1106 3993 1267 4048 remedium.
1311 3995 1416 4052 Abdita

224 4095 258 4142 40
270 4093 338 4145 ergo
350 4077 403 4130 sub
415 4075 577 4146 amphibalo
590 4077 701 4131 sublata
713 4076 836 4146 protulit,
845 4087 873 4132 et
886 4074 1016 4131 innoxia⁸
1028 4077 1140 4148 propria
1150 4076 1209 4132 viro
1219 4077 1349 4146 restituit,
1358 4080 1418 4136 sine
1506 4115 1507 4128 .

269 4159 364 4230 aliqua
375 4159 507 4229 porcione
519 4159 721 4230 quantumlibet
733 4159 887 4215 imminuta.
925 4159 980 4231 Qui
994 4159 1191 4217 vehemencius
1203 4159 1417 4232 obstupesoens,

266 4317 475 4411 '¹Titprona.
584 4321 765 4374 ’MS.eciam.
873 4322 1056 4391 ¹hffiprimo.
1166 4325 1415 4392 ‘stupratorem

292 4398 342 4432 om.
474 4389 484 4418 ⁸
500 4387 550 4437 Tit.
562 4403 624 4439 corr.
636 4396 663 4438 to
675 4389 782 4439 innoxio.
