3054 4904
484 291 560 385 De
583 288 747 380 &tutta
773 289 903 398 totuin

400 564 425 623 tl
446 551 500 621 Da
518 580 634 620 sancto
653 549 746 620 Ymo
765 578 965 620 consessores.

110 705 280 839 SAnctus
299 709 381 776 enim
394 707 505 777 Ywius,
519 711 654 783 preclare
667 707 770 784 stirpis
786 709 942 766 Britonum
961 707 1107 782 religiosis
1125 701 1257 783 parenti·

199 799 264 867 bus,
298 797 437 854 Branone
466 798 606 856 videlicet
636 808 721 870 patre
753 798 907 871 Egidaque
938 797 1081 870 genitrice
1112 807 1203 868 ortuS,
1228 806 1258 854 et

107 883 331 942 lindisfarnensi
363 886 517 959 prouincia
544 886 672 943 nutritus
700 895 754 944 est.
799 885 858 956 Qui
884 887 921 941 ab
947 885 1070 941 infantia
1093 885 1258 942 litterarum

107 973 287 1029 rudimentis
305 973 440 1040 traditus,
454 971 620 1046 inspirante
638 973 760 1046 spiritus
779 973 873 1029 sancti
888 972 990 1046 gratia,
1008 981 1167 1029 coetaneos
1186 989 1258 1028 suos

107 1058 273 1115 litterarum
294 1061 419 1117 'scientia
437 1063 672 1133 transgrediens
692 1079 709 1117 a
727 1061 845 1134 magnis
863 1061 1035 1117 doctoribus
1050 1061 1257 1117 venerabatur.
1272 1062 1286 1113 ὁ

108 1145 192 1202 Nihil
213 1148 326 1217 puerile
350 1147 429 1205 dicto
449 1150 498 1205 vel
523 1149 599 1205 facto
623 1149 793 1218 exercebat,
815 1149 870 1205 sed
895 1158 1050 1205 crescente
1076 1148 1165 1204 simul
1190 1163 1257 1203 cum

106 1242 188 1290 etate
219 1235 372 1308 religione,
398 1236 509 1294 diuinis
534 1237 748 1309 obtemperans
773 1235 930 1304 mandatis,
955 1253 1015 1292 non
1041 1236 1138 1292 solum
1166 1252 1259 1307 super

106 1321 167 1377 hiis
181 1339 240 1395 que
257 1322 393 1394 feliciter,
406 1341 512 1381 verum
531 1325 570 1381 de
589 1341 650 1380 non
670 1341 815 1397 prospere
834 1323 891 1379 sibi
910 1323 1140 1380 aduentantibus
1159 1332 1259 1395 gratu-

107 1410 231 1466 labatur.
269 1410 345 1467 Cum
368 1421 470 1468 autem
489 1411 599 1468 iamin
621 1410 744 1467 iuuenili
766 1420 905 1468 vernaret
930 1410 1012 1480 flore,
1034 1429 1052 1466 a
1073 1411 1136 1467 suis
1155 1419 1258 1482 vtpote

105 1497 182 1552 tanti
198 1497 287 1554 heres
306 1499 478 1570 patrimonii
495 1516 578 1555 arma
595 1497 722 1572 capere¹
739 1499 843 1555 crebro
860 1499 1003 1569 hortatus,
1016 1506 1135 1554 terreno
1148 1497 1259 1554 celeste
1274 1511 1305 1546 10

107 1583 269 1657 preferens
290 1586 449 1657 premium,
471 1589 618 1660 quosdam
638 1587 715 1642 sacn'
735 1585 849 1642 ordinis
868 1585 1043 1659 parentibus
1065 1584 1167 1642 insciis
1188 1602 1259 1641 con·

107 1671 246 1728 scendit¹
266 1675 385 1746 gradus.
425 1674 516 1730 Paulo
535 1692 608 1731 vero
631 1673 775 1731 maturior
793 1682 920 1746 viroque
944 1682 1070 1747 parente
1091 1673 1221 1743 orbatus,
1242 1689 1260 1728 a

107 1759 300 1816 sanctissimo
318 1760 542 1819 lindisfarnensi
560 1761 703 1835 episcopo
718 1761 890 1832 cuthberto,
904 1760 987 1818 cuius
1006 1772 1070 1817 erat
1086 1760 1258 1832 discipulus,

107 1847 283 1916 instructus,
303 1849 491 1905 diaconatum
513 1849 653 1922 suscepit.
691 1849 847 1920 Frequens
866 1848 908 1904 illi
927 1851 957 1904 in
977 1849 1159 1905 monasterio
1178 1865 1258 1904 nunc

106 1933 235 1990 orationi
254 1934 447 2009 insistend[i],
467 1955 546 1993 nunc
565 1939 603 1995 de
622 1936 735 1993 domini
757 1953 864 1993 mensa
884 1935 1068 2009 spiritualem
1089 1936 1188 1991 cibum
1209 1953 1303 2004 su-15

108 2021 238 2092 mend[i]
250 2032 314 2079 erat
327 2041 405 2081 cura
439 2024 519 2080 Dum
529 2043 602 2082 vero
615 2024 689 2081 nihil
699 2025 738 2080 de
750 2024 880 2080 crastino
893 2023 1025 2080 solicitus
1038 2032 1109 2092 erat,
1118 2023 1258 2096 quicquid

107 2111 147 2165 ad
163 2125 284 2165 manum
302 2111 414 2169 habere
434 2121 557 2185 poterat,
580 2121 667 2185 prout
688 2111 832 2183 cuiusque
853 2111 1016 2168 necessitas
1036 2111 1174 2184 exigebat
1186 2128 1259 2183 quo·

108 2197 182 2253 tidie
201 2198 383 2271 pauperibus
399 2217 545 2272 errogans
565 2199 754 2269 alimoniam;
774 2200 804 2255 in
820 2217 855 2256 se
871 2199 1111 2272 delinquentibus
1129 2197 1258 2266 veniam,

107 2284 280 2357 algentibus
305 2285 522 2357 indumentum,
547 2288 651 2345 mestis
675 2287 811 2343 solatium
832 2287 982 2359 prebens;
1002 2285 1121 2342 caducis
1147 2296 1259 2354 eterna,

107 2372 240 2428 terrenis
260 2375 447 2431 mercabatur
467 2375 595 2432 celestia.
668 2363 852 2434 Celebrante
872 2384 972 2431 autem
994 2376 1122 2447 quadam
1143 2373 1190 2430 die
1210 2391 1258 2428 so-
1276 2390 1305 2424 ao

108 2460 226 2532 lempni
250 2460 364 2532 prefato
388 2464 519 2535 presule,
540 2471 702 2536 sanctoque
722 2461 807 2519 Ywio
832 2461 948 2519 diaconi
968 2461 1064 2519 vicem
1087 2470 1260 2534 peragente,

108 2565 182 2604 ecce
200 2547 321 2621 quidam
338 2549 367 2605 vi
386 2547 513 2606 febrium
533 2568 707 2625 oppressus,
720 2550 856 2606 infirmos
874 2567 998 2623 gressus
1017 2549 1120 2606 baculo
1140 2566 1260 2622 regens,

108 2643 180 2708 post
199 2635 301 2708 populi
323 2636 520 2709 frequentiam
540 2639 694 2694 oblaturus
711 2637 844 2695 accessit.
882 2638 973 2694 Cuius
986 2637 1142 2694 calamitati
1154 2638 1260 2694 beatus

108 2721 297 2795 compatiens
321 2723 472 2794 diaconus,
498 2727 689 2798 apprehensa
713 2743 804 2782 manu
829 2725 1000 2799 proximum
1026 2725 1109 2781 altari
1133 2725 1260 2798 gradum

109 2810 275 2879 scandenti,
306 2812 356 2885 qui
386 2821 466 2869 tante
496 2813 657 2870 obsistebat
682 2813 879 2881 imbecillitati,
904 2812 1021 2886 prebuit
1045 2812 1259 2869 fulcimentum.
1275 2829 1304 2879 25

110 2897 187 2954 Mox
200 2898 308 2955 mirum
323 2899 352 2956 in
366 2901 489 2957 modum
501 2903 539 2957 ad
552 2901 695 2974 precipue
713 2900 908 2974 simplicitatis
920 2899 975 2957 viri
991 2909 1100 2957 tactum
1116 2899 1260 2973 egritudo,

108 2985 250 3058 quamuis
274 2987 448 3055 vehemens,
472 2988 644 3057 abscessit⁰,
668 2988 794 3062 pristine
817 2991 909 3046 robur
932 2987 1048 3046 virtutis
1077 2989 1115 3044 ad
1143 2987 1260 3061 singula

109 3074 318 3130 membrorum
340 3074 438 3131 officia
462 3093 496 3132 se
516 3077 658 3150 adeptum
683 3077 798 3134 letatur.
845 3076 883 3133 Et
904 3077 1120 3150 prosternens⁶
1141 3095 1193 3144 se;
1215 3075 1262 3133 vir

109 3170 252 3218 sanctus:
273 3162 357 3218 ‘Non
375 3163 460 3233 meis,
473 3163 572 3232 frater,
585 3167 640 3222 sed
657 3165 796 3237 presulis,
809 3163 910 3236 inquit,
924 3164 1026 3234 sancti,
1040 3163 1124 3221 cuius
1137 3179 1261 3220 manum

109 3247 241 3306 osculari
261 3249 463 3322 desiderabas,
484 3251 596 3308 meritis
622 3252 886 3322 intercedentibus,
908 3269 1040 3324 superna
1062 3253 1160 3324 pietas
1179 3250 1209 3306 in
1231 3259 1260 3306 te
1275 3272 1308 3321 30

109 3345 234 3410 operata
250 3339 313 3393 est!
388 3325 460 3396 Nec
478 3339 572 3395 multo
591 3348 666 3413 post,
681 3341 753 3396 dum
771 3339 852 3396 idern
864 3338 1026 3395 virbeatus
1045 3338 1143 3411 epulis
1162 3337 1261 3394 sobrie

111 3423 268 3497 [functis]⁷
293 3427 422 3497 quadam
452 3427 501 3484 die
532 3428 614 3484 domi
644 3430 772 3498 sederet,
799 3425 919 3499 contigit
943 3435 975 3482 vt
999 3443 1116 3499 pauper
1140 3425 1261 3499 quidam

109 3511 226 3568 diutina
240 3511 411 3570 infirmitate
423 3524 557 3583 vexatus,
570 3515 610 3571 ita
622 3525 664 3586 vt,
677 3517 799 3572 decocta
818 3532 917 3579 carne,
930 3531 1039 3586 rugosa
1056 3522 1170 3570 tantum
1186 3513 1262 3570 cutis

109 3601 194 3657 nuda
206 3608 377 3672 protegeret
389 3618 468 3670 ossa,
482 3604 519 3659 ad
531 3603 651 3660 ianuam
663 3605 836 3660 accederet:
857 3601 941 3680 cuius¹
953 3601 1118 3658 condolens
1134 3601 1261 3670 miserie,

109 3689 149 3744 ab
175 3705 213 3743 eo
237 3686 307 3759 quid
329 3687 467 3761 accipere
488 3691 580 3747 vellet
605 3691 754 3747 humiliter
778 3689 960 3746 sciscitatus⁸
985 3697 1039 3746 est
1086 3688 1222 3761 Cumque
1245 3705 1306 3756 a35

110 3792 247 3848 paupere
264 3774 294 3831 id
310 3792 491 3848 responsum
510 3778 675 3850 acciperet:
696 3778 792 3834 ‘nullo
811 3778 949 3846 delector,
964 3777 1044 3833 nullo
1063 3785 1161 3834 tecum
1180 3776 1263 3833 fruar

110 3864 177 3920 cibo
189 3883 196 3932 ;
210 3871 281 3935 potu
294 3871 482 3937 tantumque
495 3866 572 3922 mei⁹
584 3875 677 3922 torret
689 3865 829 3923 interiora
842 3883 1000 3938 compesce
1013 3864 1190 3934 flammam';
1203 3863 1262 3920 fes-

110 3951 193 4008 tinus
205 3951 332 4008 siceram
343 3950 362 3983 ¹⁰
375 3951 505 4009 afferens
518 3971 614 4027 egeno
628 3953 716 4010 dedit
735 3956 740 3967 “
755 3953 821 4022 Quo
835 3954 950 4021 hausto,
963 3953 1106 4008 humeros
1124 3960 1263 4007 curuatos

108 4055 230 4113 pauper
242 4038 337 4111 erigit,
351 4047 382 4094 et
394 4040 529 4113 sospitati
543 4041 676 4099 redditus
689 4040 799 4114 gratias
812 4041 869 4096 deo
887 4041 955 4112 egit.
1018 4026 1153 4098 Sanctus
1163 4047 1262 4095 autem

110 4127 217 4184 Ywius
236 4125 346 4184 timens
359 4144 397 4182 ne
415 4128 471 4184 sibi
489 4129 612 4186 humani
631 4137 752 4186 noceret
770 4145 842 4185 aura
860 4127 978 4198 fauoris,
996 4127 1122 4200 patriam
1141 4125 1263 4182 omnino
1276 4145 1309 4194 40

144 4251 154 4282 ¹
172 4251 201 4300 E.
214 4265 300 4314 capre.
367 4247 378 4277 ¹
395 4250 424 4300 E.
436 4253 580 4303 concendit.
646 4251 656 4280 ¹
672 4253 702 4301 T.
715 4252 744 4301 E.
757 4252 908 4302 insistendo.
976 4249 985 4280 ⁴
1002 4249 1135 4301 sumenda.
1204 4249 1215 4278 ⁸
1232 4250 1261 4302 E.

109 4317 227 4368 accessit.
300 4313 311 4346 ⁸
328 4331 352 4370 r,
364 4320 548 4380 prosternenti.
620 4316 631 4346 ⁷
644 4319 674 4368 T.
687 4319 804 4379 tinctum
826 4318 854 4368 E.
866 4317 983 4379 sumptis.
1050 4317 1060 4346 ⁸
1073 4317 1102 4366 E.
1115 4316 1263 4367 scissitntus.

109 4387 120 4416 ⁹
140 4399 160 4436 r.
173 4399 239 4432 mea.
305 4383 324 4413 ¹⁰
343 4386 371 4435 E.
386 4385 504 4436 cicerem.
