3012 4898
392 311 469 406 De
493 309 658 402 emto
683 309 941 414 &enorme
1165 335 1185 410 ³
1191 337 1233 412 51

66 521 130 572 est
150 531 221 572 eum
240 513 362 573 dicens:
383 513 520 572 ‘Gratias
531 515 590 572 deo
607 513 733 589 agimus,
746 513 797 589 qui
812 513 913 572 lumen
927 513 984 571 hoc
1001 513 1088 572 nobis
1106 512 1238 588 indignis
1293 551 1296 560 ·

66 603 122 660 de
144 610 237 675 gente
261 611 363 660 nostra
387 603 552 660 accendere
574 599 714 676 dignatus
741 602 841 660 estin
866 611 955 660 terra.
1002 601 1049 659 En
1068 612 1158 676 caput
1177 619 1238 659 om·

68 689 171 746 nium
189 698 335 760 nostrum,
348 707 387 747 en
403 689 539 764 pontifex
554 707 691 748 summus
704 690 830 748 multum
843 689 970 748 ecclesie
983 689 1031 746 dei
1046 690 1238 763 profuturus.²

71 765 173 838 Cum
185 786 285 835 autem
300 777 471 851 quindecim
485 788 567 836 esset
579 794 735 848 annorum,
748 777 867 836 ieiuniis
879 796 913 835 ac
923 778 930 809 ¹
942 777 1050 850 vigiliis
1069 777 1239 848 intendens,

71 881 162 938 sepe
180 865 310 923 biduana
328 865 439 922 ieiunia
457 865 591 923 faciebat
628 865 766 936 Quodam
779 867 828 922 die
845 865 896 922 ille
914 874 943 922 et
962 865 1106 938 magister
1124 867 1189 924 eius
1206 865 1238 922 in
1253 883 1267 933 5

71 953 238 1027 quandam
257 953 446 1028 questionem
464 953 554 1010 altam
575 953 752 1024 inciderunt,
773 953 857 1010 cuius
877 953 1119 1026 explanationem
1144 953 1237 1010 nulla·

73 1051 177 1098 tenus
200 1041 335 1114 reperire
359 1050 531 1116 potuerunt.
567 1040 653 1098 Tunc
679 1041 830 1114 Sampson
852 1039 970 1098 ieiuniis
992 1050 1021 1098 et
1042 1039 1171 1113 vigiliis²
1194 1039 1239 1096 in·

74 1129 208 1197 sistens,
226 1145 283 1202 per
295 1130 450 1187 dominum
470 1129 587 1202 rogauit
603 1127 681 1185 scire
693 1129 773 1202 quod
791 1146 847 1201 per
859 1127 1037 1202 magistrum
1055 1145 1117 1185 non
1136 1127 1239 1201 potuit

76 1216 165 1273 Cum
185 1226 285 1273 autem
308 1216 396 1274 tertia
420 1225 508 1274 nocte
532 1225 639 1285 oraret,
664 1216 807 1275 assistere
831 1216 888 1273 sibi
912 1215 986 1273 vidit
1010 1215 1107 1272 lucem
1133 1215 1240 1272 celitus

75 1303 238 1374 emissam,
263 1321 298 1361 ac
323 1321 427 1362 vocem
452 1303 565 1362 audiuit
589 1306 627 1361 de
652 1304 718 1361 luce
742 1303 874 1361 suauiter
898 1302 954 1362 sibi
980 1303 1146 1360 dicentem:
1174 1303 1285 1360 ‘Nero

78 1391 220 1465 fatigeris
241 1391 378 1464 amplius,
399 1392 494 1450 electe
516 1391 583 1462 dei;
610 1409 681 1449 ecce
703 1391 816 1448 etenim
837 1409 899 1449 non
923 1392 1021 1448 solum
1046 1391 1123 1448 hanc
1148 1407 1240 1464 ques-

78 1479 200 1536 tionem
220 1496 277 1552 pro
294 1478 372 1552 qua⁸
383 1479 503 1537 laboras
521 1481 724 1552 consequeris,
741 1479 796 1536 sed
809 1493 987 1553 quecunque
1005 1479 1129 1552 petieris
1146 1496 1164 1535 a
1182 1480 1240 1536 deo

78 1583 145 1640 per
167 1567 334 1624 orationem
355 1575 437 1623 tuam
461 1576 492 1624 et
512 1566 665 1636 ieiunium,
685 1565 894 1640 exigentibus*
912 1566 1027 1624 meritis
1049 1567 1108 1624 tuis
1133 1583 1240 1624 conse·

79 1653 208 1728 queris'
247 1642 333 1712 Dum
352 1653 461 1711 iratres
478 1655 517 1711 ad
536 1655 722 1727 purgandam
735 1672 868 1712 messem
880 1664 1052 1728 pergerent,
1066 1655 1188 1711 coluber
1200 1655 1238 1712 de

81 1742 164 1798 rubo
183 1741 310 1798 exiliens
332 1743 483 1815 quendam
503 1741 626 1798 fratrem
645 1742 806 1800 momordit
823 1742 854 1798 in
874 1742 1016 1816 inguine:
1041 1750 1071 1799 et
1090 1743 1238 1800 accedens
1255 1757 1284 1808 ¹5

82 1829 241 1902 Sampson
266 1829 387 1902 signum
411 1831 510 1887 crucis
534 1829 684 1902 imposuit,
709 1839 739 1887 et
760 1828 882 1887 fratrem
902 1829 1083 1887 incolumem
1102 1830 1240 1886 reddidit

82 1904 229 1973 Veniens
247 1926 348 1974 autem
366 1918 530 1990 episcopus
551 1916 713 1975 Dubricius
734 1919 772 1974 ad
791 1919 930 1975 abbatem
951 1916 1102 1985 Iltutum⁸,
1128 1917 1240 1990 Samp-

82 2020 196 2062 sonem
218 2004 378 2062 diaconum
398 2005 555 2075 ordinauit,
578 2014 607 2062 et
626 2021 685 2061 vna
710 2023 777 2062 cum
804 2005 912 2062 lltuto⁸
939 2005 1108 2062 columbam
1133 2005 1240 2062 celitus

82 2091 233 2149 emissam
250 2093 438 2150 descendere
455 2111 490 2150 ac
510 2110 602 2166 super
620 2093 823 2166 Sampsonem
840 2091 1034 2150 immobiliter
1057 2101 1138 2150 stare
1156 2091 1239 2149 vidit.

83 2179 219 2249 Quando
237 2182 317 2238 enim
340 2180 499 2254 episcopus
517 2197 640 2237 manum
661 2198 754 2254 super
775 2197 845 2237 eum
867 2180 976 2254 posuit,
991 2180 1041 2236 illa
1062 2181 1092 2236 in
1117 2180 1240 2253 scapula
1254 2195 1286 2231 πο

82 2266 234 2324 dextera⁷
246 2267 311 2325 eius
329 2268 496 2338 descendit,
515 2267 615 2341 ibique
632 2270 727 2326 donec
746 2268 878 2326 officium
897 2275 978 2326 essct
996 2275 1238 2325 consummatum

82 2353 209 2412 mansit.
245 2355 297 2412 Ab
315 2357 423 2413 eodem
444 2364 545 2412 autem
565 2355 708 2430 episcopo
728 2373 796 2413 cum
816 2356 847 2412 in
873 2357 1060 2414 sacerdotem
1084 2354 1240 2412 ordinatus

83 2449 180 2512 esset,
198 2443 279 2500 idem
297 2442 428 2516 signum,
444 2444 509 2500 eius
528 2442 729 2500 innocentiam
745 2445 920 2514 ostendens,
939 2445 1083 2517 apparuit.
1121 2443 1240 2513 Quanto

83 2528 172 2586 enim
189 2531 226 2586 ad
244 2529 388 2587 maiorem
405 2531 531 2604 gradum
544 2531 687 2601 ascendit,
699 2539 783 2588 tanto
795 2533 953 2589 arctiorem
965 2531 1057 2590 vitam
1072 2532 1195 2601 ducens,
1208 2531 1239 2588 in

83 2624 152 2674 tota
175 2618 235 2675 vita
259 2634 314 2675 sua
337 2617 450 2675 nullam
475 2635 597 2674 carnem
622 2635 747 2691 prorsus
771 2627 894 2692 gustare
917 2619 1018 2676 voluit.
1063 2607 1239 2678 Celerarius
1255 2636 1285 2688 ²5

84 2705 273 2777 monasterii,
286 2714 355 2779 post
367 2705 548 2763 auunculum
568 2723 656 2762 suum
677 2705 798 2763 lltutum
817 2707 1000 2764 monasterio
1012 2723 1138 2780 preesse
1150 2705 1239 2763 affec·

84 2801 168 2861 tans,
193 2793 247 2850 sed
278 2809 439 2851 successus
469 2810 634 2866 prosperos
659 2793 838 2867 Sampsonis
868 2802 1016 2862 metuens,
1041 2793 1239 2852 fortissimum

84 2897 241 2938 venenum
259 2881 394 2950 coniecit,
406 2889 437 2938 et
455 2880 654 2954 experimenti
673 2883 767 2954 gratia
784 2881 906 2938 animali
925 2881 1024 2939 dedit:
1044 2899 1104 2954 quo
1123 2881 1239 2950 hausto,

86 2968 199 3024 saltum
216 2965 437 3042 precip[it'em]⁸
450 2969 525 3026 dans
538 2968 696 3041 expirauit.
733 2968 902 3027 celerarius
915 2979 1015 3026 autem
1030 2987 1099 3026 cum
1117 2968 1239 3025 consilio

84 3056 224 3130 germani
236 3057 283 3114 sui
295 3058 326 3113 in
339 3056 461 3114 calicem
472 3056 566 3114 sancti
580 3056 759 3130 Sampsonis
772 3057 864 3116 ludit:
878 3059 958 3130 quod
971 3057 1020 3113 ille
1033 3056 1239 3129 perspiritum
1253 3073 1286 3123 30

86 3151 228 3201 sanctum
258 3144 439 3218 intelligens,
464 3153 494 3201 et
525 3153 629 3218 potum
653 3145 847 3215 benedicens,
871 3152 966 3202 totum
993 3145 1075 3212 bibit,
1105 3152 1136 3200 et
1166 3143 1240 3200 nihil

86 3231 215 3289 lesionis
237 3231 341 3290 sensit.
379 3232 452 3290 Post
473 3233 633 3305 prandium
653 3232 728 3290 dixit
749 3233 893 3290 celerario
912 3233 959 3290 vir
979 3231 1044 3289 dei:
1071 3231 1132 3288 ‘Mi
1148 3231 1240 3288 irater

87 3319 272 3389 dulcissime,
296 3329 384 3378 sanet
403 3329 434 3376 te
453 3321 529 3378 deus
550 3321 588 3377 ab
608 3320 690 3377 omni
711 3320 888 3394 egritudine,
907 3319 977 3394 quia
995 3337 1136 3394 magnam
1159 3319 1239 3376 saui-

87 3416 183 3465 tatem
195 3407 312 3482 corpori
326 3425 395 3466 meo
407 3409 547 3481 poculum
560 3409 650 3466 hodie
663 3408 735 3465 mihi
748 3417 919 3481 porrectum
932 3407 1067 3482 prebuit’
1100 3406 1154 3465 llle
1167 3424 1240 3465 vero

86 3495 120 3552 in
139 3495 338 3553 obstinatione
355 3497 526 3568 perdurans
544 3513 612 3552 curu
632 3495 681 3552 die
699 3495 847 3553 dominica
864 3513 980 3554 sacram
998 3496 1239 3553 communionem
1254 3515 1284 3565 35

87 3585 129 3642 de
154 3600 245 3640 manu
270 3583 449 3656 Sampsonis
474 3583 649 3656 susciperet,
673 3584 809 3641 diabolus
839 3601 908 3640 eum
940 3585 1089 3657 arripiens
1114 3585 1239 3642 multum

86 3689 202 3730 vexare
214 3671 301 3744 cepit.
338 3671 393 3728 Vir
399 3680 500 3729 autem
513 3671 561 3729 dei
575 3671 677 3729 dolore
694 3670 793 3729 fratris
805 3681 972 3730 commotus
985 3671 1075 3742 lleuit,
1088 3689 1197 3745 aquam
1209 3681 1240 3729 et

87 3760 191 3817 oleum
209 3758 362 3816 benedixit
380 3769 410 3816 et
428 3761 466 3816 ad
485 3761 649 3833 potandum
666 3759 755 3828 dedit,
771 3769 801 3818 et
816 3759 934 3816 sanitati
953 3759 1089 3818 restituit
1163 3748 1240 3816 ’Vir

87 3851 191 3922 itaque
203 3845 252 3904 dei
261 3855 353 3904 totam
366 3847 446 3905 diem
459 3848 601 3920 operibus
613 3864 756 3905 manuum
768 3864 889 3904 suarum
904 3857 933 3904 et
941 3847 1134 3917 orationibus,
1147 3855 1238 3903 totam

86 3953 164 3995 vero
176 3945 296 3992 noctem
308 3934 487 3992 lectionibus
500 3934 716 4008 scripturarum
729 3943 759 3992 et
772 3934 964 3992 meditatione
984 3935 1120 3991 ducebat
1159 3933 1196 3990 Et
1213 3933 1238 3990 si
1252 3954 1286 4004 40

87 4025 270 4100 quandoque
288 4031 321 4079 vt
340 4021 431 4079 homo
444 4022 601 4096 quiescere
620 4040 696 4095 opus
715 4022 848 4091 haberet,
866 4022 972 4095 parieti
991 4021 1148 4092 inclinans,
1161 4039 1239 4079 nun·

86 4129 181 4187 quam
199 4110 231 4167 in
249 4110 336 4180 lecto,
355 4109 504 4167 dormiuit.
589 4098 743 4183 Egrotans
763 4120 849 4184 pater
861 4127 935 4167 suus
953 4110 991 4166 ad
1010 4119 1147 4175 mortem,
1159 4109 1239 4166 affir-

86 4258 503 4385 »r'.²a'1illi'i²ra}u⁸iitlj²'
513 4259 574 4358 '⁵⁸5¹
567 4258 776 4376 latitia
787 4258 822 4375 af
830 4259 946 4374 litt?
947 4257 1240 4387 ἵνῑζέὲὲἔῗῖἕῗέἒῑ

87 4400 179 4442 teram.
244 4389 294 4441 ⁸T.
306 4391 335 4442 Ε.
345 4391 502 4456 precipuum.
570 4390 631 4444 ’ct
642 4390 697 4442 VB.
707 4389 813 4457 Invito,
823 4392 857 4440 he
869 4391 956 4442 leaves
968 4390 996 4442 S.
1008 4391 1069 4442 lltut
1080 4392 1120 4440 lor
1131 4391 1237 4443 spiro
