3008 4904
279 313 351 388 254
589 289 721 376 mila
746 285 936 390 fututum
961 285 1113 390 audiit·

277 489 407 548 exsoluit
417 487 436 548 ¹.
474 487 620 546 indicauit
639 489 729 546 etiam
744 488 802 547 illis
815 507 848 546 se
861 489 957 564 ipsius
976 489 1129 564 presentia
1147 507 1336 563 magnopere
1349 488 1428 546 velle

277 579 383 652 potiri:
402 586 466 634 tum
479 577 550 650 quia
565 577 651 634 senio
670 575 769 634 fessus
786 585 914 634 mortem
933 577 989 634 sibi
1008 577 1208 651 propinquam
1227 578 1353 646 sciebat,
1365 587 1429 632 tum

276 666 346 740 quia
365 665 494 740 regulari
512 664 743 722 conuersatione
758 681 813 722 sue
831 664 931 738 gentis
944 665 1026 722 viros
1039 683 1176 739 pereum
1189 665 1349 722 instituere
1369 665 1429 722 dis-

277 755 415 826 ponebat.
453 753 520 824 Quo
544 751 654 822 audito,
678 751 763 825 graui
788 769 907 808 merore
929 752 1046 823 deiecti,
1067 771 1126 810 non
1152 754 1299 810 audentes
1323 763 1428 810 tamen

249 841 420 910 evoluntati
439 839 580 898 antistitis
598 838 730 910 obuiare,
746 850 864 912 parent,
877 850 907 898 et
920 840 1022 897 debito
1040 858 1108 898 cum
1128 840 1242 898 honore
1260 842 1300 896 ad
1320 850 1428 896 nutum

277 929 407 1002 presulis
437 928 576 1000 dirigunt
620 927 793 1000 Antequam
824 937 925 984 tamen
962 927 1153 986 cantuariam
1183 927 1289 984 venire
1320 927 1428 1001 potuit,

277 1026 398 1074 sanctus
420 1016 488 1073 Odo
509 1015 643 1072 debitum
661 1014 760 1072 carnis
778 1014 908 1072 humane
930 1015 1063 1073 exsoluit
1073 1014 1090 1072 ¹.
1165 1003 1350 1073 Presidebat
1370 1015 1428 1070 illis

277 1105 384 1162 diebus
402 1101 606 1160 dorcestrensi
625 1101 751 1160 ecclesie
769 1103 890 1175 quidam
910 1102 1076 1160 Osketillus
1094 1103 1235 1161 nomine:
1254 1102 1306 1176 qui
1324 1103 1427 1160 audito

277 1193 394 1265 nepotis
418 1191 465 1248 sui
490 1189 623 1248 Oswaldi
648 1191 788 1259 aduentu,
814 1191 943 1264 benigne
972 1191 1105 1264 suscepit
1129 1191 1222 1258 illurn,
1246 1199 1277 1248 et
1303 1190 1425 1248 sincere

233 1297 265 1336 ro
276 1279 389 1350 dilexit,
411 1289 441 1336 et
465 1277 512 1334 sui
531 1277 639 1335 secreti
657 1277 811 1335 conscium
830 1277 906 1335 fecit
942 1277 1110 1351 Assumpto
1128 1280 1249 1336 tandem
1267 1281 1308 1336 ad
1327 1278 1426 1336 archi·

276 1367 481 1441 episcopatum
500 1366 714 1423 eboracensem
733 1365 890 1436 Osketillo‚
908 1375 1030 1424 sanctus
1050 1366 1226 1424 Dunstanus
1246 1367 1426 1424 Oswaldum

276 1455 340 1526 regi
360 1453 480 1526 Edgaro
496 1453 738 1510 commendatum
755 1453 931 1510 familiarem
949 1453 1048 1512 effecit
1067 1463 1097 1512 et
1113 1454 1195 1512 iussu
1208 1457 1289 1527 regis
1303 1454 1426 1527 Wigor-

276 1541 374 1598 niensi
405 1541 531 1598 ecclesie
562 1539 696 1614 prefecit.
787 1527 995 1614 Congregauit
1026 1551 1126 1600 autern
1158 1542 1321 1600 Oswaldus
1354 1543 1427 1598 duo

276 1628 374 1685 decim
411 1627 574 1684 monachos
605 1627 636 1683 in
666 1627 736 1684 villa
766 1627 888 1686 nomine
918 1628 1110 1702 Westbyri¹;
1141 1647 1218 1702 quos
1249 1629 1426 1702 frequenter

233 1737 262 1790 ¹⁵
276 1715 406 1784 visitare,
427 1714 540 1774 monita
565 1715 668 1772 salutis
692 1723 796 1772 eterne
821 1716 993 1774 ministrare
1015 1727 1046 1774 et
1066 1717 1224 1784 consolari,
1245 1727 1276 1774 et
1296 1717 1427 1782 ieiuniis,

276 1803 392 1877 vigiliis,
417 1813 447 1862 et
471 1803 654 1860 orationibus
679 1803 794 1860 solebat
819 1821 943 1877 operam
968 1806 1049 1862 dare.
1121 1793 1262 1862 ’Accidit
1287 1805 1372 1862 enirn
1397 1813 1426 1858 vt

276 1893 426 1949 Ailwinus
456 1907 558 1948 comes
588 1890 728 1948 diuturno
753 1908 787 1948 ac
812 1891 961 1950 laborioso
993 1891 1125 1950 cruciatu
1152 1893 1286 1966 podagre
1311 1894 1425 1965 pedum

276 1996 399 2036 suorum
418 1978 519 2036 multis
538 1977 686 2035 laboraret
704 1978 801 2034 annis.
839 1979 876 2036 Et
895 1997 964 2038 cum
983 1980 1132 2053 piscator⁴
1150 1981 1281 2054 quidam,
1301 1979 1425 2037 nomine
1486 2019 1487 2046 1

276 2065 419 2141 Wlfget⁸‚
443 2083 512 2124 cum
536 2065 674 2123 nauicula
697 2083 752 2122 sua
773 2083 890 2140 aquam,
911 2067 1187 2142 RamlmJesmere‘
1211 2080 1427 2142 nuncupatam,

231 2183 263 2222 20
276 2155 413 2227 piscandi
431 2154 526 2227 gratia
543 2155 581 2210 ad
599 2171 687 2211 vsum
706 2154 819 2211 domini
837 2154 884 2212 sui
903 2157 1019 2214 comitis
1037 2157 1195 2230 ingressus
1213 2165 1305 2224 esset,
1325 2167 1357 2214 et
1376 2155 1425 2213 diu

277 2242 386 2300 frustra
398 2243 546 2311 laborans,
561 2241 653 2298 nirnio
669 2241 750 2299 tedio
767 2243 904 2316 fatigatus
921 2246 1044 2302 tandem
1063 2245 1233 2302 obdormire
1249 2246 1352 2318 cepit:
1373 2243 1425 2302 Cui
1486 2299 1487 2320 ἦ

278 2341 399 2388 sanctus
419 2330 601 2388 Benedictus
620 2347 771 2403 apparens
790 2331 881 2390 dixit:
903 2333 1041 2389 ‘Aurora
1059 2350 1127 2390 cum
1146 2333 1322 2400 surrexerit,
1343 2343 1425 2389 tuum
1486 2321 1487 2407 i

277 2417 352 2476 eiice
370 2427 497 2492 tragum,
515 2426 547 2476 et
565 2417 746 2474 multitudini
766 2419 887 2493 copiose
905 2420 966 2478 voti
986 2437 1110 2493 compos
1130 2420 1267 2476 obuiabis
1288 2420 1426 2493 piscium.

277 2505 441 2579 Captorum
459 2523 578 2579 quoque
595 2505 723 2578 piscium
742 2507 895 2576 maiorem,
911 2507 1011 2576 haket,
1023 2507 1053 2564 id
1069 2517 1125 2576 est,
1141 2507 1261 2576 lucium,
1277 2519 1425 2572 vocatum,

232 2617 262 2668 ²5
277 2592 409 2650 Ailwino
424 2594 545 2650 domino
560 2602 612 2650 tuo
628 2611 696 2650 mea
715 2611 754 2650 ex
773 2603 858 2667 parte
876 2594 1019 2664 offerens,
1032 2595 1114 2652 dices
1128 2595 1155 2652 ei
1167 2603 1199 2650 vt
1211 2612 1312 2652 meam
1333 2597 1424 2652 dona-

276 2681 389 2738 tionem
412 2680 543 2754 benigne
565 2679 742 2754 suscipiens,
764 2681 814 2754 pie
836 2682 922 2738 matri
943 2682 1151 2740 misericordie
1174 2683 1270 2740 Marie
1295 2693 1326 2740 et
1353 2682 1424 2742 mihi

277 2769 477 2842 omnibusque
507 2769 600 2826 sacris
625 2766 790 2841 virginibus
820 2771 1035 2828 monasterium
1060 2771 1091 2827 in
1117 2771 1173 2828 hac
1197 2771 1297 2827 insula
1322 2789 1425 2829 mona·

277 2857 402 2914 chorum
432 2855 498 2912 sine
528 2855 668 2912 dilatione
699 2857 816 2913 studeat
844 2857 1006 2916 fabricare:
1034 2858 1249 2932 Scruteturque
1273 2861 1424 2932 quomodo

277 2953 363 3002 nocte
383 2943 413 3001 in
433 2943 530 3001 insula
549 2943 689 3000 animalia
706 2961 762 3000 sua
780 2943 965 3016 incumbunt,
987 2955 1017 3004 et
1037 2947 1088 3004 vbi
1110 2956 1227 3004 taurum
1248 2957 1423 3019 surgentem

231 3062 264 3112 ³0
277 3035 384 3090 dextro
413 3032 491 3105 pede
515 3030 622 3088 viderit
645 3041 758 3088 terram
788 3041 956 3105 percutere,
980 3033 1021 3090 ibi
1045 3051 1129 3091 ararn
1154 3033 1270 3107 erigere
1296 3034 1425 3092 festinet.

276 3120 377 3194 thue
390 3119 500 3176 certius
513 3117 571 3175 hiis
585 3119 660 3175 meis
679 3120 781 3176 credat
798 3121 955 3188 mandatis,
969 3121 1048 3179 hunc
1067 3131 1150 3178 tuum
1169 3121 1221 3178 tibi
1241 3123 1423 3180 exteriorem

275 3209 401 3266 incuruo
414 3206 546 3280 digitum,
557 3224 647 3280 quern
659 3215 689 3264 et
702 3206 777 3280 ipse,
788 3225 885 3264 moxa
896 3226 975 3266 nexu
989 3211 1122 3284 podagre
1135 3211 1258 3280 solutus,
1269 3210 1323 3268 tibi
1332 3213 1423 3285 erigat

276 3297 492 3370 reparandum!
529 3293 682 3368 Euigilans
695 3304 795 3352 autem
809 3296 960 3369 copiosam
974 3297 1102 3371 piscium
1115 3297 1339 3356 multitudinem
1356 3317 1424 3358 con·

276 3383 371 3449 clusit,
388 3383 590 3456 maioremque
607 3382 729 3441 domino
747 3401 802 3440 suo
821 3402 860 3441 ex
879 3393 964 3457 parte
983 3385 1078 3442 sancti
1098 3385 1218 3456 obtulit;
1237 3403 1299 3458 que
1311 3387 1424 3445 viderat

231 3497 262 3550 35
277 3480 306 3528 et
330 3471 463 3527 audierat
485 3471 644 3545 replicans,
663 3481 695 3528 vt
714 3471 840 3544 digitum
866 3489 953 3528 suurn
979 3471 1169 3530 incuruatum
1193 3473 1289 3544 erigat
1313 3475 1424 3532 obnixe

276 3557 399 3632 rogauit
435 3558 521 3615 Tunc
539 3559 689 3616 Ailwinus
706 3559 831 3631 digitum
844 3559 899 3614 viri
912 3560 1013 3616 manui
1033 3561 1189 3618 herentem
1208 3561 1325 3618 erexit:
1347 3573 1378 3620 et
1391 3563 1423 3619 ad

274 3646 404 3704 insulam
420 3656 451 3703 vt
469 3645 566 3719 potuit
587 3647 768 3720 properauit.
806 3646 942 3720 Cumque
960 3647 991 3703 in
1010 3647 1139 3704 insulam
1158 3647 1317 3720 ingressus
1334 3667 1354 3706 a
1373 3668 1424 3708 suo

276 3735 381 3792 rnorbo
394 3733 527 3808 perfecte
540 3743 659 3791 curatus
672 3734 786 3802 fuisset,
796 3740 899 3792 taurus
912 3736 950 3791 de
964 3735 1065 3792 medio
1077 3735 1250 3792 animalium
1260 3753 1424 3810 exurgens,

275 3834 387 3880 terram
402 3823 480 3896 pede
496 3821 692 3895 percutiendo
710 3822 808 3878 locum
823 3821 925 3878 altaris
939 3822 1133 3880 construendi
1150 3821 1293 3880 diuinitus
1313 3825 1424 3898 signifi·

230 3937 263 3986 ⁴0
276 3911 362 3969 cauit.
390 3910 500 3967 Comes
513 3926 586 3982 ergo
598 3910 687 3966 deum
700 3910 834 3974 laudans,
847 3908 1005 3968 confestim
1018 3909 1162 3966 truncatis
1174 3909 1264 3982 lignis
1277 3914 1424 3984 capellam

276 3998 316 4054 ibi
330 3997 504 4055 construxit.
541 3997 609 4053 Non
622 3997 716 4054 multo
728 4015 801 4053 vero
814 4005 883 4068 post
895 3996 1003 4054 comite
1017 3997 1148 4054 Ailwino
1164 3998 1283 4070 amplas
1302 4015 1424 4071 posses·

275 4086 378 4144 siones
395 4086 586 4156 concedente,
602 4094 725 4142 sanctus
744 4083 904 4142 Oswaldus
923 4083 999 4142 infra
1015 4085 1255 4158 quinquennium
1274 4087 1425 4146 edificauit

308 4224 316 4252 ¹
335 4225 365 4276 E.
377 4225 483 4276 exoluit.
560 4223 570 4253 ¹
586 4224 615 4275 T.
625 4224 757 4286 westbiry.
825 4222 835 4253 ³
852 4223 892 4274 Cf.
905 4223 999 4286 Edgari
1011 4224 1108 4274 Charta
1120 4223 1217 4274 fundat.
1230 4228 1385 4276 monasterii
1397 4227 1424 4276 de

277 4291 401 4367 Ramsey,
413 4291 439 4340 in
453 4291 564 4342 Monast.
576 4291 655 4354 Angl.
666 4292 689 4340 il.
702 4305 760 4353 557.
825 4288 836 4318 ⁴
854 4290 883 4339 E.
895 4290 1057 4354 piscatorum.
1126 4290 1137 4320 ὅ
1153 4289 1183 4340 E.
1196 4289 1296 4352 nget.
1371 4292 1381 4324 ⁸
1399 4293 1425 4343 E.

275 4371 439 4408 marcomere.
