3028 4894
244 269 318 361 458
557 263 688 351 tauta
713 259 904 364 litamina
927 259 1079 364 anglic.

244 481 352 520 omnes
373 463 552 524 vernaculos
574 465 682 521 domus
701 481 755 521 sue
774 462 944 537 specialiter
961 463 1074 520 dilexit.
1153 450 1278 521 Accidit
1295 463 1394 536 itaque

245 553 325 624 quod
344 552 424 609 idem
441 553 486 608 vir
502 563 571 609 voto
589 570 622 609 se
641 552 791 625 obligauit,
804 551 954 609 dominice
972 550 1123 625 passionis
1138 552 1261 608 visitare
1277 553 1393 607 locum:

245 639 411 714 disponens
424 640 527 698 domui
540 657 603 710 sue,
615 641 731 696 vocauit
744 657 850 696 seruos
863 657 935 696 suos
947 649 976 696 et
994 640 1114 697 tradidit
1130 640 1189 696 illis
1202 640 1305 697 omnia
1316 640 1396 694 bona

246 745 308 784 sua.
348 728 385 784 Et
397 727 497 784 audita
509 729 638 800 quadam
654 727 726 800 [die]
737 727 745 758 ¹
759 745 868 801 magna
880 745 948 784 cum
960 729 1122 786 deuotione
1135 729 1281 786 catholica
1293 727 1396 794 missa,

218 814 314 882 ,eiecit
332 815 389 872 sibi
407 825 439 872 vt
459 815 551 872 moris
570 825 617 872 est
637 815 865 888 peregrinorum
884 833 990 887 peram
1007 826 1039 872 et
1056 817 1193 872 baculum
1216 811 1396 877 consecrari,

245 911 276 959 vt
295 903 394 960 statim
417 903 667 976 proficisceretur,
688 920 748 958 non
768 903 911 976 ignorans
932 905 1074 976 quoniam
1095 921 1151 977 pcr
1173 904 1284 960 multas
1306 901 1397 957 huius

246 991 399 1048 mundane
418 991 628 1048 lachrimarum
647 991 734 1048 vallis
759 991 965 1048 tribulationes
991 1001 1108 1064 oportet
1133 1009 1189 1047 nos
1213 989 1339 1046 introire
1364 989 1395 1044 in

246 1095 373 1152 regnum
392 1079 542 1136 celorum:
568 1087 750 1151 acceptaque
768 1079 806 1134 ab
824 1077 905 1135 omni
928 1081 1035 1136 domus
1058 1096 1113 1136 sue
1135 1078 1246 1134 familia
1268 1077 1398 1144 licentia,

246 1166 446 1240 omnibusque
476 1175 537 1222 tam
561 1165 666 1222 vicinis
696 1183 786 1238 quam
817 1167 1050 1239 consanguineis
1073 1167 1254 1236 valedicens,
1279 1165 1398 1222 itineris

204 1275 235 1312 ιο
247 1253 386 1310 comitem
400 1253 515 1310 nullum
528 1269 631 1310 secum
641 1253 766 1310 adduxit
778 1263 881 1324 preter
891 1264 1182 1326 supramemoratum
1193 1253 1397 1321 inuenticium,

246 1341 277 1396 in
292 1358 361 1413 quo,
373 1350 516 1414 tanquam
533 1349 621 1413 pater
637 1340 831 1398 fidelissimus
847 1341 1061 1414 piissimusque
1078 1341 1107 1398 in
1126 1342 1187 1398 lilio
1203 1359 1259 1398 suo
1276 1341 1398 1408 carnali,

246 1429 425 1486 confidebat.
464 1428 535 1485 Erat
548 1438 647 1484 autem
661 1445 770 1484 nomen
784 1445 873 1485 seruo
887 1427 1057 1502 Cokermay
1067 1429 1192 1499 Doueni,
1201 1430 1282 1501 quod
1297 1429 1398 1501 lingua

247 1517 454 1574 Scotensium'
464 1517 651 1574 ‘inuentitius
663 1515 774 1574 Dauid'
784 1517 1006 1590 interpretatur.
1026 1517 1077 1574 Sic
1086 1517 1133 1576 vir
1140 1517 1397 1586 israelita,Christi

247 1604 382 1672 coheres,
401 1621 542 1678 egressus
561 1606 600 1661 de
618 1613 699 1662 terra
718 1613 747 1660 et
766 1605 805 1660 de
823 1604 1000 1677 cognatione
1019 1623 1083 1676 sua,
1103 1605 1220 1678 reliquit
1239 1605 1349 1662 iratres
1366 1615 1396 1660 et

204 1715 213 1752 t
219 1717 233 1766 5
248 1709 376 1762 sorores,
384 1692 616 1764 uniuersamque
630 1691 826 1749 substantiam
841 1709 936 1760 suam,
947 1702 980 1749 vt
993 1694 1168 1765 centuplum
1180 1695 1348 1766 acciperet:
1368 1704 1397 1749 ct

248 1779 398 1852 profectus
411 1789 458 1836 est
475 1779 584 1836 statim.
620 1779 826 1836 Transeuntes
842 1787 943 1837 autem
957 1781 1086 1853 primam
1103 1791 1133 1838 et
1150 1781 1316 1838 secundam
1329 1798 1398 1853 pro·

247 1866 385 1934 uinciam‚
403 1867 511 1940 viaque
531 1866 613 1940 regia
631 1885 687 1940 per
705 1867 847 1940 Angliam
867 1867 1049 1938 incedentes,
1067 1877 1216 1924 venerunt
1234 1870 1272 1924 ad
1290 1870 1398 1924 vrbem

250 1954 437 2024 Roli'enscm,
463 1972 523 2027 que
549 1955 705 2012 Saxonum
737 1955 838 2028 lingua
866 1954 1064 2012 Roliecestria
1093 1965 1293 2028 nuncupatur.
1343 1955 1399 2012 Est

247 2051 348 2099 autem
375 2043 463 2100 Roffa
494 2043 688 2116 municipium
712 2044 743 2098 in
768 2042 877 2099 Cancie
902 2043 1064 2116 prouincia,
1088 2061 1181 2117 super
1206 2043 1400 2116 Mcdweyam

205 2158 236 2196 ,ο
248 2147 368 2188 amnem
393 2131 506 2205 optimo
530 2131 596 2188 loco
621 2131 720 2199 situm,
740 2131 856 2188 distans
881 2133 919 2188 ab
942 2133 1016 2188 vrbe
1042 2131 1264 2188 Londoniarum
1286 2133 1400 2205 Anglic

249 2219 407 2292 metropoli
427 2219 532 2293 viginti
551 2229 678 2292 quatuor
695 2219 860 2276 miliaribus
877 2236 985 2276 versus
1005 2219 1230 2288 Dorobcmiam,
1244 2237 1304 2292 que
1324 2221 1401 2276 anti·

248 2306 348 2378 quitus
364 2307 544 2378 Kaerlrarcc,
556 2324 635 2364 nunc
648 2317 747 2364 autem
758 2306 916 2364 cantuaria
929 2318 1125 2380 nuncupatur.
1163 2307 1239 2364 Cum
1252 2319 1353 2364 autem
1368 2308 1399 2364 in

248 2395 321 2450 vrbe
340 2395 511 2468 supradicta
529 2405 718 2452 morarentur
735 2413 791 2468 per
808 2395 948 2466 triduum,
960 2405 1043 2452 artus
1061 2395 1174 2452 solutos
1185 2405 1217 2452 vt
1231 2397 1320 2467 quies
1332 2397 1399 2452 vsui

248 2481 358 2538 laboris
381 2492 468 2555 aptos
490 2483 646 2540 redderet:
673 2483 794 2539 intrauit
815 2484 957 2540 sathanas
979 2484 1010 2539 in
1031 2501 1083 2540 cor
1102 2483 1182 2540 serui
1206 2501 1347 2556 nequam,
1367 2495 1399 2540 vt

205 2593 235 2644 ²5
249 2569 377 2626 auaricic
396 2570 568 2626 deebriatus
586 2589 713 2640 veneno,
726 2581 854 2628 mortem
874 2571 995 2627 domino
1015 2588 1070 2628 suo
1088 2571 1209 2644 penitus
1227 2570 1401 2628 intentaret.

249 2655 401 2726 Querebat
420 2667 520 2714 autem
540 2657 688 2731 paricida³
707 2658 841 2732 proditor
856 2659 1088 2731 oportunitatem
1101 2666 1132 2714 vt
1147 2676 1218 2715 cum
1233 2659 1401 2732 perimeret

249 2744 315 2800 sine
342 2745 447 2814 turbis,
475 2762 514 2801 nc
542 2745 618 2802 sorte
646 2747 790 2802 tumultus
823 2746 908 2803 lieret
936 2745 967 2802 in
995 2747 1115 2820 populo.
1165 2745 1237 2803 Post
1265 2746 1399 2803 triduum

249 2831 440 2906 egredientes
459 2833 497 2888 ab
514 2835 587 2890 vrbe
603 2851 711 2891 versus
730 2833 928 2904 Cantuariam,
944 2851 1012 2890 cum
1033 2833 1093 2906 [ad]
1113 2835 1265 2907 quoddam
1285 2835 1400 2890 biuium

249 2921 469 2993 peruenissent,
483 2921 569 2978 beato
582 2921 735 2978 Willelmo
752 2923 833 2978 viam
851 2930 961 2978 rectam
979 2939 1104 2995 carpere
1120 2921 1241 2992 volenti,
1257 2939 1313 2995 pre
1331 2939 1401 2995 per·

205 3031 238 3080 30
250 3009 320 3065 fidia
330 3009 464 3080 proditor
474 3009 574 3081 pellax
586 3009 701 3080 [h]aut⁴
711 3011 805 3082 potuit
814 3009 1015 3082 acquiescere,
1025 3009 1079 3066 sed
1093 3009 1175 3065 illum
1186 3009 1306 3082 procaci
1315 3010 1399 3066 vultu

249 3096 416 3170 respiciens
440 3096 532 3154 dixit:
560 3097 616 3153 ‘Vt
640 3099 711 3170 quid
733 3097 781 3154 vic
803 3097 931 3171 perditio
954 3097 1028 3154 hec?
1064 3096 1104 3154 Vt
1123 3097 1195 3170 quid
1216 3097 1248 3152 in
1270 3115 1398 3154 uacuum

250 3183 453 3240 laborauimus
470 3183 550 3241 viam
569 3194 681 3241 rectam
700 3186 880 3253 deserendo,
892 3202 981 3258 quam
1001 3184 1076 3255 heri,
1091 3185 1163 3241 dum
1181 3185 1218 3241 ad
1238 3185 1401 3242 missarum

251 3271 331 3327 suisti
349 3271 502 3341 solemnia,
515 3273 553 3328 ab
571 3271 674 3328 incolis
689 3273 777 3329 huius
794 3273 948 3346 prouincie
962 3273 1069 3329 didicit
1106 3273 1195 3328 Absit
1206 3282 1238 3329 vt
1253 3290 1310 3346 per
1321 3273 1400 3329 viam

250 3375 340 3432 quam
351 3359 506 3415 desideras
518 3361 698 3432 gradiamur,
709 3377 747 3417 ne
756 3361 831 3418 sorte
839 3361 950 3434 aliquid
960 3362 1123 3417 aduersum
1133 3361 1220 3417 nobis
1230 3361 1401 3434 contingat*

206 3467 236 3517 35
252 3447 318 3503 Hec
331 3455 361 3504 et
378 3447 435 3503 alia
452 3448 604 3520 superllua
616 3466 780 3505 susurrone
793 3451 946 3520 suadente,
960 3465 1064 3505 secum
1076 3448 1244 3521 intrepidus
1257 3449 1403 3522 perrexit.

253 3533 400 3591 Euntibus
408 3544 507 3592 autem
517 3535 576 3592 illis
587 3553 643 3608 per
652 3537 748 3606 deuia,
754 3546 860 3593 nactus
868 3546 915 3593 est
924 3537 1078 3610 proposito
1088 3543 1209 3608 tempus
1218 3547 1401 3609 oportunum

252 3640 355 3680 scurra
372 3623 533 3680 subdolus:
555 3623 743 3697 securimque
757 3625 879 3681 vibrans
896 3624 1017 3698 spurius
1034 3632 1064 3680 et
1081 3625 1214 3696 degener
1230 3625 1402 3697 alumpnus,

251 3711 420 3785 piissimum
441 3718 557 3784 patrem
576 3721 606 3768 ct
627 3713 830 3785 peregrinum,
850 3711 1081 3786 penitentialiter
1099 3711 1352 3784 progredientem,
1370 3711 1401 3766 in

251 3799 375 3872 occipite
396 3798 553 3872 percussit,
572 3817 751 3873 percussum
766 3809 1007 3874 prostratumque
1026 3799 1204 3855 imbecillem
1221 3798 1403 3872 impiissime

206 3911 239 3960 40
252 3887 403 3961 iugulauit.
441 3886 551 3959 Sicquc
564 3903 660 3960 agnus
673 3885 819 3945 innocens
834 3889 873 3960 [a]
888 3889 959 3960 lupo
971 3887 1124 3956 laceratur,
1138 3887 1181 3942 sic
1197 3903 1327 3959 granum
1341 3887 1402 3942 iru-

252 3974 345 4032 menti
358 3975 470 4030 cadens
483 3973 514 4029 in
527 3983 638 4030 terram
652 3983 810 4045 mortuum,
820 3992 936 4032 necnon
949 3975 1126 4048 proditionis
1135 3991 1297 4046 opressum
1305 3975 1401 4047 palca,

252 4063 380 4120 multum
397 4061 525 4118 fructum
542 4061 645 4132 aliem
664 4061 707 4118 sic
720 4063 799 4119 beati
811 4063 956 4120 Willelmi
969 4062 1100 4135 spiritus,
1112 4079 1256 4135 egressus
1265 4063 1305 4118 de
1319 4072 1400 4119 tene-

253 4151 316 4208 bris
335 4160 365 4207 et
384 4151 490 4206 vmbra
508 4151 623 4219 mortis,
641 4149 768 4207 amictus
786 4159 834 4208 est
852 4151 965 4208 lumine
984 4151 1058 4207 sicut
1077 4150 1266 4220 vestimento,
1285 4158 1315 4206 et
1333 4148 1401 4224 quia

363 4343 439 4397 ¹om.
542 4319 773 4398 ’Escotentium
872 4344 929 4396 ⁸13.
946 4310 1075 4414 pancidtc
1174 4345 1231 4396 *Ε
1245 4352 1297 4398 aut.
