3054 4904
443 285 517 378 Ur
542 282 707 372 sautu
732 282 940 370 amano.
1198 307 1261 357 111
1345 213 1351 222 ι

116 505 212 562 vsque
228 487 317 545 hodie
335 487 443 560 ingens
461 486 503 544 ibi
520 486 656 543 fraxinus
671 495 803 554 ostensa,
820 486 851 542 in
871 485 1017 542 memoria
1030 485 1108 543 beati
1127 485 1267 545 Kenelmi

116 576 246 633 celebris
265 576 399 632 habetur.
436 575 521 631 Tunc
538 573 843 631 seuissimusartifex
861 574 979 647 longius
996 591 1123 646 puerum
1140 573 1268 644 abducit,

116 663 148 719 in
157 664 267 721 vallem
277 663 457 736 profundam
468 662 497 718 in
506 662 572 734 ipsa
581 662 664 732 silua,
675 662 780 718 Clento
787 670 931 718 vocatam.
951 661 1087 734 Cumque
1096 661 1105 692 ¹
1114 669 1268 734 tyrannus,

116 750 282 823 iniquitatis
306 750 396 819 filius,
422 752 544 807 diuersa
568 750 634 830 loca
659 758 775 808 secreta
799 750 936 806 cun'osus
960 757 1109 821 quereret,
1131 748 1173 804 sic
1199 765 1268 805 eum

116 838 275 911 increpare
287 837 446 895 videbatur
458 846 573 910 martyr
582 854 620 893 ex
630 855 704 893 voce
716 837 883 893 dominica:
905 836 1007 907 ‘Quod
1016 835 1099 905 facis,
1109 835 1154 892 fac
1167 835 1269 892 citius!
1283 853 1297 902 5

118 925 164 982 lbi
177 925 268 999 igitur
279 926 337 983 sub
349 927 457 982 arbore
469 925 574 997 spinea
586 933 675 996 caput
687 923 828 980 Kenelmi
841 923 998 996 septennis
1010 923 1181 991 absciditur,
1190 925 1269 996 quod

117 1012 186 1086 ipse
210 1014 348 1086 protinus
373 1014 508 1069 extensis
530 1011 673 1084 palmulis
698 1011 856 1084 excepisse
882 1019 1074 1068 memoratur.
1115 1011 1271 1068 Asseritur

117 1102 208 1157 etiarn
221 1101 301 1174 quod
314 1102 374 1156 iam
392 1100 587 1157 decollandus
600 1100 660 1156 ‘Te
672 1100 763 1156 deum
780 1100 948 1166 laudamus,
962 1108 992 1156 te
1009 1099 1165 1156 dominum
1178 1099 1270 1156 confi·

117 1191 246 1245 temur'·
260 1188 414 1260 inceperit,
439 1197 529 1260 atque
550 1189 581 1244 in
603 1187 654 1243 illo
678 1204 787 1244 versu:
820 1187 882 1244 ‘Te
905 1196 1071 1260 martyrum
1091 1187 1270 1244 candidatus

117 1277 219 1333 laudat
232 1275 399 1333 exercitus’
417 1274 566 1348 iugulatus
578 1275 758 1343 occubuerit,
772 1275 976 1332 sextodecimo
989 1276 1133 1338 kalendas
1142 1275 1269 1348 augusti
1286 1293 1316 1330 ιο

119 1364 203 1420 illico
217 1372 318 1420 autem
335 1363 445 1435 impius
458 1371 634 1435 persecutor
646 1379 750 1419 cesum
762 1362 955 1420 innocentem
973 1372 1053 1420 terra
1070 1364 1176 1432 obruit,
1189 1373 1219 1420 et
1232 1364 1269 1419 ad

117 1453 244 1510 domum
263 1450 389 1508 festinus
408 1450 504 1507 rediit.
544 1450 661 1508 Deinde
670 1451 689 1521 ²,
702 1449 752 1523 qui
771 1451 836 1506 celo
853 1459 930 1508 teste
946 1451 1122 1524 martyrium
1139 1451 1270 1524 pertulit,

118 1539 185 1595 celo
201 1547 277 1596 teste
296 1539 447 1595 reuelatus
465 1548 495 1595 et
514 1539 682 1595 declaratus
698 1537 760 1594 fuit.
799 1538 876 1595 Nam
891 1538 1003 1611 fulgida
1019 1539 1094 1596 lucis
1111 1540 1270 1611 columpna

118 1628 160 1682 de
183 1626 248 1683 celo
273 1643 365 1698 super
390 1627 488 1682 locum
514 1625 617 1694 effusa,
637 1625 742 1697 sepius
767 1635 889 1682 ostensa
911 1637 966 1684 est.
1004 1627 1102 1698 Quem
1127 1627 1207 1684 enim
1232 1628 1270 1683 ab

119 1716 253 1770 humana
277 1714 384 1770 noticia
409 1713 587 1770 abscidere³
611 1712 778 1770 nitebatur⁴
803 1713 1005 1771 inhumanitas
1032 1714 1161 1785 beluina,
1185 1714 1315 1783 illum15

120 1802 293 1858 hominibus
305 1801 451 1874 prodebat
463 1800 598 1874 pecualis
617 1801 777 1874 diligentia
816 1801 951 1858 Candida
967 1819 1097 1875 namque
1114 1803 1169 1859 bos
1181 1803 1270 1860 vidue

120 1891 277 1947 cuiusdam
292 1889 414 1962 pascuis
430 1889 541 1946 relictis
560 1889 687 1961 publicis
702 1890 740 1945 ab
758 1889 817 1945 alto
833 1898 936 1947 monte
948 1891 986 1946 ad
1004 1890 1142 1946 infimum
1160 1891 1270 1964 sepulti

121 1987 353 2034 monumentum
372 1978 521 2034 decurrit:
546 1976 755 2050 inseparabilis
773 1977 813 2033 ibi
833 1977 958 2046 adhesit,
978 1977 1054 2034 mira
1073 1978 1271 2035 oblectatione

120 2063 265 2121 diuinitus
289 2073 413 2121 attracta
437 2074 467 2122 et
490 2065 596 2135 illecta,
616 2073 648 2121 vt
667 2065 777 2122 nullius
796 2065 867 2122 inde
888 2065 1029 2121 instantia
1047 2065 1137 2121 auelli
1157 2075 1271 2139 posset.

122 2151 271 2222 Quotiens
291 2169 364 2208 vero
386 2153 423 2209 ad
448 2153 571 2208 domum
595 2153 718 2209 reducta
742 2152 847 2222 extitit,
866 2160 961 2209 totum
985 2161 1154 2209 armentum
1178 2154 1271 2225 duplo
1287 2171 1317 2208 ao

120 2238 211 2296 lactis
224 2239 309 2312 copia
321 2241 496 2312 superabat,
508 2249 569 2297 tam
583 2239 695 2296 salubri
712 2239 791 2297 circa
808 2249 942 2297 sanctam
959 2240 1077 2313 glebam
1089 2241 1272 2312 ,pascebatur

121 2327 218 2384 herba
230 2337 260 2386 et
275 2327 379 2401 gratia.
417 2327 555 2401 Miroque
574 2329 663 2384 modo
681 2330 762 2400 quod
780 2329 902 2401 vesperi
919 2329 1078 2385 detonsum
1097 2337 1169 2398 erat,
1183 2345 1272 2385 mane

122 2415 325 2472 abundantius
346 2415 519 2472 inueniebat
527 2413 546 2472 ⁵.
596 2414 677 2472 Hinc
701 2424 803 2472 autem
827 2416 912 2473 locus
935 2415 1016 2473 idem
1042 2420 1145 2474 ‘vacce
1168 2415 1271 2474 vallis’

120 2501 267 2576 appellari
293 2503 456 2560 consueuit
539 2490 654 2575 Empto
679 2502 862 2574 Quendreda
883 2521 939 2577 per
957 2502 1151 2560 fratricidium
1176 2520 1271 2576 regno

122 2591 225 2664 potita,
238 2591 288 2646 tali
307 2590 405 2648 edicto
419 2607 526 2648 omnes
541 2593 647 2647 terruit
661 2599 693 2648 vt
709 2590 817 2663 siquis
836 2590 1019 2648 Kenelmum
1040 2592 1206 2663 requireret
1223 2591 1271 2648 vel
1287 2601 1317 2652 ²⁵

123 2678 277 2747 indicaret,
300 2679 350 2735 vel
374 2679 463 2735 etiam
488 2679 526 2735 de
551 2696 588 2735 eo
612 2678 713 2736 verbis
738 2687 887 2749 tractaret,
912 2678 978 2736 sine
1003 2678 1144 2736 dilatione
1174 2679 1272 2752 capite

122 2765 233 2839 plexus
258 2765 387 2838 penam⁸
406 2767 524 2839 patiens
548 2766 644 2823 lueret
653 2766 672 2826 ⁷.
709 2766 824 2824 Verum
849 2765 1033 2840 prefulgida⁸
1057 2767 1187 2837 lucerna,
1212 2784 1272 2840 que

123 2853 335 2910 obfuscabatur
346 2853 378 2910 in
397 2853 516 2926 Anglia‚
530 2853 638 2910 clarius
656 2855 775 2912 emicuit
794 2855 825 2919 in
843 2872 911 2912 arce
928 2853 1032 2911 mundi
1051 2853 1158 2910 Roma.
1195 2853 1272 2914 Nam

123 2957 194 2998 cum
215 2939 278 2997 Leo
300 2959 380 3014 papa
398 2941 498 2998 iunior
515 2941 676 2998 missarum
699 2941 835 3000 solennia
854 2943 1026 3012 celebraret,
1046 2959 1117 2999 ecce
1136 2941 1274 2998 columba

123 3045 218 3102 super
239 3029 339 3085 niuem
359 3030 487 3086 candida
509 3029 609 3101 palam
634 3029 782 3106 apparuit,
804 3029 907 3102 [que]⁸
927 3029 1046 3087 niueam
1066 3029 1272 3086 membranam
1287 3039 1320 3090 3⁰

124 3117 226 3173 aureis
247 3117 353 3174 litteris
377 3115 494 3189 anglice
515 3116 692 3188 inscriptam
716 3127 813 3174 rostro
834 3117 937 3174 ferens
961 3133 1054 3190 super
1077 3116 1169 3173 altare
1194 3117 1273 3174 beati

125 3203 209 3260 Petri
232 3204 379 3276 deposuit,
403 3213 434 3261 et
458 3204 612 3261 abscessit
658 3203 740 3276 Papa
762 3222 835 3262 vero
859 3222 928 3262 cum
951 3213 1083 3260 tremore
1108 3203 1274 3276 respiciens

124 3309 237 3348 nouam
253 3291 390 3348 cedulam
406 3291 516 3364 ignotis
528 3292 631 3348 verbis
647 3309 681 3348 ac
695 3293 802 3349 litteris
821 3292 941 3360 editam,
954 3291 1073 3364 populis
1086 3290 1274 3349 diuersarum

124 3381 282 3436 nationum
297 3380 531 3436 demonstrauit:
552 3379 630 3435 inter
648 3397 725 3452 quos
743 3388 829 3436 erant
844 3379 962 3452 Anglici
981 3395 1098 3436 sacram
1117 3378 1274 3451 epistolam

124 3471 273 3540 legentes,
283 3466 374 3523 talem
382 3466 658 3539 interpretationem
668 3466 872 3524 continentem
885 3487 891 3524 :
912 3467 964 3524 ‘ln
977 3465 1082 3524 Clento
1095 3483 1186 3524 vacce
1198 3467 1274 3524 valle
1289 3479 1320 3533 35

124 3556 203 3613 iacet
222 3555 392 3612 Kenelmus
411 3555 513 3627 regius
530 3563 626 3624 natus,
639 3554 696 3611 sub
707 3553 726 3586 ¹⁰
742 3553 830 3626 spina
842 3553 940 3626 capite
954 3563 1108 3610 truncatus
1116 3554 1153 3612 ¹¹.’
1189 3553 1274 3610 Tunc

126 3659 217 3719 papa,
235 3643 402 3716 postposito
422 3641 621 3700 feminearum
640 3643 789 3698 minarum
813 3650 938 3712 terrore,
960 3641 1049 3698 mittit
1073 3659 1141 3698 cum
1166 3641 1275 3715 Anglis

126 3731 269 3789 fidelibus
287 3730 432 3804 legatos¹²
450 3719 617 3787 cardinales
635 3747 704 3786 cum
719 3729 826 3785 litteris
843 3739 873 3786 et
890 3737 1040 3803 potestate
1057 3729 1219 3802 apostolica
1237 3730 1275 3785 ad

125 3819 388 3892 archiepiscopum
406 3817 592 3875 Dorobernie
605 3817 779 3874 Wilfridum
796 3826 974 3890 ceterosque
989 3815 1147 3889 pontifices
1162 3815 1276 3888 Anglo·

126 3924 204 3976 rum,
217 3907 358 3980 quatinus
370 3909 408 3962 de
422 3905 545 3979 indigno
557 3904 680 3962 latibulo
689 3905 720 3961 in
733 3905 891 3962 ecclesiam
904 3913 1069 3978 martyrem
1079 3902 1277 3960 transferrent
1291 3917 1324 3966 4⁹

160 4101 215 4151 ¹E.
230 4099 329 4161 Coque.
429 4097 487 4146 'al
502 4098 626 4160 Denique.
725 4095 785 4146 ⁸a1.
800 4096 966 4145 abscondere.
1074 4092 1130 4142 ⁴E.
1144 4092 1277 4144 vitebatur.

125 4168 136 4198 ⁵
152 4169 186 4218 al.
199 4165 387 4215 inueniebatur.
503 4161 513 4190 ¹
530 4164 559 4212 E.
571 4163 663 4226 capitis
674 4161 709 4225 pl.
723 4177 804 4224 pena:
821 4162 850 4212 T„
864 4162 948 4224 capite
960 4160 994 4223 pl.
1007 4175 1108 4222 penam.
1224 4157 1233 4185 ²
1249 4159 1277 4209 E.

127 4235 218 4288 luerit;
235 4232 269 4281 al.
281 4230 364 4292 capite
376 4229 536 4292 plecteretur.
614 4228 669 4277 ’Β
683 4228 832 4290 perfulgida.
911 4229 987 4275 ’om
1065 4225 1085 4256 ¹⁰
1102 4225 1134 4273 al.
1148 4224 1212 4273 iacet
1223 4225 1277 4275 sub.

122 4299 145 4345 ,Π
161 4299 197 4349 ht
219 4299 264 4346 the
283 4298 391 4354 bottom,
409 4295 437 4346 T.
455 4295 527 4357 gives
544 4295 589 4343 the
607 4294 716 4356 English
733 4301 803 4344 text:
822 4293 864 4358 (ln
884 4292 972 4342 Clentl
994 4291 1112 4341 con-dale
1131 4291 1214 4340 under
1229 4307 1278 4340 ane

127 4367 222 4416 meme
233 4365 265 4412 lis
278 4361 390 4411 Keuelm
401 4361 494 4424 kyngis
505 4361 568 4410 barn
580 4360 664 4410 bcued
675 4361 798 4422 byreued.
897 4357 916 4386 ¹²
933 4359 964 4409 E.
975 4357 1074 4420 ligatos
