3054 4904
407 286 481 380 Da
506 282 669 374 santo
695 283 931 394 adamam

223 659 248 720 il
270 646 324 717 Da
343 675 458 719 seuero
477 647 662 720 Yraauaao
681 677 824 718 sarscoro
843 677 880 718 rr
898 660 1109 718 concussores.¹

150 821 236 880 Auca
255 822 312 880 de'
331 822 481 880 miraculis
496 824 575 880 beati
594 822 747 880 Ythamari
764 823 945 881 venerabilis
962 823 1104 898 episcopi,
1121 843 1180 898 que
1195 825 1242 882 vel

187 909 245 982 ipsi
269 910 401 967 vidimus
423 911 472 968 vel
503 913 541 967 ab
572 911 637 968 aliis
666 911 726 968 fida
754 911 899 968 relatione
928 911 1108 985 accepimus,
1136 911 1243 970 litteris

93 998 240 1055 mandare
265 999 446 1069 curabimus,
464 1007 496 1056 vt
520 999 550 1056 in
576 999 712 1056 notitiam
733 1001 944 1072 veniens'per
964 1000 1156 1057 deuotionem
1181 1003 1243 1056 ani·

91 1103 211 1142 marum
224 1086 311 1142 saluti
324 1086 469 1158 proficiat,
482 1087 562 1158 quod
577 1086 778 1144 exterioribus
796 1089 891 1160 signis
907 1089 946 1144 de
963 1088 1042 1144 beati
1054 1087 1110 1144 viri
1129 1087 1244 1144 meritis

90 1173 192 1246 pietas
210 1191 344 1246 superna
365 1174 504 1231 declarat.
541 1173 623 1234 Sane
645 1174 683 1231 de
703 1175 877 1247 temporalis
898 1175 957 1231 vite
981 1175 1047 1232 eius
1071 1176 1150 1233 serie
1172 1174 1272 1236 nihils

91 1259 182 1318 nobis
212 1269 348 1318 veterum
381 1261 534 1333 diligentia
568 1261 697 1332 tradidit,
728 1271 855 1335 excepto
886 1281 923 1318 eo
952 1264 1033 1335 quod
1062 1262 1244 1320 venerabilis

90 1347 245 1420 presbiter
269 1347 353 1406 Beda
376 1350 408 1406 in
433 1348 556 1406 historia
580 1367 635 1406 sua
658 1349 837 1422 Anglorum,
861 1349 954 1406 breue
979 1349 1143 1407 sanctitatis
1170 1350 1244 1420 eius,

91 1436 187 1491 immo
207 1434 362 1492 sufficiens
378 1436 511 1493 breuiter
528 1436 732 1492 testimonium
751 1437 890 1506 reddidit,
907 1438 965 1494 hiis
982 1438 1100 1495 verbis:
1127 1437 1179 1494 ‘ln
1197 1454 1245 1494 ec-

90 1522 195 1592 clesia,
218 1521 323 1596 inquit,
348 1523 471 1581 roffensi
498 1525 603 1580 beatus
634 1523 777 1580 Paulinus
806 1525 938 1582 moriens
966 1525 1098 1598 pallium,
1123 1527 1202 1598 quod
1228 1543 1247 1586 a

90 1627 219 1666 romano
238 1627 317 1683 papa
336 1620 519 1683 susceperat,
537 1610 663 1684 reliquit.
702 1610 736 1667 ln
755 1611 840 1668 cuius
859 1612 957 1668 locum
977 1611 1132 1669 Honorius
1149 1613 1244 1670 archi·
1262 1623 1291 1659 10

91 1696 258 1770 episcopus
270 1697 418 1778 ordinauit
430 1697 636 1769 Ythamarum,
649 1698 810 1756 oriundum
827 1699 948 1772 quidem
961 1700 999 1756 de
1012 1709 1103 1773 gente
1116 1700 1245 1758 Cantua-

90 1785 217 1854 riorum,
225 1787 280 1842 sed
287 1786 347 1842 vita
359 1794 389 1842 et
401 1787 568 1843 eruditione
581 1787 645 1843 suis
656 1787 897 1844 antecessoribus
907 1789 1079 1859 equandum
1087 1787 1105 1843 ⁸.
1130 1787 1245 1844 Verum

91 1873 131 1929 ad
162 1871 327 1930 intimanda
355 1873 444 1930 buius
471 1874 565 1930 sancti
596 1874 703 1930 merita
727 1875 798 1947 quid
830 1875 931 1931 multis
958 1875 1059 1932 verbis
1088 1892 1165 1947 opus
1190 1884 1244 1944 est,

91 1961 215 2034 quando
237 1969 267 2017 et
289 1962 394 2018 crebra
411 1961 553 2018 virtutum
575 1962 709 2035 operatio
728 1962 821 2018 fidem
843 1962 930 2019 dictis
950 1962 1086 2018 conciliat
1094 1961 1113 2031 ⁸,
1135 1971 1165 2018 et
1186 1963 1245 2018 iam

93 2048 176 2106 sama
192 2047 365 2121 diuulgante
384 2066 494 2106 nomen
510 2049 576 2106 eius
596 2049 771 2106 dulcifluum
787 2049 885 2106 fidelis
900 2049 1131 2122 circumquaque
1150 2067 1245 2122 popu·
1262 2061 1290 2119 ¹5

91 2137 142 2192 lus
172 2136 248 2192 mira
273 2136 432 2194 deuotione
463 2137 691 2194 concelebrat⁴i
764 2124 923 2210 Tempore
954 2139 1035 2194 enim
1065 2137 1245 2194 venerabilis

93 2223 272 2297 Gundulphi
298 2225 440 2298 episcopi,
465 2227 606 2281 innouata
630 2223 754 2281 roffensi
778 2224 914 2294 ecclesia,
935 2224 1042 2282 beatus
1064 2224 1246 2282 Ythamarus

92 2312 214 2368 deloco
227 2311 278 2367 vbi
296 2312 380 2384 prius
395 2313 531 2384 sepultus
550 2312 655 2379 suerat,
672 2311 703 2368 in
723 2313 875 2370 excelsam
893 2314 1043 2385 quandam
1064 2315 1246 2370 testudinem

92 2400 131 2456 ad
145 2397 319 2472 aquilonem
332 2400 531 2472 transpositus
543 2409 598 2457 est.
637 2399 708 2456 Erat
720 2409 821 2457 autem
834 2399 864 2456 in
881 2400 1007 2458 ecclesia
1019 2401 1069 2457 illa
1081 2401 1246 2458 monachus

93 2487 226 2559 quidam,
239 2487 285 2544 vir
297 2505 394 2546 senex
407 2497 437 2544 et
450 2488 560 2546 eximie
575 2487 749 2558 sanctitatis,
763 2487 886 2544 cecitate
899 2505 1079 2560 percussus:
1102 2489 1175 2562 [qui]
1185 2488 1196 2520 ³
1208 2490 1245 2546 ad
1261 2504 1292 2538 20

93 2577 231 2632 tumbam
251 2576 346 2632 sancti
365 2575 519 2632 Ythamari
538 2593 607 2632 cum
629 2575 781 2632 lachrimis
800 2584 830 2632 et
849 2576 961 2648 gemitu
979 2594 1087 2649 preces
1106 2577 1246 2647 fundens,

93 2664 254 2722 exauditus
274 2673 327 2720 est.
366 2664 442 2720 Nam
462 2673 549 2720 nocte
568 2665 599 2720 in
617 2663 754 2736 sompnis
766 2663 813 2719 vir
831 2663 933 2722 habitu
952 2666 1078 2722 candido
1097 2676 1127 2722 et
1146 2666 1246 2739 splen-

94 2753 170 2808 dore
182 2751 283 2808 vultus
300 2752 411 2809 eximio
426 2751 453 2809 ei
471 2752 570 2822 astitit,
583 2751 689 2809 dicens
708 2770 742 2809 se
758 2753 796 2808 ad
817 2752 979 2809 clamorem
999 2753 1064 2809 eius
1080 2763 1246 2820 euocatum,

93 2849 125 2895 vt
145 2840 203 2896 sibi
222 2840 403 2910 mederetur,
421 2840 550 2898 adesse:
579 2849 610 2897 et
628 2840 730 2896 oculos
748 2857 839 2896 manu
860 2849 997 2913 tangens,
1016 2840 1148 2912 perfecte
1166 2841 1246 2897 sani·

94 2927 147 2984 tati
168 2927 306 2984 restituit
343 2927 410 2998 Quo
434 2928 543 2998 audito,
565 2929 726 3000 episcopus
750 2929 845 2984 sancti
870 2927 1025 2984 Ythamari
1050 2928 1190 3001 reliquias
1215 2928 1245 2988 in
1263 2941 1291 2990 25

94 3015 309 3089 presbiterium
341 3016 455 3086 referri,
480 3024 511 3072 et
536 3015 568 3072 in
600 3016 663 3072 loco
695 3015 859 3072 decentiori
889 3017 1007 3073 thecam
1039 3016 1246 3073 inestimabilis

94 3103 240 3174 thezauri,
257 3104 308 3160 vbi
326 3105 441 3161 cunctis
458 3113 539 3162 esset
557 3105 749 3170 accessibilis,
762 3105 851 3160 locari
867 3105 1009 3176 precepit.
1047 3104 1113 3174 Quo
1132 3105 1163 3161 in
1182 3105 1246 3161 loco

97 3192 228 3250 fideliter
244 3193 465 3265 postulantibus
478 3201 633 3265 prestante
646 3193 704 3249 deo
720 3193 882 3248 multarum
899 3192 976 3249 sacta
992 3200 1063 3249 sunt
1079 3202 1108 3249 et
1126 3202 1247 3250 ostensa

95 3280 183 3354 signa
206 3281 357 3336 virtutum.
432 3268 598 3354 Egrotabat
622 3279 730 3337 mulier
760 3280 890 3354 quedam
914 3280 945 3336 in
973 3280 1100 3349 ciuitate,
1125 3289 1155 3336 et
1184 3292 1246 3338 erat

96 3367 243 3441 languor⁸
267 3367 456 3436 fortissimus,
477 3368 518 3424 ita
541 3379 573 3424 vt
597 3368 648 3424 vix
672 3369 703 3424 in
728 3386 765 3425 ea
789 3367 958 3425 anhelitus⁷
983 3378 1161 3426 remaneret.
1209 3368 1246 3426 Et
1261 3384 1293 3431 30
1321 3375 1325 3382 '

96 3473 166 3512 cum
188 3455 310 3511 beatum
332 3454 528 3512 Ythamarum
546 3456 709 3525 inuocaret,
728 3455 867 3529 apparuit
886 3455 914 3514 ei
932 3473 1041 3529 sopore
1060 3455 1248 3530 [depresse]⁸

95 3541 219 3600 dicens:
240 3542 347 3614 ‘Vade,
367 3543 471 3616 inquit,
487 3544 524 3600 ad
539 3543 638 3600 locum
650 3544 699 3600 vbi
717 3544 881 3617 requiesco,
894 3552 925 3600 vt
941 3544 1066 3600 salutem
1085 3544 1124 3600 ibi
1142 3562 1246 3601 conse-

95 3633 216 3703 quaris!
254 3630 309 3687 Cui
330 3649 398 3689 cum
420 3631 627 3704 respondisset
635 3633 653 3700 ⁹,
675 3648 729 3703 pre
754 3631 925 3688 infirmitate
950 3649 985 3687 se
1008 3632 1038 3688 id
1063 3631 1162 3688 faeere
1185 3649 1247 3688 non

96 3737 198 3791 posse,
219 3719 336 3786 iterum,
358 3737 392 3775 ac
417 3721 511 3789 tertio,
538 3720 653 3776 eisdem
677 3729 724 3776 est
745 3719 846 3776 verbis
870 3719 1029 3775 admonita
1067 3719 1154 3788 Quod
1179 3736 1246 3776 cum

96 3805 226 3876 iecisset,
244 3805 379 3863 sanitatis
400 3823 525 3863 munere
535 3805 555 3838 ¹⁰
573 3808 689 3876 donata,
708 3808 798 3863 deum
817 3807 848 3862 in
868 3815 972 3864 sancto
992 3823 1047 3864 suo
1064 3806 1247 3880 glorificauit.
1262 3820 1291 3868 35

99 3883 235 3951 Maritus
247 3894 384 3950 eiusdem
397 3893 532 3950 mulieris
547 3903 614 3966 post
629 3895 685 3950 hec
703 3894 812 3950 decidit
828 3896 860 3949 in
873 3894 1065 3966 languorem:
1085 3902 1196 3950 etcum
1209 3895 1246 3950 ad

97 3983 219 4040 beatum
240 3981 436 4040 Ythamarum
457 3999 564 4056 preces
582 3982 716 4052 fudisset,
732 3983 861 4055 quadam
877 3991 965 4040 nocte
982 3981 1012 4038 in
1033 3980 1160 4038 extasim
1179 3999 1246 4055 rap-

129 4173 138 4203 ¹
156 4174 204 4224 Ed.
220 4175 246 4223 in
261 4175 318 4224 Act
334 4175 382 4223 SS.
399 4173 465 4224 Boll.
479 4173 548 4234 June
566 4173 598 4224 11.
616 4190 641 4236 p.
656 4189 712 4237 291.
745 4175 878 4236 Abridged
894 4173 958 4223 from
975 4172 1205 4222 llir.S.1tbamari
1222 4176 1246 4222 in

98 4239 536 4303 MS.Corp.Cbr.Coll.Cbr.161.
602 4239 799 4290 ¹E.Pancade.
836 4239 1009 4301 Bed.ll.ao;
1028 4238 1128 4301 111.14.
1190 4240 1247 4290 ’Β

97 4307 222 4355 consiliat.
309 4306 367 4356 ⁴E.
380 4306 580 4356 concelebratur.
662 4305 738 4354 'om
819 4305 874 4356 ‘'l'.
888 4306 985 4368 langor.
1063 4302 1118 4355 ἵΤ.
1127 4306 1245 4358 anelitus.

96 4369 200 4434 'soT.,
210 4387 260 4424 om.
270 4372 297 4421 in
310 4372 339 4422 E.
405 4371 461 4420 lli.
474 4371 648 4434 respondisse.
718 4371 734 4403 ¹⁰
751 4371 780 4422 E.
794 4372 903 4423 muneri.

650 4481 699 4522 62
