3008 4904
273 281 344 372 248
581 279 713 366 mota
738 275 929 380 umus
953 275 1105 380 turta

270 477 343 622 Lecti
374 479 524 538 sermonis
554 479 713 538 modulus¹
744 481 838 548 datur,
868 477 922 552 [et]
954 477 1063 536 edendi
1094 477 1302 536 insmrmenta
1340 477 1433 534 bbere

300 566 443 640 rgiuntur.

706 715 731 776 ll
746 713 826 770 Atra
839 729 953 770 tremo.

310 807 491 896 languidus
515 821 635 896 quidam
654 817 765 892 quem⁸
786 817 953 873 inueterata
974 819 1111 892 paralisis
1131 821 1305 880 diutissime
1330 823 1432 878 incur-

271 911 369 978 uabat,
382 911 540 983 aliquando
553 928 592 968 ex
605 907 768 980 longinquo
780 906 819 960 ad
832 903 1080 980 Cesarisburgum
1094 925 1177 968 more
1189 929 1267 982 vage
1281 909 1431 968 mendici·

244 1021 259 1070 5
273 998 341 1054 tatis
354 998 506 1068 aduectus,
519 1006 639 1056 coactus
651 1003 699 1052 est
710 991 882 1066 vrgen[te]³
899 991 997 1049 inedia
1010 1005 1078 1066 post
1093 997 1185 1054 breue
1205 997 1341 1054 dimisso
1362 999 1432 1054 hos·

273 1085 351 1157 picio
369 1087 408 1142 ad
426 1095 544 1158 portam
563 1082 772 1156 languidorum
790 1098 825 1137 se
843 1079 1016 1148 transferre,
1035 1081 1094 1138 illic
1117 1102 1184 1140 cum
1204 1086 1320 1142 ceteris
1340 1083 1431 1142 victui
1477 1116 1478 1178 l

274 1190 329 1228 suo
348 1173 518 1230 necessaria
536 1170 747 1228 mendicatum.
785 1167 885 1224 Huius
904 1185 993 1240 quern
1015 1169 1148 1227 diximus
1166 1171 1312 1245 languidi,
1334 1189 1431 1229 mem·
1478 1216 1479 1266 1

273 1261 395 1316 brorum
420 1269 521 1317 tantus
545 1268 649 1331 stupor
673 1255 764 1312 vitam
788 1271 911 1310 omnem
935 1264 965 1311 et
989 1273 1115 1314 sensum
1139 1260 1259 1330 ademit,
1282 1261 1370 1334 quod
1395 1259 1433 1314 ad

274 1347 376 1420 ignem
389 1347 535 1422 applicata
548 1362 647 1418 neque
659 1342 739 1399 vim⁴
753 1341 879 1412 ardoris,
888 1360 943 1398 nec
957 1341 1036 1400 ferro
1050 1345 1168 1402 confixa
1180 1347 1299 1404 cruoris
1313 1349 1430 1404 exitum
1479 1316 1480 1364 ¹

231 1457 261 1494 ro
275 1445 324 1492 aut
337 1434 497 1492 cruciatum
511 1433 641 1506 aliquem
654 1429 833 1488 sentiebant.
870 1429 963 1486 Cuius
976 1430 1106 1504 denique
1120 1433 1317 1506 notorilam]³
1334 1436 1430 1492 imbe-
1480 1416 1481 1460 ¹

275 1522 425 1580 cillitatem
445 1521 535 1595 aliqui
558 1519 653 1592 ipsius
677 1517 759 1574 vrbis
784 1516 881 1572 incole
902 1517 1011 1590 pietate
1033 1518 1172 1575 laudabili
1194 1523 1429 1594 compatientes,
1481 1518 1482 1536 ¹

275 1611 373 1666 locum
386 1609 417 1665 in
436 1626 495 1682 quo
514 1606 695 1666 elemosinas
714 1604 861 1678 petiturus
880 1605 918 1660 de
938 1622 1020 1662 more
1039 1607 1210 1678 consedit⁸;
1230 1625 1270 1664 ue
1286 1610 1330 1681 [a]
1349 1608 1430 1666 cani·
1482 1618 1483 1642 ³

276 1697 333 1754 bus
352 1706 402 1752 aut
414 1697 523 1754 ceteris
540 1693 644 1752 bestiis
660 1710 720 1748 non
735 1692 847 1748 valenti
864 1709 898 1749 se
914 1691 1078 1750 defendere
1093 1704 1252 1752 noceretur
1260 1695 1281 1767 ⁷,
1294 1700 1430 1772 quadam
1483 1718 1484 1744 l

277 1783 413 1840 clausura
425 1801 464 1840 ex
476 1782 600 1856 virgulis
612 1780 688 1838 lacta
701 1797 775 1852 sepe
788 1779 901 1836 vallare
914 1778 1058 1837 lecerunt.
1484 1818 1485 1844 ,

232 1893 261 1943 1⁵
308 1871 479 1934 llLectr'ot't'.
516 1857 576 1926 Vir
592 1868 658 1938 iste,
671 1875 739 1941 post
756 1865 925 1923 biennalem
939 1885 1035 1941 prope
1048 1867 1159 1926 ibidem
1173 1873 1428 1943 expectationem,
1485 1920 1486 1944 ,

275 1960 355 2016 clara
373 1976 448 2016 voce
472 1965 654 2033 protestatus
676 1953 853 2028 apparuisse
876 1953 932 2010 sibi
953 1953 983 2009 in
1005 1954 1120 2012 visione
1146 1956 1340 2016 Osmundum
1367 1959 1429 2034 epi·

276 2064 410 2120 scopum,
426 2045 508 2102 iussa
521 2043 615 2118 ipsius
627 2042 764 2116 pluribus
782 2039 928 2114 patefecit,
940 2059 996 2114 pro
1015 2045 1218 2116 recuperanda
1237 2047 1373 2105 sanitate
1391 2048 1427 2104 ad

276 2129 674 2206 tumbamipsliusPdebere
683 2127 843 2186 sedeferri.
857 2127 1070 2203 Etlicetaliqui
1080 2131 1367 2206 primumtanquam
1377 2153 1430 2209 pro
1487 2155 1488 2158 ¹

276 2240 354 2279 vano
364 2219 529 2294 sompn[i]o
538 2217 690 2274 hominem
698 2217 878 2285 deriderent,
887 2227 993 2290 postea
1005 2219 1089 2274 cum⁹
1099 2236 1132 2274 re
1145 2229 1272 2291 sequuta
1285 2224 1428 2294 operibus
1488 2220 1489 2264 l

233 2333 264 2368 πο
278 2320 378 2367 tamen
386 2307 408 2340 ¹⁰
419 2307 544 2364 credere
558 2303 819 2378 compellebantur.
858 2303 1021 2378 Impetrato
1036 2303 1126 2378 igitur
1143 2307 1265 2363 tandem
1277 2319 1311 2364 vt
1329 2311 1430 2368 cuius·

277 2399 346 2455 dam
365 2395 421 2454 viri
437 2393 574 2452 vehiculo
593 2391 719 2450 iniectus
735 2391 842 2448 abhinc
859 2391 998 2448 manibus
1016 2401 1045 2450 et
1064 2393 1194 2450 brachiis
1213 2395 1382 2467 hominum,
1398 2409 1429 2454 vt

277 2486 329 2558 qui
345 2500 467 2541 suorum
482 2491 599 2540 artuum
611 2481 630 2512 ¹¹
644 2479 802 2537 destitutus
819 2478 917 2536 officio
933 2489 1013 2536 stare
1028 2489 1078 2536 aut
1095 2498 1220 2553 pergere
1237 2499 1298 2540 non
1314 2495 1428 2558 posset,

276 2571 373 2628 donec
387 2571 424 2627 ad
438 2569 631 2644 sepulchrum
644 2567 722 2624 beati
734 2565 788 2624 viri
801 2566 1011 2639 perueniretur
1022 2576 1207 2625 sustentatus
1219 2579 1280 2626 est:
1301 2571 1429 2630 Innixus

279 2675 351 2731 ergo
370 2657 469 2732 lapidi,
488 2665 518 2714 et
536 2655 674 2712 fiduciam
695 2655 811 2710 habens
829 2657 860 2710 ln
879 2655 1011 2724 domino,
1028 2665 1205 2729 sequentem
1224 2668 1345 2718 noctem
1365 2671 1428 2719 tum

234 2767 264 2816 25
278 2743 386 2817 vigiliis
398 2754 462 2802 tum
475 2743 658 2802 orationibus
670 2740 782 2798 ibidem
801 2742 908 2797 deuote
926 2741 1079 2816 transegit.
1117 2741 1206 2800 Mane
1222 2755 1324 2802 autem
1341 2747 1429 2818 sacto,

279 2833 374 2906 surgit
386 2849 467 2906 eger,
481 2848 541 2888 non
555 2839 655 2887 tamen
669 2845 750 2902 eger,
763 2829 818 2886 sed
831 2828 1007 2902 plenissime
1020 2829 1155 2888 redditus
1167 2831 1306 2891 sanitati:
1326 2837 1378 2908 qui
1391 2839 1428 2894 ad

278 2928 507 2978 monumentum
521 2917 551 2973 in
563 2925 716 2973 momento
726 2932 822 2989 perse
833 2915 1008 2974 mirabiliter
1017 2927 1143 2986 erectus,
1156 2935 1190 2974 ac
1204 2935 1429 2995 consequenter

278 3009 317 3064 de
335 3008 400 3064 loco
410 3005 430 3039 ¹⁸
442 3006 473 3062 in
488 3005 608 3062 laudem
621 3003 670 3060 dei
683 3002 782 3060 multis
799 3001 1065 3060 concomitantibus
1084 3005 1121 3062 ad
1140 3005 1232 3063 altare
1249 3011 1429 3079 procedens,

277 3097 377 3169 ipsum
390 3095 481 3150 deum
495 3092 526 3149 in
539 3091 584 3148 sui
598 3091 750 3148 curatione
762 3089 936 3148 mirabiliter
949 3090 1082 3163 predicat
1096 3091 1127 3148 in
1141 3091 1227 3149 lactis
1236 3092 1258 3124 ¹³
1269 3095 1343 3152 suis.

234 3202 265 3251 ³0
313 3181 445 3244 ilLectr'o
461 3181 500 3236 iii.
540 3165 612 3236 Fuit
629 3178 660 3236 in
679 3179 785 3234 eadem
803 3177 877 3234 vrbe
896 3177 1008 3234 semina
1025 3179 1164 3251 quedam,
1181 3179 1279 3237 Alicia
1296 3185 1428 3254 nomine,

279 3287 337 3342 que
361 3267 494 3325 cecitatis
517 3265 680 3322 infortunio
699 3281 754 3338 per
776 3264 939 3322 triennium
959 3265 1119 3322 laborabat.
1157 3265 1223 3323 Hec
1245 3286 1314 3326 curn
1338 3273 1428 3330 multa

279 3359 344 3412 loca
356 3365 527 3414 sanctorum
541 3352 657 3410 deuotis
676 3351 831 3426 gressibus
848 3352 1014 3424 visitasset;
1034 3371 1155 3426 semper
1173 3354 1204 3411 iu
1224 3358 1333 3416 eodem
1351 3369 1428 3417 statu

279 3459 472 3518 permanens,
491 3441 588 3515 qualis
607 3439 700 3498 exiuit
719 3439 787 3496 talis
805 3457 929 3498 reuersa
948 3449 1003 3498 est.
1038 3439 1154 3499 Volens
1172 3459 1245 3515 ergo
1264 3449 1428 3504 ostendere

279 3532 355 3589 deus
363 3531 384 3563 ¹⁴
397 3529 553 3588 mulierem
570 3529 667 3601 ipsam
683 3526 763 3584 intus
782 3526 893 3584 habere
908 3528 988 3599 quod
1005 3527 1078 3586 soris
1091 3527 1228 3602 quesiuit,
1241 3529 1311 3588 fecit
1324 3536 1428 3592 venire

235 3644 266 3694 35
281 3618 310 3676 ln
325 3627 457 3676 mentem
471 3633 555 3674 suam
568 3617 606 3672 ad
619 3616 753 3672 tumbam
771 3613 919 3672 Osmundi
933 3614 1078 3687 prodesse
1094 3616 1212 3674 soluere
1224 3625 1303 3676 vota.
1341 3621 1428 3693 Quod

281 3724 348 3766 curn
362 3706 490 3776 fecisset,
503 3721 574 3762 mox
587 3703 626 3760 ibi
639 3711 773 3776 optatum
786 3701 884 3759 visum
897 3701 1073 3759 miraculose
1086 3704 1226 3778 suscepit.

313 3851 322 3884 ι
340 3854 369 3903 Ε,
382 3851 500 3902 modum,
585 3849 596 3880 ¹
613 3850 642 3900 Ε,
656 3851 708 3912 qul.
786 3849 797 3879 ⁸
810 3847 839 3898 F„
852 3849 968 3911 urgendi.
1057 3848 1068 3878 ⁴
1083 3843 1116 3900 al.
1126 3846 1187 3901 viui.
1264 3849 1275 3882 ⁸
1293 3851 1322 3904 F.
1337 3849 1428 3906 notari

280 3919 290 3948 ⁸
308 3921 337 3971 E.
350 3920 504 3970 concedunt.
634 3913 644 3944 ἵ
662 3915 691 3966 Ε.
704 3921 862 3966 nosceretur.
995 3914 1004 3944 ¹
1020 3914 1051 3966 E·
1064 3916 1128 3978 59⁵0·
1242 3915 1253 3946 '
1270 3918 1323 3968 5¹3·
1337 3927 1428 3970 “¹³⁰⁰-

282 3986 300 4016 ¹⁰
317 4001 366 4035 orn.
378 3986 405 4034 in
418 3984 469 4034 SB.
538 3979 556 4010 ¹¹
574 3981 626 4032 SB.
637 3989 747 4032 actuum.
814 3981 833 4009 ¹²
851 3981 902 4031 SB.
914 3996 1000 4032 sanus.
1067 3981 1087 4011 ¹⁸
1104 3981 1154 4032 SB.
1167 3983 1272 4034 sanctia
1342 3987 1363 4015 ¹¹
1381 3987 1428 4038 SB.

283 4052 348 4106 deus
360 4050 506 4102 ostendere.
