3012 4898
256 277 327 370 348
566 273 697 362 nott
721 269 911 374 [tutum
935 267 1087 375 flando.

254 491 303 533 me
323 471 404 547 loqui
426 471 516 544 iubet,
538 471 608 546 quia
627 472 781 546 sapienter
800 480 907 529 cuncta
926 471 1058 542 creauit3
1087 489 1197 547 meque
1215 472 1248 532 in
1272 473 1335 534 boe
1356 493 1412 534 eno

254 563 336 620 nasci
348 561 449 630 voluit,
462 561 659 634 spiritumque
671 559 732 618 vite
745 560 776 616 in
789 577 838 617 me
851 559 984 633 spiranit.
1023 560 1090 617 Non
1106 578 1180 634 ergo
1196 565 1316 620 mirum
1327 567 1414 622 vobis

253 650 389 708 videatur
398 650 478 724 quod
491 658 596 706 contra
608 665 724 706 morem
733 655 839 704 nature
849 647 922 704 mihi
930 647 1055 705 scientia
1063 649 1111 706 vel
1119 650 1313 722 possibilitas
1324 655 1333 686 ¹
1345 655 1415 710 data

254 747 301 794 est
319 737 400 794 fandi
418 738 518 806 adeo,
529 737 599 810 quia
618 734 820 792 inscrutabilia
835 744 904 791 sunt
919 733 1021 792 iuditia
1037 735 1111 804 eius
1128 745 1159 793 et
1178 737 1415 813 inuestigabiles

227 830 302 896 avie
316 825 391 882 eius.
436 823 519 882 Deus
535 823 616 881 enim
633 823 779 897 sapientia
795 821 930 880 fundauit
948 832 1068 893 terram,
1081 825 1156 880 sed'
1167 825 1328 897 sapientia
1342 846 1416 885 vera

255 929 434 985 summaque
451 920 498 968 est
515 911 592 984 que¹
608 911 753 968 mundum
770 927 809 968 ex
826 909 919 966 nihilo
936 910 1087 968 condidit*
1099 911 1219 985 celique
1236 915 1414 972 machinam

254 1017 322 1058 cum
339 1001 472 1058 siderum
487 997 677 1056 inenarrabili
692 997 913 1070 pulchritudine
925 997 1088 1068 fabricauit,
1101 999 1187 1057 cuius
1203 1003 1313 1060 celum
1325 1006 1415 1062 sedes
1487 1057 1488 1084 ,

255 1098 310 1158 est,
323 1097 352 1144 et
369 1087 533 1144 scabellum
552 1087 664 1160 pedum
683 1085 748 1143 eius
767 1093 847 1142 terra
863 1093 918 1156 est,
932 1085 1007 1142 sicut
1020 1085 1133 1144 Ydidas
1144 1097 1278 1146 testatur
1296 1092 1332 1147 in
1348 1109 1416 1166 per-

255 1193 330 1234 sona
350 1175 430 1232 illius
450 1175 573 1232 dicens:
602 1173 694 1248 “Ego
715 1173 745 1230 in
768 1173 922 1230 altissimis
940 1173 1050 1243 habito,
1068 1183 1098 1232 et
1117 1176 1249 1234 thronus
1271 1195 1368 1236 meus
1387 1181 1415 1236 in

212 1285 243 1322 ro
256 1263 414 1336 columpna
427 1262 541 1319 nubis.”
570 1261 623 1318 Est
632 1277 762 1334 namque
775 1259 841 1333 ipse
853 1260 1008 1332 sapientia,
1021 1261 1124 1335 qui[a],
1137 1273 1169 1319 vt
1182 1263 1224 1319 ait
1240 1264 1417 1334 psalmista,

256 1351 311 1408 “in
325 1349 472 1424 sapientia
485 1349 553 1406 lecit
569 1349 697 1418 omnia,’'
711 1349 839 1422 ideoque
852 1348 893 1404 illi
907 1348 1035 1406 flectitur
1049 1367 1138 1407 omne
1152 1367 1246 1424 genu,
1260 1363 1295 1411 et
1316 1357 1416 1413 omnis

255 1439 356 1513 lingua
368 1437 534 1494 confitetur.
558 1435 612 1494 Est
624 1435 745 1510 quidem
758 1445 788 1492 et
801 1435 936 1492 conditor
949 1437 1084 1493 omnium
1097 1455 1208 1508 rerum,
1222 1441 1299 1512 quia
1315 1443 1416 1517 [que]⁸

256 1526 366 1584 creauit
376 1527 406 1582 in
414 1524 555 1599 potentia,
562 1523 710 1582 ordinauit
717 1524 925 1582 constituendo
933 1524 962 1580 in
972 1525 1202 1597 magnificentia.
1220 1527 1280 1586 Est
1288 1548 1416 1605 quoque

258 1613 435 1688 principium
448 1621 477 1669 et
491 1612 567 1682 finis,
576 1612 646 1686 quia
658 1611 688 1668 in
702 1611 858 1685 principio,
868 1612 924 1668 boc
936 1621 983 1669 est
995 1611 1024 1668 in
1038 1613 1108 1683 filio,
1120 1615 1234 1670 creauit
1247 1619 1415 1686 vniuersa;
1488 1639 1489 1694 g

214 1719 244 1773 ¹5
258 1703 323 1776 ipse
335 1701 416 1758 enim
429 1701 485 1758 ait:
504 1699 597 1774 “Ego
610 1715 677 1756 sum
690 1699 779 1772 alpha
791 1707 821 1756 et
834 1717 880 1770 oo,
891 1699 1006 1756 initium
1019 1709 1048 1756 et
1062 1701 1141 1772 finis,
1153 1703 1204 1774 qui
1216 1713 1291 1761 ante
1308 1707 1415 1764 mundi

257 1789 438 1864 principium
451 1788 520 1845 viuo
532 1787 563 1844 in
577 1789 739 1844 etemunn”
766 1786 855 1844 Vnde
867 1795 898 1844 et
910 1787 998 1858 filius,
1010 1789 1060 1860 qui
1073 1805 1141 1845 cum
1154 1799 1241 1862 patre
1254 1801 1286 1849 et
1300 1795 1413 1867 spiritu

258 1885 361 1936 sancto
381 1893 459 1933 vnus
479 1885 526 1934 εει
549 1875 633 1946 deus,
653 1875 736 1931 illum
761 1873 1016 1947 interrogantibus
1034 1877 1103 1949 quis
1128 1886 1209 1934 esset
1230 1884 1413 1952 respondit:

257 1965 348 2039 “Ego
362 1963 550 2038 principium,
563 1961 657 2036 quiet
671 1963 775 2036 loquor
789 1963 899 2020 vobis”
936 1963 986 2020 Ab
1004 1981 1040 2021 eo
1058 1973 1105 2021 est
1118 1965 1200 2021 enirn
1218 1983 1316 2023 omne
1331 1973 1414 2043 pn'n-

257 2053 366 2127 cipium
380 2061 409 2109 et
422 2051 518 2125 quod⁸
530 2068 587 2124 per
599 2051 715 2108 initium
727 2050 838 2107 sactum
850 2059 906 2121 est,
916 2051 1057 2124 quoniam
1066 2052 1132 2126 ipse
1143 2061 1186 2110 est
1199 2065 1413 2116 creaturamm
1489 2103 1490 2110 ,

212 2165 246 2203 ao
258 2141 415 2202 exordium
440 2149 471 2197 et
493 2139 571 2208 finis,
593 2147 683 2212 atque
709 2137 876 2212 redemptio
897 2139 1009 2196 mundi.
1058 2140 1142 2197 Sicut
1166 2141 1249 2198 enim
1276 2144 1361 2203 deus
1383 2149 1413 2204 in

258 2229 406 2304 sapientia
430 2237 536 2285 cuncta
559 2227 680 2298 creauit,
701 2227 743 2284 sic
767 2227 857 2284 etiam
876 2243 965 2284 suum
988 2227 1104 2299 plasma
1127 2229 1280 2301 perditum
1304 2232 1340 2289 in
1365 2252 1414 2292 sa-

258 2319 369 2393 pientia
393 2316 529 2374 redemit.
574 2313 727 2389 Sapientia
753 2313 875 2387 quidem
900 2313 994 2387 patris
1018 2315 1098 2373 filius
1127 2325 1181 2374 est.
1230 2317 1309 2376 Est⁷
1337 2339 1415 2396 ergo

258 2415 344 2480 pater
373 2405 404 2462 in
429 2403 490 2462 lilio
514 2411 544 2460 ει
568 2403 648 2460 lilius
672 2403 703 2459 in
724 2412 818 2475 patre,
843 2409 873 2458 et
897 2401 1019 2475 spiritus
1049 2403 1191 2462 sanctus⁸
1223 2422 1281 2479 per
1312 2426 1411 2482 quem

258 2510 365 2550 omnes
383 2491 600 2550 renascuntur’
617 2491 731 2558 fideles,
745 2499 792 2546 est
807 2490 838 2546 in
851 2489 1000 2564 vtrisque:
1020 2501 1102 2548 etex
1120 2493 1176 2549 hoc
1195 2493 1320 2568 intelligi
1345 2499 1416 2558 sine

214 2601 244 2654 ις,
259 2583 348 2640 dubio
366 2589 493 2654 oportet,
504 2578 575 2653 quia
586 2577 666 2636 idem
679 2580 756 2636 deus
771 2586 866 2652 pater,
878 2579 959 2636 idem
977 2587 1007 2636 et
1021 2579 1110 2643 filius,
1122 2581 1202 2638 idem
1220 2583 1298 2639 deus
1315 2597 1369 2643 est
1385 2601 1416 2646 et

259 2671 382 2744 spiritus
400 2676 531 2726 sanctus.
568 2667 714 2738 Quamuis
732 2675 832 2723 autem
853 2665 910 2724 alia
930 2668 970 2723 sit
988 2685 1118 2740 persona
1134 2669 1238 2742 patris,
1263 2671 1415 2748 eliasibi,

257 2759 315 2816 alia
334 2757 456 2832 spiritus
472 2755 576 2826 sancti,
589 2772 648 2814 vna
665 2763 712 2812 est
731 2753 906 2826 substantia,
919 2755 1025 2812 eadem
1043 2765 1090 2812 est
1108 2757 1263 2830 equalitas,
1283 2779 1346 2819 vna
1364 2777 1414 2824 est

259 2847 399 2906 maiestas
430 2853 518 2919 atque
547 2853 689 2917 potestas,
713 2860 772 2900 vna
796 2842 940 2900 eternitas
970 2852 1059 2917 atque
1089 2845 1242 2918 perfectio,
1267 2849 1416 2925 dignitas,

260 2937 362 3006 honor,
383 2936 485 3002 decus,
500 2941 530 2990 et
550 2949 643 2989 vnum
666 2931 826 3006 imperium
847 2940 878 2989 et
901 2931 1062 3002 beatitudo,
1081 2951 1141 2990 vna
1161 2933 1357 2996 immensitas
1383 2953 1414 2999 et

215 3041 247 3094 po
259 3023 351 3099 gloria
368 3031 457 3096 atque
479 3020 691 3078 immortalitas.
730 3018 774 3076 Ita
795 3020 895 3093 itaque
914 3029 962 3077 est
984 3021 1136 3078 credenda
1156 3021 1212 3079 hec
1237 3025 1363 3084 trinitas
1383 3041 1415 3087 vt

259 3110 461 3170 indubitanter
469 3109 644 3166 confiteatur
654 3125 714 3165 vna
722 3106 944 3180 deitasvnaque
955 3125 1024 3165 esse
1033 3109 1173 3166 essentia
1197 3109 1415 3190 Hancquippe

259 3217 378 3258 mecum
403 3197 597 3268 confitemini,
618 3197 760 3270 quoniam
787 3194 887 3270 [hec]'
908 3195 1057 3255 confessio
1077 3197 1138 3254 vita
1161 3207 1208 3255 est
1231 3212 1414 3262 cunctorum

259 3305 326 3346 eam
357 3285 579 3345 confitentium!
617 3285 754 3356 Cumque
785 3301 893 3342 omnes
924 3284 1119 3343 lachrimabili
1148 3305 1221 3345 voce
1253 3289 1414 3351 dicerent:

260 3373 446 3444 'Credimus
470 3373 656 3444 confitemur,
680 3372 849 3444 adoramus,
868 3372 1025 3430 laudamus
1050 3383 1080 3430 ει
1108 3375 1335 3445 benedicimus:
1360 3400 1415 3438 eg.

215 3463 373 3536 astemplo
397 3470 518 3519 sanctus
544 3460 743 3519 Rumwoldus
767 3459 853 3516 hilari
876 3459 960 3518 vultu
984 3479 1019 3518 ac
1039 3479 1149 3520 sonora
1169 3481 1244 3522 voce
1266 3465 1309 3524 ait
1335 3469 1413 3528 illis:

260 3549 421 3621 ‘Audistis,
440 3549 548 3606 iratres
572 3549 603 3605 in
624 3547 744 3605 Christo
764 3557 854 3621 atque
876 3549 1099 3622 consanguinei,
1119 3551 1249 3623 qualiter
1273 3567 1413 3616 sanctam

259 3639 422 3698 trinitatem
444 3635 580 3694 confiteri
602 3635 725 3704 debetis,
745 3635 932 3709 qualiterque
951 3636 1047 3710 ipsius
1062 3637 1205 3696 vnitatem
1229 3639 1362 3702 firmiter
1383 3645 1412 3703 in

259 3727 351 3788 vestri
370 3725 470 3784 cordis
489 3733 610 3797 pectore
627 3731 745 3798 oportet
761 3723 902 3794 retinere,
914 3725 987 3780 etin
1000 3742 1037 3782 ea
1050 3727 1231 3795 credulitate,
1244 3746 1307 3801 qua
1326 3743 1415 3805 pater

260 3828 290 3876 et
303 3816 381 3875 filius
394 3823 424 3872 et
436 3812 560 3887 spiritus
573 3821 694 3869 sanctus
706 3828 784 3868 vnus
797 3811 940 3882 deusest,
954 3812 1084 3870 fideliter
1095 3831 1309 3886 perseuerare:
1333 3838 1412 3879 nunc

214 3931 248 3982 40
261 3907 350 3982 igitur
365 3921 421 3962 vos
437 3901 551 3959 docebo
564 3901 713 3976 quomodo
730 3898 845 3957 fructus
860 3917 951 3973 agere
967 3901 1102 3958 debeatis
1114 3901 1223 3975 dignos
1235 3907 1411 3978 penitentie¹

260 3985 299 4067 ει,
311 3995 336 4052 si
355 3992 476 4066 aliquod
488 3987 603 4046 crimen
617 3987 647 4044 in
660 3987 746 4046 vobis
756 3996 811 4057 est,
824 3989 974 4061 quomodo
987 3989 1111 4062 possitis
1124 3992 1282 4048 emundari
1295 3997 1334 4052 ab
1348 3999 1411 4056 eius

259 4084 385 4144 vulnere
398 4077 500 4137 celesti
514 4075 720 4135 medicamine.
753 4074 837 4134 Deus
850 4075 930 4133 enirn
943 4092 1004 4133 non
1017 4077 1081 4134 vult
1094 4087 1223 4136 mortem
1235 4089 1411 4154 peecatofis,

292 4224 386 4286 ¹Reg.
399 4227 523 4284 potatu.
590 4216 751 4280 ’sap-sed
766 4231 814 4267 ona.
830 4215 856 4266 in
869 4216 935 4280 Rea.
1003 4216 1063 4269 ’at
1076 4219 1128 4282 qu'a
1194 4215 1291 4285 *Rem
1304 4227 1408 4276 amauit.

261 4294 339 4341 'om
433 4285 490 4336 ιτ,
506 4285 536 4335 Ε.
548 4299 595 4348 per
606 4283 684 4346 quod.
781 4281 857 4334 'om
870 4283 897 4332 in
909 4283 939 4336 T.
1035 4283 1090 4337 ⁸T.
1104 4285 1133 4336 E.
1144 4287 1206 4350 spir.
1219 4289 1410 4356 sinvtroque.

260 4359 271 4391 ·
287 4357 315 4407 Τ.
330 4356 360 4406 E.
371 4361 399 4404 vt
410 4366 500 4402 omnes
511 4357 687 4402 renascantur.
