3054 4904
390 320 465 413 vr
489 315 653 408 &antu
679 316 898 421 autrum
1155 339 1223 413 Ῐ57

68 522 176 576 matris
203 537 269 591 sue,
293 536 405 594 panem
435 520 616 576 ordeaceum
640 526 671 576 et
694 517 799 574 viliora
826 517 987 591 legumina,
1012 517 1102 575 etiam
1133 533 1224 592 parce

67 608 220 680 sumebat,
239 617 345 682 quarta
365 618 395 666 et
417 615 503 664 sexta
523 607 597 664 seria
617 607 655 663 ab
676 606 758 662 omni
780 606 890 679 pabulo
907 605 1093 677 abstinebat3
1113 623 1223 680 corpus

68 697 135 752 eius
148 696 247 752 cilicio
263 697 371 768 iugiter
382 697 546 769 tegebatur,
558 693 767 752 vestimentis¹
786 693 888 750 afforis
907 693 1108 751 mediocribus
1119 697 1223 752 uteba·

67 793 137 853 tur;
156 784 263 842 vinum
288 793 318 841 et
342 783 470 841 ciceram
490 800 551 840 non
571 783 686 839 bibens.
725 781 874 838 Excubias
899 783 1003 851 noctis,
1027 799 1096 840 cum
1115 782 1223 840 fratres

66 871 174 944 sopori
196 873 368 940 sedarent,
393 872 470 930 clam
494 873 531 927 ab
556 870 601 927 eis
626 879 841 943 sequestratus,
866 885 959 942 super
984 870 1103 926 alueum
1131 871 1251 937 mariss

66 959 200 1032 peruigil
213 961 347 1017 ducebat
421 948 567 1031 Denique
586 957 617 1014 in
633 957 733 1031 vigilia
752 975 850 1031 pasce,
867 957 939 1013 dum
958 957 988 1014 in
1008 957 1135 1014 ecclesia
1154 975 1223 1032 per·

67 1055 218 1114 noctaret,
230 1047 357 1120 angelus
370 1047 483 1104 domini
495 1047 660 1103 choruscus
673 1045 765 1102 astitit
777 1045 950 1117 obitumque
964 1062 1052 1102 suum
1062 1045 1223 1104 imminere

65 1145 97 1193 et
115 1136 239 1208 dignam
258 1137 428 1193 mercedem
445 1135 618 1192 certaminis
636 1151 706 1191 eum
725 1132 881 1206 percipere
897 1133 981 1190 dixit.
1018 1133 1154 1207 Cumque
1173 1135 1223 1192 ille

66 1223 225 1292 hesitaret,
256 1240 295 1280 ne
325 1223 461 1280 diabolus
485 1222 562 1280 sorte
587 1223 617 1278 in
643 1222 783 1294 angelum
811 1220 886 1277 lucis
911 1238 945 1278 sc
968 1221 1222 1291 transformasset,

65 1311 239 1368 orationem
258 1311 425 1368 diutissime
442 1311 620 1384 protelauit:
640 1319 669 1367 et
686 1309 820 1382 angelus,
834 1309 872 1365 de
888 1309 1003 1366 visione
1020 1326 1090 1366 eum
1108 1318 1223 1367 certum
1240 1331 1269 1366 ro

67 1400 201 1456 reddere
233 1399 368 1472 cupiens,
396 1399 484 1454 tertio
511 1399 641 1456 eundem
672 1413 846 1454 sermonem
877 1395 1004 1469 repetiit.
1055 1396 1101 1454 De
1131 1415 1222 1454 manu

65 1488 194 1544 tandem
207 1487 303 1560 ipsius
319 1487 418 1560 angeli
438 1487 595 1542 uiaticum²
611 1485 767 1542 visibiliter
783 1485 906 1557 accepit,
924 1493 954 1541 et
972 1486 1008 1541 ab
1024 1485 1074 1541 illo
1093 1485 1150 1553 die,
1164 1484 1222 1542 nisi

68 1593 163 1632 causa
177 1574 358 1632 ineuitabilis
375 1574 531 1642 extitisset,
545 1591 641 1647 vsque
653 1574 691 1630 ad
705 1573 786 1629 diem
798 1573 961 1629 vocationis
974 1590 1029 1630 sue
1040 1574 1222 1630 versiculum

66 1663 151 1719 hunc
168 1661 198 1717 in
215 1679 269 1718 ore
287 1679 411 1734 semper
428 1662 565 1735 repetiit:
587 1661 701 1718 ‘Vnam
715 1659 786 1734 petii
798 1678 816 1716 a
828 1659 950 1717 domino
968 1660 1072 1718 etc.’³:
1092 1668 1122 1717 et
1140 1678 1222 1718 nono

67 1749 127 1806 kal.
141 1749 316 1806 nouembris
328 1749 366 1806 ad
380 1749 532 1807 Christum
547 1748 693 1823 migrauit.
1239 1767 1267 1818 ¹5

552 1993 743 2068 [Numidi]

106 2086 245 2158 Sanctus
268 2099 397 2156 Basilius
418 2101 547 2173 quadam
571 2100 619 2156 die
639 2099 745 2156 exiens
766 2100 805 2156 de
825 2098 953 2168 ciuitate,
973 2097 1047 2156 dixit
1066 2098 1221 2173 discipulis

66 2188 152 2244 suis:
174 2187 265 2254 ‘Filii
291 2189 451 2260 sequimini
477 2205 535 2258 me,
554 2197 586 2244 vt
608 2187 735 2244 videatis
756 2204 875 2243 mecum
895 2186 1021 2259 gloriam
1047 2187 1105 2258 dei,
1124 2196 1154 2245 et
1170 2188 1222 2244 ad-

67 2276 221 2332 miremur
239 2277 277 2333 de
297 2274 472 2349 discipulis⁶
491 2276 684 2349 magistrum!
721 2274 868 2348 Cognouit
887 2275 943 2332 hoc
963 2275 1071 2332 virtute
1097 2275 1221 2349 spiritus

66 2364 168 2420 sancti
187 2363 337 2435 presbiter
355 2363 545 2431 Anastasius,
564 2364 614 2436 qui
634 2363 762 2419 habebat
775 2379 900 2419 vxorem
918 2363 1115 2436 quadraginta
1133 2363 1221 2422 annis

66 2452 98 2508 in
113 2451 285 2523 virginitate
298 2451 537 2520 cohabitantem
557 2461 587 2507 et
604 2451 670 2524 ipse
687 2451 818 2524 quotidie
835 2451 866 2506 in
883 2467 962 2524 pane
975 2460 1005 2508 et
1017 2469 1094 2525 aqua
1110 2453 1222 2510 ieiuna·
1238 2477 1269 2513 ao

65 2541 120 2596 bat
140 2548 245 2612 preter
262 2539 419 2596 sabbatum
438 2547 468 2597 et
486 2539 566 2595 diem
587 2538 778 2595 dominicum.
816 2539 874 2609 Qui
893 2539 968 2596 dixit
986 2540 1105 2598 mulieri
1126 2541 1222 2598 sorori

66 2645 145 2684 sue:
167 2626 249 2699 ‘Ego
270 2628 348 2683 vado
372 2627 548 2699 agricolari:
568 2634 599 2683 tu
625 2644 717 2699 surge
742 2635 772 2683 et
797 2627 911 2683 adorna
935 2629 1066 2698 domum,
1089 2638 1119 2687 et
1144 2628 1222 2686 circa

68 2716 179 2772 horam
204 2732 314 2771 nonam
344 2715 422 2772 vade
450 2716 568 2771 obuiam
599 2723 704 2771 sancto
735 2714 846 2771 Basilio
877 2715 1028 2789 episcopo,
1059 2717 1110 2790 qui
1139 2717 1222 2774 venit

66 2804 225 2861 diuertere
249 2803 280 2859 in
305 2804 429 2860 domum
454 2804 661 2876 peccatorum!
698 2803 787 2873 Quod
811 2820 879 2859 cum
904 2803 954 2859 illa
975 2821 1044 2861 cum
1064 2804 1171 2862 timore
1191 2814 1221 2863 et

64 2889 265 2949 veneratione
285 2891 413 2958 iecisset,
427 2898 548 2948 sanctus
566 2899 653 2964 pater
665 2892 831 2948 adueniens
850 2891 907 2948 ait:
926 2891 1099 2961 ‘Quomodo
1119 2893 1220 2964 habes,
1238 2918 1267 2968 ²5

66 2978 196 3036 domina
208 2977 400 3051 Theogenia⁸
410 2981 435 3035 i'
473 2979 539 3049 Que
547 2997 703 3052 expauens
715 2979 745 3035 in
758 2979 913 3036 vocatione
923 2978 1054 3036 nominis
1067 2979 1113 3036 sui
1127 2980 1219 3038 dixit:

65 3067 185 3136 ‘Bene,
211 3074 314 3124 sancte
337 3067 403 3124 dei!
442 3065 480 3122 Et
501 3066 569 3122 ille:
589 3066 664 3122 ‘Vbi
689 3077 735 3124 est
759 3067 900 3124 dominus
924 3066 1105 3124 Anastasius
1130 3067 1223 3126 irater

65 3155 177 3212 tuusi’
223 3153 290 3224 Que
308 3153 366 3212 ait:
386 3153 544 3224 ‘Domine,
564 3153 613 3211 vir
634 3172 721 3212 meus
747 3165 802 3223 est,
827 3162 857 3212 et
878 3154 949 3211 abiit
973 3154 1144 3227 agricolari?
1183 3155 1221 3214 Et

65 3241 293 3316 superueniens
308 3241 430 3298 interim
446 3241 633 3313 Anastasius,
646 3243 797 3299 osculatus
810 3251 857 3299 est
870 3242 964 3299 sancti
981 3244 1085 3315 pedes,
1099 3243 1220 3302 dicens:

65 3331 177 3387 ‘Vnde
200 3329 274 3385 mihi
292 3337 323 3386 vt
344 3330 446 3387 veniat
471 3339 592 3386 sanctus
617 3329 665 3386 dei
690 3331 727 3387 ad
752 3331 836 3386 mei’
873 3329 1010 3402 Cumque
1033 3330 1168 3388 abissent
1190 3331 1220 3388 in
1235 3358 1268 3409 30

65 3417 240 3483 ecclesiam,
257 3417 340 3474 iussu
356 3417 491 3492 episcopi
510 3418 660 3491 presbiter
677 3418 715 3474 ad
734 3435 822 3474 suum
841 3416 1039 3474 ministerium
1056 3418 1144 3476 stetit
1183 3416 1221 3477 Et

65 3509 143 3565 dum
164 3504 356 3576 ministraret,
368 3506 442 3564 vidit
462 3504 592 3562 Basilius
610 3513 747 3578 tempore
766 3505 941 3562 eleuationis
960 3506 1093 3579 corporis
1110 3507 1221 3566 Christi

66 3595 212 3669 spiritum
233 3601 370 3650 sanctum
392 3594 627 3652 descendentem
649 3593 680 3650 in
703 3595 804 3667 specie
823 3594 910 3667 ignis,
934 3602 964 3650 et
985 3595 1220 3653 circumdantem

66 3682 275 3757 presbiterum
301 3690 331 3738 et
358 3681 459 3738 altare.
497 3681 578 3739 Post'
601 3681 726 3739 missam
757 3681 832 3739 dixit
862 3683 1024 3756 episcopus
1054 3684 1221 3741 sacerdoti:

66 3771 208 3828 ‘Enarra
236 3767 309 3825 mihi
337 3786 397 3842 que
421 3777 467 3826 est
490 3769 552 3826 vita
580 3771 647 3826 tua'
694 3770 753 3841 Qui
783 3770 842 3828 ait:
870 3769 953 3843 ‘Ego
980 3780 1119 3844 peccator
1144 3787 1222 3841 sum,
1236 3792 1267 3844 35

64 3858 209 3918 subditus
227 3855 345 3914 tributis
363 3856 500 3930 publicis,
520 3856 636 3914 habens
660 3859 730 3932 iuga
749 3860 840 3914 boum
860 3859 929 3927 duo,
949 3875 1041 3914 vnum
1059 3859 1098 3914 ad
1119 3857 1221 3914 minis·

65 3947 232 4004 trationem
251 3945 489 4019 peregrinorum,
506 3946 633 4003 alterum
652 3948 690 4003 ad
709 3945 1000 4004 administrationem
1021 3945 1222 4018 vectigalium,

65 4047 96 4092 et
110 4042 160 4091 est
174 4032 318 4089 coancilla
337 4050 404 4089 mea
424 4033 533 4089 mulier
551 4033 616 4102 ista,
636 4052 695 4107 que
714 4034 864 4091 ministrat
883 4033 1066 4106 pauperibus
1084 4041 1113 4090 et
1132 4033 1222 4091 mihi!

67 4123 107 4180 Et
128 4122 171 4179 ait
192 4130 331 4178 sanctus:
352 4119 450 4179 ‘Voca
474 4138 542 4177 earn
567 4139 705 4178 sororem
729 4131 811 4178 tuam
836 4122 912 4179 sicut
933 4129 963 4177 et
984 4127 1039 4189 est,
1062 4129 1093 4177 et
1114 4139 1223 4179 enarra

66 4211 144 4268 mihi
163 4209 291 4267 virtutes
309 4210 393 4266 tuas’
432 4208 470 4266 Et
482 4209 550 4267 ille:
571 4209 658 4266 ‘Non
677 4211 774 4267 habeo
792 4209 951 4283 quicquam
970 4208 1048 4280 boni,
1062 4216 1092 4265 et
1105 4209 1223 4268 alienus
1235 4233 1269 4284 40

100 4349 156 4399 ¹T.
170 4349 335 4398 uestimenta.
426 4347 483 4400 ’Β
496 4349 623 4399 maticum.
714 4348 784 4398 ²1²⁵.
797 4349 867 4398 xxti.
880 4365 903 4410 4.
991 4346 1059 4399 ‘Ex
1069 4347 1144 4400 Vino.
1157 4351 1222 4402 Bell.

21 4479 28 4496 ·
68 4415 417 4481 x1V.80(viePat.306).
483 4414 561 4465 ⁵VP.
575 4415 699 4479 discipuli.
765 4413 1000 4478 ‘vxineognia
