3044 4894
290 271 337 345 50
600 254 731 342 111011
756 250 946 358 iunium
971 253 1122 358 annia

287 455 344 511 hoe
365 453 481 524 feceris,
501 453 532 511 in
553 454 712 528 promissis
728 472 777 512 me
790 455 954 512 veridicum
972 466 1043 513 tunc
1061 457 1230 530 probabis.”
1268 458 1355 529 Quod
1369 476 1441 516 curn

287 542 337 599 illa
359 542 499 612 lecisseit,
518 543 600 600 venit
622 545 741 613 demon,
766 553 796 600 et
821 553 924 600 astans
943 561 1040 617 prope
1061 545 1225 602 fenestram
1244 564 1303 618 qua
1325 547 1442 604 intrare

287 630 411 698 solebat,
424 641 454 688 et
465 631 684 704 introspiciens,
693 631 767 688 dixit
779 632 817 688 ad
830 631 911 687 illam
924 651 931 688 :
946 632 963 660 ‘⁹
972 631 1122 702 Quidnam
1131 641 1178 690 est
1191 632 1268 690 istud
1283 633 1441 692 horridum

286 725 315 773 et
329 721 482 791 putridum
495 721 574 792 quod
584 719 614 774 in
629 720 683 776 hac
696 720 753 776 ede
766 719 925 791 sparsisti?
964 718 1079 776 Proiice
1092 719 1263 792 quantotius
1275 721 1364 794 longe
1378 740 1398 777 a
1412 732 1442 778 te

257 816 271 867 ⁵
287 814 316 862 et
328 825 346 863 a
359 808 448 862 domo
466 816 517 864 tua
536 807 665 864 inuisum
683 823 807 879 gramen
821 807 900 878 quod
916 805 969 862 tibi
987 807 1183 880 applicuisti.”
1221 808 1275 865 llla
1287 827 1358 866 vero
1377 810 1443 866 dis·

286 893 455 963 simulante,
474 913 552 953 nunc
572 894 661 951 minis
681 911 760 950 nunc
780 894 935 950 blandiciis
954 904 985 951 vt
1002 895 1128 951 herbam
1147 895 1386 968 eiiceret,qua1n
1407 915 1443 954 se

286 983 411 1039 horrere
421 983 562 1051 diceret⁹,
573 981 733 1038 instantius
742 983 892 1039 exorabat.
926 981 963 1038 Et
974 1000 1085 1040 cumse
1098 993 1301 1056 contemptum
1311 983 1442 1055 videret,

285 1069 387 1126 minax
406 1079 436 1128 et
450 1069 628 1127 furibundus
648 1070 782 1128 recessit.
830 1069 892 1127 Nec
916 1070 1009 1126 multo
1031 1080 1100 1144 post
1118 1071 1201 1128 affuit
1217 1072 1299 1139 alter,
1313 1071 1440 1130 dicens:

285 1160 303 1189 “
310 1157 421 1214 Vera
409 1176 461 1215 -ne
481 1176 550 1216 esse
572 1158 700 1216 didicisti
721 1175 780 1231 que
802 1156 854 1214 tibi
876 1158 1016 1230 loquutus
1037 1164 1126 1215 sum?
1158 1159 1245 1215 Nunc
1264 1177 1345 1231 ergo,
1362 1160 1440 1218 dum

242 1257 273 1296 ιο
285 1253 384 1301 tecum
393 1246 539 1303 secretius
551 1246 664 1318 loquar,
671 1263 778 1302 amoue
788 1245 911 1302 herbam
924 1244 1024 1302 illam:
1038 1255 1068 1302 et
1079 1254 1147 1318 post
1154 1245 1321 1304 discessum
1334 1263 1441 1306 meum

285 1349 431 1402 resumes,
451 1332 521 1406 quia
542 1333 612 1390 illa⁹
636 1333 865 1390 conseruaberis
885 1334 923 1390 ab
944 1332 1062 1390 insidiis
1087 1334 1181 1390 hostis
1204 1332 1273 1390 tui.''
1312 1333 1360 1390 Ad
1382 1335 1440 1392 hec

285 1418 351 1476 illa:
372 1421 519 1489 “Venies,
532 1421 635 1494 inquit,
649 1423 674 1478 51
688 1421 764 1478 velis
783 1423 820 1478 ad
840 1439 906 1479 me:
928 1423 982 1478 sed
1002 1422 1128 1478 herbam
1146 1422 1236 1478 istam
1247 1421 1308 1478 vita
1325 1423 1441 1480 comite

286 1523 439 1580 nunquam
461 1507 592 1565 reiiciam
609 1526 627 1564 a
645 1511 720 1566 me.”
759 1509 837 1579 Quid
858 1508 965 1582 plura?
1003 1509 1094 1566 Post⁴
1111 1527 1227 1582 preces,
1245 1518 1312 1582 post
1327 1509 1441 1578 minas,

286 1603 354 1666 post
374 1595 531 1652 blanditias
553 1596 789 1652 circumuentum
807 1614 824 1653 a
845 1597 972 1653 muliere
991 1613 1024 1652 se
1043 1597 1179 1664 videns,'
1171 1615 1202 1653 ιι
1222 1615 1309 1654 auras
1328 1597 1440 1656 inanes

242 1695 271 1745 15
287 1682 408 1738 demum
421 1683 550 1740 euanuit.
588 1683 697 1740 Mulier
709 1701 780 1741 vero
794 1683 844 1740 1ιι1
856 1684 916 1741 fide
929 1693 958 1740 et
972 1684 1132 1741 deuotione
1143 1701 1177 1741 ac
1187 1687 1266 1741 bona
1275 1702 1440 1743 conuersa-

286 1769 367 1826 tione
390 1770 506 1839 melius,
523 1789 613 1844 quam
635 1772 728 1828 herba
749 1770 807 1842 illa,
828 1781 951 1840 armata,
969 1771 1000 1827 in
1025 1771 1072 1828 dei
1093 1772 1201 1829 timore
1218 1771 1310 1830 vitam
1331 1782 1441 1844 postea

286 1857 370 1914 duxit
383 1857 540 1916 honestam
559 1869 589 1916 et
601 1859 759 1932 quietam’.
798 1860 930 1916 Vocatur
947 1868 1046 1916 autem
1059 1858 1153 1916 herba
1165 1859 1215 1916 illa
1233 1877 1322 1932 grece
1335 1861 1441 1932 ypen'-

286 1945 372 2014 chon,
381 1947 472 2004 latine
480 1947 672 2004 vero‘herba
682 1948 850 2020 perforata
859 1947 924 2004 siue
938 1946 1073 2019 [herba]
1083 1947 1177 2003 sancti
1188 1946 1348 2004 Iohannis
1357 1947 1440 2004 dicta

287 2043 341 2090 est.
355 2033 514 2091 Venenum
523 2035 604 2092 enim
615 2035 785 2109 specialiter
794 2052 973 2092 consumere
985 2033 1368 2104 dicitur,'51ue⁹bibita'stue
1380 2036 1440 2094 alio

242 2137 273 2174 ιο
285 2122 374 2178 modo
384 2131 513 2196 sumpta.
532 2123 619 2180 Valet
628 2124 718 2180 etiam
729 2141 844 2180 morsui
836 2122 995 2178 animalis
1006 2122 1180 2191 venenosi⁹,
1192 2121 1217 2178 si
1230 2120 1337 2180 tritaet
1350 2124 1440 2195 aquis

284 2217 451 2283 temperata
472 2212 596 2311 patienti
616 2211 755 2268 daturin
775 2220 888 2310 potum.
960 2197 1064 2268 ⁹Cum
1085 2219 1185 2266 autem
1205 2218 1327 2266 sanctus
1345 2208 1440 2284 Hugo

285 2296 420 2355 febribus
439 2299 625 2370 grauissimis
638 2308 809 2369 vexaretur,
822 2299 885 2355 suis
903 2298 960 2354 ait:
981 2298 1158 2354 ‘Cernimus
1177 2297 1257 2353 enim
1277 2297 1440 2356 manifeste

285 2385 399 2458 quod'
391 2404 422 2442 ιι
444 2387 531 2443 breui
554 2386 662 2444 flebilis
688 2387 725 2444 sit
751 2387 866 2443 iuturus
886 2395 982 2443 status
1006 2385 1134 2442 ecclesie
1155 2385 1321 2458 anglicane
1360 2385 1441 2442 Mori

285 2473 374 2546 igitur
387 2473 473 2532 nobis
486 2475 593 2532 melius
606 2485 652 2532 est
654 2491 759 2548 ,quam
768 2474 870 2532 viuere
881 2482 911 2530 et
918 2475 1021 2530 videre
1037 2472 1223 2530 imminentia
1235 2471 1336 2545 gentis
1347 2472 1439 2530 buius

240 2578 270 2629 ις,
287 2561 363 2618 mala
376 2571 406 2618 et
419 2573 598 2620 sanctorum.
638 2562 715 2618 Nam
735 2561 953 2635 proculdubio'
945 2579 976 2616 in
995 2560 1124 2634 posteris
1140 2559 1264 2616 Henrici
1282 2560 1364 2633 regis
1381 2561 1440 2619 im-

284 2649 381 2722 pleri⁹
402 2667 529 2708 necesse
549 2659 595 2708 est
615 2651 694 2724 quod
715 2649 862 2750 scriptura
880 2649 988 2706 dicit⁹:
1018 2652 1035 2681 11
1046 2647 1156 2721 Spuria
1174 2647 1350 2704 vitulamina
1375 2666 1439 2705 non

286 2738 399 2794 dabunt
408 2739 523 2796 radices
533 2739 634 2804 altas
647 2748 676 2795 et
685 2737 759 2794 “ab
752 2755 853 2811 iniquo
862 2737 949 2794 thoro
957 2753 1062 2794 semen
1071 2734 1347 2793 exterminabitur
1375 2736 1439 2794 Sed

284 2834 314 2881 et
331 2843 387 2882 rex
404 2828 569 2884 modernus
585 2827 768 2883 Francorum
782 2835 918 2882 sanctum
931 2825 1099 2897 genitorem
1113 2840 1201 2880 suum
1216 2822 1438 2881 Ludouicum¹⁹

283 2911 469 2970 ulciscetur'
462 2933 492 2972 ιιι
512 2915 617 2971 sobole
632 2913 885 2987 preuaricationis,
899 2930 958 3011 que
971 2913 1090 2969 thorum
1106 2911 1331 2968 immaculatum
1346 2929 1439 2986 repu-

239 2999 376 3063 30diauit
401 3001 526 3075 eiusque
547 3001 648 3058 emulo
671 3001 839 3100 Anglorum
859 3001 922 3073 regi
942 2999 1094 3072 impudica
1118 2997 1245 3056 adhesit.
1283 2997 1439 3068 Quamob-

284 3105 349 3145 rem
374 3090 497 3162 gallicus
522 3090 573 3146 ille
594 3089 752 3162 Philippus
774 3089 887 3162 regiam
910 3088 1079 3160 Anglorum
1105 3085 1144 3143 ita
1169 3085 1280 3142 delebit
1300 3086 1438 3160 stirpem,

284 3178 537 3250 quemadmodum
557 3178 612 3234 bos
630 3177 756 3234 herbam
775 3177 851 3234 solet
874 3193 969 3248 vsque
985 3175 1022 3231 ad
1039 3173 1155 3230 radices
1176 3189 1310 3246 carpere.
1359 3175 1437 3232 Nam

284 3281 301 3320 a
315 3264 408 3322 Gallis
420 3273 481 3323 tres
494 3265 616 3338 ipsi[us]
626 3264 687 3320 nati
700 3263 782 3336 [iam]
792 3263 890 3321 abrasi
901 3272 971 3320 sunt
973 3279 1079 3334 ,reges
1092 3261 1230 3318 videlicet
1239 3263 1308 3329 du0,
1318 3271 1350 3319 et
1360 3281 1438 3320 vnus

284 3353 354 3408 dux.
392 3351 532 3422 Quartus,
543 3353 594 3424 qui
607 3361 756 3426 superest,
769 3359 883 3408 curtam
896 3350 1016 3407 habebit
1030 3366 1136 3423 pacem
1149 3347 1226 3405 ab
1200 3351 1262 3406 ets.⁹
1340 3337 1437 3408 Facta

237 3450 268 3502 35
286 3457 416 3513 namque
425 3441 463 3496 ab
471 3440 610 3496 omnibus
618 3439 750 3512 peccatis
758 3457 821 3496 suis
834 3454 909 3512 pura
918 3436 1117 3505 consessione,
1126 3453 1195 3493 cum
1203 3436 1387 3494 eucharistia
1399 3440 1436 3496 ad

283 3529 382 3600 ipsum
395 3527 573 3595 deferretur,
586 3527 705 3584 obuiam
719 3527 808 3584 nudis
821 3526 940 3600 plantis,
954 3525 1057 3595 cilicio,
1070 3523 1170 3581 tunica
1188 3533 1218 3580 et
1238 3524 1357 3582 cuculla
1370 3544 1440 3584 ves-

282 3614 353 3672 titus
355 3615 522 3688 ,processit
534 3633 552 3671 a
565 3615 641 3672 lecto
654 3624 684 3671 et
693 3631 791 3687 genua
802 3613 928 3672 flectens
941 3613 1174 3687 suppliciterque
1183 3613 1316 3669 adorans
1324 3614 1439 3670 diutius

282 3703 385 3760 orauit.
406 3702 548 3760 Reiectus
556 3711 657 3758 autem
665 3701 725 3758 vite
733 3711 837 3759 eterne
846 3701 982 3775 dapibus
992 3701 1102 3773 gratias
1110 3699 1170 3772 egit
1178 3699 1243 3769 deo,
1255 3708 1284 3755 et
1299 3701 1436 3758 addidit:

285 3794 293 3822 ‘
305 3791 351 3847 Ne
360 3808 433 3848 vero
446 3790 538 3847 fiscus
557 3789 643 3846 solito
656 3789 758 3862 rapiat,
766 3788 909 3846 uniuersa
921 3806 979 3861 que
993 3789 1104 3844 habere
1116 3787 1220 3844 videor
1233 3786 1439 3860 indigentibus

237 3895 270 3944 40
282 3880 450 3952 erroganda
462 3879 501 3935 do
513 3887 544 3935 et
556 3879 624 3950 lego
632 3877 651 3909 11
672 3877 793 3934 domino
805 3885 909 3934 nostro
919 3876 1011 3933 lhesu
1025 3875 1161 3932 Christo.⁹
1235 3861 1320 3933 Cum
1333 3887 1437 3934 autem

281 3967 525 4040 archiepiscopus
544 3983 615 4024 eum
634 3964 759 4024 visitans
777 3973 955 4038 suggereret
967 3964 986 3996 11
998 3972 1029 4020 vt
1049 3963 1177 4036 siquem
1191 3961 1268 4018 sorte
1279 3965 1378 4021 verbo
1390 3965 1439 4022 vel

313 4113 390 4164 ¹Vit.
403 4115 512 4164 dicebat.
556 4112 611 4162 ⁹T.
625 4129 695 4163 vere.
737 4111 813 4162 ’Vit
828 4127 878 4174 qua
890 4112 968 4161 illesa.
1014 4110 1091 4160 ⁹Vit¹
1104 4111 1155 4159 Et
1148 4117 1205 4170 iste
1218 4110 1285 4159 sicut
1299 4109 1345 4160 ille
1358 4113 1437 4176 prior,

280 4188 350 4241 post,
361 4187 410 4229 etc.
487 4179 625 4228 ⁵vnum
708 4177 811 4227 ⁹‘⁹⁹Vit.
823 4193 880 4227 siue
891 4177 1060 4227 bibitumsa.
1070 4183 1242 4239 insumptum
1255 4183 1299 4224 aut
1312 4193 1336 4226 e.
1350 4194 1438 4228 morsu

280 4245 577 4294 virulentiainllictum.
627 4243 692 4294 'Ci
704 4242 808 4307 Vitap.
820 4259 877 4306 33²·
928 4243 979 4292 ⁹E.
991 4243 1107 4306 implere.
1159 4242 1258 4303 ⁹Sap.'
1251 4257 1328 4304 ιν.3;
1347 4244 1383 4295 iii.
1399 4247 1438 4294 16,

281 4309 300 4339 ⁹⁹
318 4309 348 4362 E.
356 4311 518 4372 ludiwicuru,
534 4311 724 4360 T.lud0uicum.
791 4307 810 4338 11
826 4309 878 4358 Vit.
891 4309 992 4372 delego.
1058 4307 1078 4338 ¹⁹
1096 4308 1125 4358 E.
1137 4313 1261 4370 surgeret.
