3028 4894
398 303 473 396 Di
497 299 663 395 scoot
687 302 897 390 willein.
1148 325 1217 398 4Π

47 503 240 578 ingreditur
256 501 314 562 nisi
332 503 483 579 perfectus
496 513 526 563 et
537 503 682 564 innocens
695 512 726 563 et
738 504 776 562 ab
788 502 871 562 omni
886 510 1009 578 peccato
1022 501 1140 578 penitus
1154 519 1223 577 pur-

50 593 174 666 gatus:
200 590 269 650 Hiis
282 592 369 650 dictis
382 592 552 652 ductoribus
565 593 629 651 eius
641 593 739 650 subito
751 592 782 650 in
795 591 891 650 celum
904 591 1042 666 receptis,
1055 593 1093 649 ad
1106 599 1222 665 portam

52 682 99 738 de
121 679 255 738 Meuros
273 679 365 739 frater
381 681 431 740 ille
450 681 613 740 dimittitur.
650 680 787 756 Simplex
805 679 855 738 ille
873 679 967 738 irater
984 688 1053 737 ante
1067 678 1223 750 visionem,

52 777 89 826 et
128 767 281 842 impedite
311 769 421 843 lingue,
451 769 493 827 ita
522 769 665 843 eloquens
697 777 727 827 et
757 767 875 826 subtilis
909 776 1015 843 postea
1043 768 1137 826 sachis
1167 775 1223 839 est,

52 865 92 914 vt
120 857 164 914 de
184 856 360 930 euangeliis,
378 857 623 932 expositionibus,
646 864 676 915 et
699 855 832 914 historiis
856 855 1001 914 rithmos¹
1022 855 1169 914 rethorice
1194 863 1250 928 ets

53 953 199 1002 venuste
224 955 425 1019 componeret,
450 954 480 1004 et
503 945 660 1004 audientes
683 945 713 1001 in
737 943 963 1002 admirationem
993 960 1156 1002 conuersos
1185 944 1223 1001 ad

56 1031 232 1090 lachrimas
250 1041 436 1106 prouocaret.
473 1031 508 1090 ln
527 1031 722 1104 abstinentiis,
740 1031 849 1105 vigiliis
868 1039 899 1090 et
914 1033 1056 1089 virtutum
1073 1030 1224 1090 exercitiis

57 1137 166 1192 vsque
186 1120 224 1177 ad
243 1128 372 1179 mortem
391 1136 602 1194 perseuerans,
615 1127 749 1176 sanctam
769 1119 896 1178 Mariam
913 1129 984 1178 ante
1001 1120 1115 1176 obitum
1134 1135 1222 1177 suurn

58 1207 143 1264 vidit
162 1207 318 1281 corporeis
335 1208 428 1265 oculis
444 1207 544 1282 ipsum
557 1207 769 1278 consolantem,
782 1216 812 1266 ct
828 1209 908 1265 diem
927 1206 1107 1281 egressionis
1124 1206 1223 1265 anime

61 1311 123 1352 sue
149 1311 169 1352 a
195 1312 321 1368 corpore
345 1295 485 1354 fratribus
509 1295 647 1369 predixit
725 1283 882 1370 Apparuit
908 1304 1008 1353 autem
1038 1311 1145 1354 seruus
1174 1294 1223 1353 dei
1237 1315 1269 1355 ιο

61 1381 231 1440 Walleuus
248 1382 365 1441 cuidam
382 1384 466 1441 fratri
480 1383 512 1441 in
530 1382 673 1458 sompnis,
686 1383 808 1441 dicens:
828 1383 1036 1458 ‘Suffiagante
1054 1383 1224 1442 mediatrice

63 1469 119 1527 dei
142 1478 175 1527 et
197 1470 352 1529 bominum
372 1483 475 1530 sancta
496 1471 592 1528 Maria
613 1480 709 1530 matre
731 1470 844 1529 domini
866 1471 982 1544 [nostri]
993 1472 1012 1541 ¹,
1032 1481 1063 1529 et
1084 1471 1224 1546 precibus

63 1556 203 1615 assiduis
221 1557 306 1630 meis,
324 1560 463 1628 omnibus
481 1575 556 1634 quos
577 1560 633 1616 sub
652 1575 723 1617 cura
744 1559 886 1633 pastorali
903 1558 1023 1634 suscepi
1041 1577 1059 1617 a
1076 1559 1224 1618 saluatore

65 1653 185 1716 nostro,
201 1645 261 1704 vite
279 1655 383 1706 eterne
400 1647 612 1705 beatitudinem
630 1646 807 1721 impetraui;
827 1646 853 1704 si
871 1646 938 1720 quis
950 1646 1111 1720 [illorum]⁸
1129 1646 1224 1720 negli-

65 1733 194 1808 gentius
201 1733 317 1806 vixerit,
326 1744 394 1809 post
405 1735 483 1810 ignis
495 1735 657 1810 purgatorii
670 1735 909 1794 emendationem
919 1737 957 1792 ad
970 1736 1068 1793 celum
1079 1734 1223 1809 migrabit
1239 1753 1268 1804 15

69 1819 151 1892 Hoc,
170 1821 275 1896 inquit,
293 1822 413 1897 signum
430 1824 530 1882 verbis
549 1824 625 1882 meis
642 1824 734 1882 fidem
753 1832 865 1882 certam
883 1823 935 1881 tibi
952 1832 1089 1897 prestare
1106 1832 1222 1897 potest:

68 1925 140 1968 cras
154 1910 235 1967 enim
247 1911 322 1968 hora
333 1911 420 1970 tertia
432 1921 494 1970 tres
507 1911 614 1970 iratres
631 1921 748 1986 portam
765 1911 925 1983 intrabunt,
938 1912 988 1985 qui
1000 1912 1107 1969 eodem
1118 1911 1225 1970 ordine

68 2015 133 2072 quo
152 1998 338 2059 intrauerunt
356 2017 375 2058 a
391 2001 493 2058 seculo
507 2001 694 2074 migrabunt.¹
732 2000 770 2058 Et
788 1999 898 2057 iactum
916 2007 963 2058 est
979 2000 1026 2057 ita
1099 1987 1159 2056 Vir
1176 1999 1225 2059 dei

68 2087 167 2144 abbas
192 2086 351 2146 Walleuus
380 2087 561 2162 ydropicos⁴
585 2097 647 2146 tres
677 2088 807 2159 curauit;
839 2088 1018 2146 monachum
1048 2095 1163 2146 mutum
1194 2097 1225 2146 et

70 2191 181 2233 cecum
193 2173 333 2248 pristine⁶
344 2174 432 2234 saluti
450 2174 594 2248 restituit;
614 2175 797 2234 calculosum
815 2184 846 2234 et
863 2175 1069 2234 intestinorum
1088 2175 1225 2234 molestia
1239 2195 1270 2232 20

70 2270 215 2320 vexatum
231 2263 364 2334 sanauit;
383 2263 589 2322 demoniacum
608 2262 751 2322 liberauit.
788 2261 906 2336 Elapsis
919 2271 1018 2322 autem
1031 2272 1100 2336 post
1111 2261 1225 2322 obitum

71 2349 142 2408 eius
159 2349 245 2408 annis
263 2351 433 2423 tresdecim,
446 2368 556 2426 corpus
574 2351 648 2422 eius,
661 2368 729 2409 cum
742 2351 849 2425 pannis
862 2351 969 2426 quibus
982 2350 1036 2408 tuit
1047 2349 1225 2424 inuolutum,

71 2437 280 2512 incorruptum
301 2448 331 2498 et
354 2438 513 2514 integrum,
536 2440 629 2497 multo
653 2437 812 2498 dormienti
837 2436 966 2498 similius
991 2455 1081 2513 quam
1106 2447 1226 2497 mortuo

72 2525 233 2585 inuenitur.

112 2661 190 2738 [MS.
202 2663 268 2722 Tib.
281 2665 377 2726 adds:
542 2691 567 2754 q
592 2689 761 2749 Incidenda·

113 2796 214 2870 'Cum
232 2812 325 2869 abbas
347 2811 498 2872 Iohannes
522 2813 560 2870 ad
584 2812 731 2871 uisitanda
748 2812 949 2888 apostolorum
967 2813 1070 2870 limina
1096 2813 1224 2871 Romam
1238 2838 1269 2891 ²⁵

75 2897 209 2958 uenisset
222 2907 253 2957 et
270 2899 391 2958 beatum
404 2900 581 2975 Gregorium
600 2918 710 2976 papam
729 2918 784 2975 per
801 2901 933 2958 medium
952 2901 1078 2958 ciuitatis
1096 2902 1225 2960 transire

76 2985 208 3057 uidisset,
229 2987 323 3045 uoluit
342 2987 370 3045 ei
391 3006 549 3046 occurrere
570 3005 613 3060 ac,
635 2998 668 3046 ut
691 2989 826 3059 decebat,
848 2989 1052 3046 reuerenciam
1072 2989 1225 3048 exhibere.

77 3073 212 3132 Cernens
233 3091 307 3133 uero
327 3077 432 3134 beatus
452 3075 615 3150 Gregorius
636 3077 716 3150 quod
741 3093 776 3134 se
796 3075 927 3133 interra
948 3077 1038 3133 uellet
1060 3076 1224 3149 prohicere,

78 3160 226 3220 festinauit
238 3171 269 3220 et
285 3163 384 3238 primo
403 3180 437 3222 se
456 3181 556 3221 coram
573 3164 640 3238 ipso
653 3163 808 3221 interram
825 3164 995 3238 prostrauit,
1008 3181 1063 3221 nec
1075 3164 1145 3222 inde
1157 3181 1223 3222 sur·

79 3247 156 3307 rexit
172 3267 326 3325 quousque
344 3251 435 3308 abbas
453 3254 550 3325 primo
569 3251 759 3310 surrexisset
837 3239 992 3328 'Quidam
1012 3251 1156 3309 heremita
1173 3252 1224 3326 qui
1237 3277 1270 3328 30

79 3336 177 3395 omnia
197 3347 321 3413 propter
338 3341 429 3397 deum
450 3340 610 3414 reliquerat
628 3348 658 3398 et
676 3339 768 3398 nichil
786 3349 890 3414 preter
908 3357 997 3397 unam
1014 3349 1109 3397 catam
1127 3341 1224 3414 possi·

79 3425 174 3494 debat,
189 3442 278 3499 quam
296 3426 451 3485 blandiens
475 3428 582 3486 crebro
601 3427 686 3502 quasi
704 3426 944 3485 cohabitatricem
965 3427 996 3484 in
1018 3428 1081 3485 suis
1100 3429 1224 3502 gremiis

81 3513 244 3586 refouebat3
265 3514 361 3572 orauit
377 3515 416 3572 ad
433 3515 586 3572 dominum
603 3524 636 3573 ut
653 3515 709 3573 sibi
728 3517 888 3573 ostendere
899 3515 1073 3589 dignaretur
1084 3534 1152 3575 cum
1164 3535 1225 3591 quo

81 3601 175 3658 future
188 3601 440 3660 remuneracionis
453 3604 640 3661 mansionem
657 3621 781 3679 sperare
794 3603 956 3675 debuisset,
968 3604 1019 3677 qui
1032 3604 1110 3662 illius
1122 3622 1224 3662 amore

82 3687 169 3748 nichil
186 3706 225 3747 ex
244 3691 336 3748 seculi
355 3690 471 3749 diuiciis
489 3691 670 3766 possidebat
708 3691 746 3749 Et
764 3693 928 3750 reuelatum
948 3700 994 3749 est
1010 3691 1039 3749 ei
1056 3693 1136 3765 quod
1155 3709 1223 3750 cum
1236 3715 1268 3767 35

82 3773 222 3850 Gregorio
232 3780 419 3836 mansionem
427 3796 550 3854 sperare
559 3780 691 3838 deberet
729 3779 767 3838 Et
778 3797 846 3838 cum
855 3778 968 3836 sortiter
978 3779 1226 3854 ingemisce[ns]⁸

83 3862 213 3938 Gregorii
231 3865 355 3923 diuicias
373 3882 428 3924 sue
447 3868 613 3942 paupertati
632 3867 681 3926 die
699 3875 847 3942 nocteque
865 3867 1046 3942 suspirando
1065 3866 1225 3941 conferret,

82 3951 139 4010 alia
155 3961 238 4011 nocte
256 3953 368 4012 audiuit
386 3955 540 4013 dominum
559 3955 708 4013 dicentem
727 3955 803 4013 sibi:
823 3955 915 4014 ‘Cum
932 3955 1056 4013 diuitem
1074 3973 1135 4014 non
1154 3973 1225 4030 pos·

84 4038 175 4100 sessio
191 4039 366 4100 diuiciarum
384 4041 481 4115 iaciat,
498 4051 547 4102 set
564 4041 691 4118 cupido:
721 4060 774 4101 cur
797 4043 891 4102 audes
914 4051 1121 4118 paupertatem
1142 4052 1224 4103 tuam

116 4227 123 4260 ¹
139 4229 187 4281 Vit.
198 4231 264 4282 adds
274 4232 375 4296 anglica
384 4231 480 4296 lingua.
578 4231 590 4262 ¹
606 4249 656 4286 om.
669 4234 696 4286 lu
708 4233 738 4286 E.
833 4233 844 4265 ⁸
861 4233 891 4287 E.
903 4249 1000 4286 eorum
1103 4232 1114 4265 ⁴
1130 4234 1159 4284 li.
1171 4240 1226 4286 tres

84 4295 222 4362 ydropicos.
322 4301 333 4330 ⁸
348 4297 378 4350 Τ.
389 4297 497 4362 pristini
590 4297 601 4328 ⁸
618 4299 695 4352 From
707 4299 769 4366 Leg.
780 4301 877 4363 Aurea,
889 4315 915 4366 p.
930 4315 985 4366 ¹93·
1080 4299 1090 4328 '¹
1106 4300 1145 4352 Ci
1160 4300 1223 4365 Leg.

85 4364 209 4428 Aures.
224 4377 279 4428 ¹9⁵·
380 4363 435 4417 ⁸T.
448 4364 638 4428 ingemisceret.
