<?xml version="1.0" encoding="UTF-8"?>
<!DOCTYPE html PUBLIC "-//W3C//DTD XHTML 1.0 Transitional//EN"
    "http://www.w3.org/TR/xhtml1/DTD/xhtml1-transitional.dtd">
<html xmlns="http://www.w3.org/1999/xhtml" xml:lang="en" lang="en">
 <head>
  <title>
</title>
<meta http-equiv="Content-Type" content="text/html;charset=utf-8" />
  <meta name='ocr-system' content='tesseract 3.04.00' />
  <meta name='ocr-capabilities' content='ocr_page ocr_carea ocr_par ocr_line ocrx_word'/>
</head>
<body>
  <div class='ocr_page' id='page_1' title='image "./novalegendaangl00wordgoog/novalegendaangl00wordgoog_0373.png"; bbox 0 0 3048 4884; ppageno 0'>
   <div class='ocr_carea' id='block_1_1' title="bbox 247 247 1079 357">
    <p class='ocr_par' dir='ltr' id='par_1_1' title="bbox 247 247 1079 357">
     <span class='ocr_line' id='line_1_1' title="bbox 247 247 1079 357; baseline -0.011 -10"><span class='ocrx_word' id='word_1_1' title='bbox 247 257 321 348; x_wconf 84' lang='lat'>3⁶4</span> <span class='ocrx_word' id='word_1_2' title='bbox 556 253 688 343; x_wconf 64' lang='lat' dir='ltr'>utta</span> <span class='ocrx_word' id='word_1_3' title='bbox 713 247 903 355; x_wconf 63' lang='lat' dir='ltr'>[matht</span> <span class='ocrx_word' id='word_1_4' title='bbox 928 247 1079 357; x_wconf 62' lang='lat' dir='ltr'>angla</span> 
     </span>
    </p>
   </div>
   <div class='ocr_carea' id='block_1_2' title="bbox 390 483 1245 560">
    <p class='ocr_par' dir='ltr' id='par_1_2' title="bbox 390 483 1245 560">
     <span class='ocr_line' id='line_1_2' title="bbox 390 483 1245 560; baseline -0.006 -1"><span class='ocrx_word' id='word_1_5' title='bbox 390 497 415 560; x_wconf 69' lang='lat' dir='ltr'>*l</span> <span class='ocrx_word' id='word_1_6' title='bbox 435 483 490 556; x_wconf 82' lang='lat' dir='ltr'>Dr</span> <span class='ocrx_word' id='word_1_7' title='bbox 508 513 624 556; x_wconf 76' lang='lat' dir='ltr'>sancro</span> <span class='ocrx_word' id='word_1_8' title='bbox 641 485 791 556; x_wconf 72' lang='lat' dir='ltr'>Tasuao</span> <span class='ocrx_word' id='word_1_9' title='bbox 808 515 952 558; x_wconf 78' lang='lat' dir='ltr'>srtscoro</span> <span class='ocrx_word' id='word_1_10' title='bbox 970 515 1008 556; x_wconf 81' lang='lat' dir='ltr'>rr</span> <span class='ocrx_word' id='word_1_11' title='bbox 1025 513 1216 557; x_wconf 81' lang='lat' dir='ltr'>conrassoar</span> <span class='ocrx_word' id='word_1_12' title='bbox 1226 489 1245 554; x_wconf 85' lang='lat'>¹.</span> 
     </span>
    </p>
   </div>
   <div class='ocr_carea' id='block_1_3' title="bbox 208 613 1407 3931">
    <p class='ocr_par' dir='ltr' id='par_1_3' title="bbox 302 613 1405 690">
     <span class='ocr_line' id='line_1_3' title="bbox 302 613 1405 690; baseline -0.002 -14"><span class='ocrx_word' id='word_1_13' title='bbox 302 613 419 676; x_wconf 79' lang='lat' dir='ltr'>Anctus</span> <span class='ocrx_word' id='word_1_14' title='bbox 432 620 512 677; x_wconf 89' lang='lat' dir='ltr'>enim</span> <span class='ocrx_word' id='word_1_15' title='bbox 525 619 688 678; x_wconf 79' lang='lat' dir='ltr'>Thettaus¹</span> <span class='ocrx_word' id='word_1_16' title='bbox 699 621 739 677; x_wconf 87' lang='lat' dir='ltr'>ab</span> <span class='ocrx_word' id='word_1_17' title='bbox 753 619 877 677; x_wconf 85' lang='lat' dir='ltr'>infantia</span> <span class='ocrx_word' id='word_1_18' title='bbox 889 620 938 678; x_wconf 89' lang='lat' dir='ltr'>dei</span> <span class='ocrx_word' id='word_1_19' title='bbox 950 620 1045 677; x_wconf 89' lang='lat' dir='ltr'>cultor</span> <span class='ocrx_word' id='word_1_20' title='bbox 1056 621 1201 690; x_wconf 83' lang='lat' dir='ltr'><strong>existens,</strong></span> <span class='ocrx_word' id='word_1_21' title='bbox 1209 617 1405 676; x_wconf 78' lang='lat' dir='ltr'>orationibus</span> 
     </span>
    </p>

    <p class='ocr_par' dir='ltr' id='par_1_4' title="bbox 337 706 1403 780">
     <span class='ocr_line' id='line_1_4' title="bbox 337 706 1403 780; baseline -0.003 -17"><span class='ocrx_word' id='word_1_22' title='bbox 337 715 367 763; x_wconf 87' lang='lat' dir='ltr'>et</span> <span class='ocrx_word' id='word_1_23' title='bbox 380 706 488 780; x_wconf 88' lang='lat' dir='ltr'>vigiliis</span> <span class='ocrx_word' id='word_1_24' title='bbox 501 707 559 764; x_wconf 89' lang='lat' dir='ltr'>deo</span> <span class='ocrx_word' id='word_1_25' title='bbox 571 707 724 764; x_wconf 85' lang='lat' dir='ltr'>militauit:</span> <span class='ocrx_word' id='word_1_26' title='bbox 744 708 889 780; x_wconf 89' lang='lat' dir='ltr'>seipsum,</span> <span class='ocrx_word' id='word_1_27' title='bbox 897 716 930 764; x_wconf 88' lang='lat' dir='ltr'>vt</span> <span class='ocrx_word' id='word_1_28' title='bbox 942 707 1015 764; x_wconf 83' lang='lat' dir='ltr'>ulios</span> <span class='ocrx_word' id='word_1_29' title='bbox 1028 707 1248 780; x_wconf 74' lang='lat' dir='ltr'>pinguesceret,</span> <span class='ocrx_word' id='word_1_30' title='bbox 1261 721 1403 762; x_wconf 84' lang='lat' dir='ltr'>macera·</span> 
     </span>
    </p>

    <p class='ocr_par' dir='ltr' id='par_1_5' title="bbox 208 793 1406 2704">
     <span class='ocr_line' id='line_1_5' title="bbox 248 793 1404 868; baseline 0 -19"><span class='ocrx_word' id='word_1_31' title='bbox 248 793 307 863; x_wconf 89' lang='lat' dir='ltr'>bat,</span> <span class='ocrx_word' id='word_1_32' title='bbox 326 793 504 867; x_wconf 91' lang='lat' dir='ltr'>omniaque</span> <span class='ocrx_word' id='word_1_33' title='bbox 526 793 699 868; x_wconf 80' lang='lat' dir='ltr'>possidebat</span> <span class='ocrx_word' id='word_1_34' title='bbox 721 793 905 868; x_wconf 90' lang='lat' dir='ltr'>pauperibus</span> <span class='ocrx_word' id='word_1_35' title='bbox 923 796 1089 868; x_wconf 81' lang='lat' dir='ltr'>errogabat,</span> <span class='ocrx_word' id='word_1_36' title='bbox 1107 802 1137 850; x_wconf 90' lang='lat' dir='ltr'>et</span> <span class='ocrx_word' id='word_1_37' title='bbox 1157 794 1282 851; x_wconf 87' lang='lat' dir='ltr'>aliorum</span> <span class='ocrx_word' id='word_1_38' title='bbox 1306 795 1404 849; x_wconf 87' lang='lat' dir='ltr'>mise·</span> 
     </span>
     <span class='ocr_line' id='line_1_6' title="bbox 248 879 1404 954; baseline -0.003 -17"><span class='ocrx_word' id='word_1_39' title='bbox 248 881 370 938; x_wconf 88' lang='lat' dir='ltr'>rebatur</span> <span class='ocrx_word' id='word_1_40' title='bbox 377 879 396 952; x_wconf 85' lang='lat'>¹,</span> <span class='ocrx_word' id='word_1_41' title='bbox 409 891 440 938; x_wconf 86' lang='lat' dir='ltr'>vt</span> <span class='ocrx_word' id='word_1_42' title='bbox 458 881 693 938; x_wconf 86' lang='lat' dir='ltr'>misericordiam</span> <span class='ocrx_word' id='word_1_43' title='bbox 710 890 953 954; x_wconf 85' lang='lat' dir='ltr'>consequeretur.</span> <span class='ocrx_word' id='word_1_44' title='bbox 991 881 1038 938; x_wconf 84' lang='lat' dir='ltr'>Ex</span> <span class='ocrx_word' id='word_1_45' title='bbox 1057 881 1205 938; x_wconf 90' lang='lat' dir='ltr'>nobilibus</span> <span class='ocrx_word' id='word_1_46' title='bbox 1218 880 1404 954; x_wconf 87' lang='lat' dir='ltr'>parentibus</span> 
     </span>
     <span class='ocr_line' id='line_1_7' title="bbox 220 967 1403 1042; baseline -0.002 -18"><span class='ocrx_word' id='word_1_47' title='bbox 220 977 331 1034; x_wconf 72' lang='lat' dir='ltr'>sortus</span> <span class='ocrx_word' id='word_1_48' title='bbox 349 975 405 1040; x_wconf 88' lang='lat' dir='ltr'>est,</span> <span class='ocrx_word' id='word_1_49' title='bbox 417 977 449 1026; x_wconf 85' lang='lat' dir='ltr'>vt</span> <span class='ocrx_word' id='word_1_50' title='bbox 467 970 567 1026; x_wconf 89' lang='lat' dir='ltr'>carnis</span> <span class='ocrx_word' id='word_1_51' title='bbox 585 969 723 1026; x_wconf 80' lang='lat' dir='ltr'>nobilitas</span> <span class='ocrx_word' id='word_1_52' title='bbox 741 970 820 1026; x_wconf 89' lang='lat' dir='ltr'>inter</span> <span class='ocrx_word' id='word_1_53' title='bbox 832 969 971 1026; x_wconf 87' lang='lat' dir='ltr'>homines</span> <span class='ocrx_word' id='word_1_54' title='bbox 990 969 1163 1026; x_wconf 82' lang='lat' dir='ltr'>honestaret</span> <span class='ocrx_word' id='word_1_55' title='bbox 1178 985 1258 1038; x_wconf 91' lang='lat' dir='ltr'>eum,</span> <span class='ocrx_word' id='word_1_56' title='bbox 1270 969 1322 1042; x_wconf 90' lang='lat' dir='ltr'>qui</span> <span class='ocrx_word' id='word_1_57' title='bbox 1335 967 1403 1022; x_wconf 81' lang='lat' dir='ltr'>iam</span> 
     </span>
     <span class='ocr_line' id='line_1_8' title="bbox 248 1053 1402 1130; baseline -0.002 -18"><span class='ocrx_word' id='word_1_58' title='bbox 248 1053 340 1112; x_wconf 89' lang='lat' dir='ltr'>animi</span> <span class='ocrx_word' id='word_1_59' title='bbox 359 1055 532 1114; x_wconf 77' lang='lat' dir='ltr'>nobilitate*</span> <span class='ocrx_word' id='word_1_60' title='bbox 551 1057 630 1128; x_wconf 87' lang='lat' dir='ltr'>apud</span> <span class='ocrx_word' id='word_1_61' title='bbox 643 1056 734 1114; x_wconf 90' lang='lat' dir='ltr'>deum</span> <span class='ocrx_word' id='word_1_62' title='bbox 747 1055 961 1130; x_wconf 76' lang='lat' dir='ltr'>acceptabilis⁵</span> <span class='ocrx_word' id='word_1_63' title='bbox 978 1065 1052 1114; x_wconf 85' lang='lat' dir='ltr'>erat.</span> <span class='ocrx_word' id='word_1_64' title='bbox 1091 1055 1163 1112; x_wconf 86' lang='lat' dir='ltr'>Post</span> <span class='ocrx_word' id='word_1_65' title='bbox 1174 1057 1402 1112; x_wconf 87' lang='lat' dir='ltr'>incrementum</span> 
     </span>
     <span class='ocr_line' id='line_1_9' title="bbox 248 1140 1404 1218; baseline -0.002 -18"><span class='ocrx_word' id='word_1_66' title='bbox 248 1152 348 1200; x_wconf 89' lang='lat' dir='ltr'>autem</span> <span class='ocrx_word' id='word_1_67' title='bbox 367 1144 464 1212; x_wconf 88' lang='lat' dir='ltr'>etatis,</span> <span class='ocrx_word' id='word_1_68' title='bbox 479 1145 621 1201; x_wconf 81' lang='lat' dir='ltr'>virtutum</span> <span class='ocrx_word' id='word_1_69' title='bbox 640 1151 671 1200; x_wconf 94' lang='lat' dir='ltr'>et</span> <span class='ocrx_word' id='word_1_70' title='bbox 694 1143 849 1217; x_wconf 84' lang='lat' dir='ltr'>sapientie,</span> <span class='ocrx_word' id='word_1_71' title='bbox 865 1142 1017 1218; x_wconf 76' lang='lat' dir='ltr'>congrue·</span> <span class='ocrx_word' id='word_1_72' title='bbox 1036 1143 1158 1202; x_wconf 89' lang='lat' dir='ltr'>nomine</span> <span class='ocrx_word' id='word_1_73' title='bbox 1177 1140 1352 1216; x_wconf 83' lang='lat' dir='ltr'>‘Helyos&#39;&#39;</span> <span class='ocrx_word' id='word_1_74' title='bbox 1382 1157 1404 1198; x_wconf 82' lang='lat' dir='ltr'>a</span> 
     </span>
     <span class='ocr_line' id='line_1_10' title="bbox 250 1230 1404 1306; baseline -0.003 -18"><span class='ocrx_word' id='word_1_75' title='bbox 250 1230 436 1303; x_wconf 77' lang='lat' dir='ltr'>sapientibus</span> <span class='ocrx_word' id='word_1_76' title='bbox 446 1239 635 1304; x_wconf 87' lang='lat' dir='ltr'>nuncupatus</span> <span class='ocrx_word' id='word_1_77' title='bbox 644 1231 845 1305; x_wconf 86' lang='lat' dir='ltr'>est-‘elyos’</span> <span class='ocrx_word' id='word_1_78' title='bbox 857 1231 940 1288; x_wconf 90' lang='lat' dir='ltr'>enim</span> <span class='ocrx_word' id='word_1_79' title='bbox 947 1249 1046 1306; x_wconf 88' lang='lat' dir='ltr'>grece,</span> <span class='ocrx_word' id='word_1_80' title='bbox 1060 1232 1151 1288; x_wconf 87' lang='lat' dir='ltr'>latine</span> <span class='ocrx_word' id='word_1_81' title='bbox 1160 1233 1167 1260; x_wconf 91' lang='lat'>‘</span> <span class='ocrx_word' id='word_1_82' title='bbox 1176 1231 1235 1288; x_wconf 84' lang='lat' dir='ltr'>sol’</span> <span class='ocrx_word' id='word_1_83' title='bbox 1247 1231 1404 1303; x_wconf 89' lang='lat' dir='ltr'>interpre-</span> 
     </span>
     <span class='ocr_line' id='line_1_11' title="bbox 249 1317 1404 1391; baseline -0.003 -16"><span class='ocrx_word' id='word_1_84' title='bbox 249 1326 351 1376; x_wconf 83' lang='lat' dir='ltr'>tatur:</span> <span class='ocrx_word' id='word_1_85' title='bbox 378 1317 509 1391; x_wconf 81' lang='lat' dir='ltr'>fulgebat</span> <span class='ocrx_word' id='word_1_86' title='bbox 533 1321 614 1376; x_wconf 88' lang='lat' dir='ltr'>enim</span> <span class='ocrx_word' id='word_1_87' title='bbox 639 1321 716 1376; x_wconf 91' lang='lat' dir='ltr'>sicut</span> <span class='ocrx_word' id='word_1_88' title='bbox 741 1320 787 1376; x_wconf 91' lang='lat' dir='ltr'>sol</span> <span class='ocrx_word' id='word_1_89' title='bbox 810 1319 946 1376; x_wconf 88' lang='lat' dir='ltr'>doctrina</span> <span class='ocrx_word' id='word_1_90' title='bbox 965 1322 1039 1390; x_wconf 89' lang='lat' dir='ltr'>eius,</span> <span class='ocrx_word' id='word_1_91' title='bbox 1061 1320 1195 1376; x_wconf 88' lang='lat' dir='ltr'>fidelium</span> <span class='ocrx_word' id='word_1_92' title='bbox 1220 1318 1404 1375; x_wconf 89' lang='lat' dir='ltr'>illustrando</span> 
     </span>
     <span class='ocr_line' id='line_1_12' title="bbox 208 1403 1403 1480; baseline -0.004 -16"><span class='ocrx_word' id='word_1_93' title='bbox 208 1426 239 1464; x_wconf 86' lang='grc' dir='ltr'>ιο</span> <span class='ocrx_word' id='word_1_94' title='bbox 252 1405 351 1462; x_wconf 82' lang='lat' dir='ltr'>corda</span> <span class='ocrx_word' id='word_1_95' title='bbox 377 1403 439 1463; x_wconf 87' lang='lat' dir='ltr'>Sed</span> <span class='ocrx_word' id='word_1_96' title='bbox 452 1405 534 1463; x_wconf 90' lang='lat' dir='ltr'>laicis</span> <span class='ocrx_word' id='word_1_97' title='bbox 546 1415 716 1464; x_wconf 83' lang='lat' dir='ltr'>extremum</span> <span class='ocrx_word' id='word_1_98' title='bbox 728 1406 863 1464; x_wconf 86' lang='lat' dir='ltr'>vocabuli</span> <span class='ocrx_word' id='word_1_99' title='bbox 876 1415 1017 1480; x_wconf 81' lang='lat' dir='ltr'>corrupte</span> <span class='ocrx_word' id='word_1_100' title='bbox 1029 1405 1260 1480; x_wconf 88' lang='lat' dir='ltr'>proferentibus,</span> <span class='ocrx_word' id='word_1_101' title='bbox 1268 1403 1403 1460; x_wconf 90' lang='lat' dir='ltr'>adoleuit</span> 
     </span>
     <span class='ocr_line' id='line_1_13' title="bbox 251 1493 1402 1567; baseline -0.001 -19"><span class='ocrx_word' id='word_1_102' title='bbox 251 1494 332 1565; x_wconf 92' lang='lat' dir='ltr'>quod</span> <span class='ocrx_word' id='word_1_103' title='bbox 357 1493 569 1567; x_wconf 76' lang='lat' dir='ltr'>non‚‘Elyos,’</span> <span class='ocrx_word' id='word_1_104' title='bbox 593 1495 647 1551; x_wconf 88' lang='lat' dir='ltr'>sed</span> <span class='ocrx_word' id='word_1_105' title='bbox 673 1493 794 1551; x_wconf 83' lang='lat' dir='ltr'>‘Eliud’</span> <span class='ocrx_word' id='word_1_106' title='bbox 825 1495 1083 1567; x_wconf 84' lang='lat' dir='ltr'>appella[ba]tur⁸.</span> <span class='ocrx_word' id='word_1_107' title='bbox 1120 1494 1149 1551; x_wconf 92' lang='lat' dir='ltr'><strong>A</strong></span> <span class='ocrx_word' id='word_1_108' title='bbox 1180 1501 1284 1550; x_wconf 88' lang='lat' dir='ltr'>sancto</span> <span class='ocrx_word' id='word_1_109' title='bbox 1315 1493 1402 1548; x_wconf 87' lang='lat' dir='ltr'>enirn</span> 
     </span>
     <span class='ocr_line' id='line_1_14' title="bbox 253 1579 1404 1655; baseline -0.002 -19"><span class='ocrx_word' id='word_1_110' title='bbox 253 1579 395 1638; x_wconf 89' lang='lat' dir='ltr'>Dubn&#39;cio</span> <span class='ocrx_word' id='word_1_111' title='bbox 408 1579 550 1655; x_wconf 88' lang='lat' dir='ltr'>episcopo</span> <span class='ocrx_word' id='word_1_112' title='bbox 562 1583 593 1638; x_wconf 89' lang='lat' dir='ltr'>in</span> <span class='ocrx_word' id='word_1_113' title='bbox 607 1582 764 1655; x_wconf 83' lang='lat' dir='ltr'>scripturis</span> <span class='ocrx_word' id='word_1_114' title='bbox 776 1583 888 1640; x_wconf 86' lang='lat' dir='ltr'>sanetis</span> <span class='ocrx_word' id='word_1_115' title='bbox 903 1583 1037 1640; x_wconf 87' lang='lat' dir='ltr'>eruditus</span> <span class='ocrx_word' id='word_1_116' title='bbox 1050 1582 1113 1650; x_wconf 89' lang='lat' dir='ltr'>fuit,</span> <span class='ocrx_word' id='word_1_117' title='bbox 1127 1582 1222 1638; x_wconf 92' lang='lat' dir='ltr'>donec</span> <span class='ocrx_word' id='word_1_118' title='bbox 1234 1597 1303 1636; x_wconf 89' lang='lat' dir='ltr'>eum</span> <span class='ocrx_word' id='word_1_119' title='bbox 1316 1587 1404 1636; x_wconf 88' lang='lat' dir='ltr'>tante</span> 
     </span>
     <span class='ocr_line' id='line_1_15' title="bbox 251 1667 1402 1743; baseline -0.002 -19"><span class='ocrx_word' id='word_1_120' title='bbox 251 1667 361 1726; x_wconf 89' lang='lat' dir='ltr'>indolis</span> <span class='ocrx_word' id='word_1_121' title='bbox 373 1686 499 1742; x_wconf 91' lang='lat' dir='ltr'>puerum</span> <span class='ocrx_word' id='word_1_122' title='bbox 513 1670 681 1742; x_wconf 82' lang='lat' dir='ltr'>perpendit,</span> <span class='ocrx_word' id='word_1_123' title='bbox 694 1679 725 1726; x_wconf 86' lang='lat' dir='ltr'>vt</span> <span class='ocrx_word' id='word_1_124' title='bbox 742 1669 848 1743; x_wconf 89' lang='lat' dir='ltr'>spiritu</span> <span class='ocrx_word' id='word_1_125' title='bbox 867 1679 972 1727; x_wconf 87' lang='lat' dir='ltr'>sancto</span> <span class='ocrx_word' id='word_1_126' title='bbox 987 1679 1167 1742; x_wconf 89' lang='lat' dir='ltr'>cooperante</span> <span class='ocrx_word' id='word_1_127' title='bbox 1183 1669 1402 1741; x_wconf 87' lang='lat' dir='ltr'>scripturarum</span> 
     </span>
     <span class='ocr_line' id='line_1_16' title="bbox 253 1755 1403 1832; baseline -0.002 -20"><span class='ocrx_word' id='word_1_128' title='bbox 253 1756 348 1812; x_wconf 91' lang='lat' dir='ltr'>nodos</span> <span class='ocrx_word' id='word_1_129' title='bbox 377 1756 511 1829; x_wconf 84' lang='lat' dir='ltr'>perfecte</span> <span class='ocrx_word' id='word_1_130' title='bbox 541 1757 712 1830; x_wconf 79' lang='lat' dir='ltr'>explicaret.</span> <span class='ocrx_word' id='word_1_131' title='bbox 749 1755 834 1814; x_wconf 91' lang='lat' dir='ltr'>Tunc</span> <span class='ocrx_word' id='word_1_132' title='bbox 858 1774 936 1832; x_wconf 90' lang='lat' dir='ltr'>puer</span> <span class='ocrx_word' id='word_1_133' title='bbox 960 1765 1091 1827; x_wconf 90' lang='lat' dir='ltr'>sanctus,</span> <span class='ocrx_word' id='word_1_134' title='bbox 1115 1757 1215 1813; x_wconf 84' lang='lat' dir='ltr'>audita</span> <span class='ocrx_word' id='word_1_135' title='bbox 1244 1755 1403 1812; x_wconf 82' lang='lat' dir='ltr'>cuiusdam</span> 
     </span>
     <span class='ocr_line' id='line_1_17' title="bbox 210 1842 1405 1917; baseline -0.005 -15"><span class='ocrx_word' id='word_1_136' title='bbox 210 1865 239 1917; x_wconf 85' lang='lat'>¹5</span> <span class='ocrx_word' id='word_1_137' title='bbox 255 1842 370 1900; x_wconf 87' lang='lat' dir='ltr'>Paulini</span> <span class='ocrx_word' id='word_1_138' title='bbox 389 1843 535 1917; x_wconf 88' lang='lat' dir='ltr'>sapientis</span> <span class='ocrx_word' id='word_1_139' title='bbox 553 1844 609 1902; x_wconf 91' lang='lat' dir='ltr'>viri</span> <span class='ocrx_word' id='word_1_140' title='bbox 622 1844 709 1915; x_wconf 83' lang='lat' dir='ltr'>fama,</span> <span class='ocrx_word' id='word_1_141' title='bbox 722 1845 848 1901; x_wconf 89' lang='lat' dir='ltr'>accessit</span> <span class='ocrx_word' id='word_1_142' title='bbox 860 1846 898 1901; x_wconf 95' lang='lat' dir='ltr'>ad</span> <span class='ocrx_word' id='word_1_143' title='bbox 915 1861 995 1914; x_wconf 90' lang='lat' dir='ltr'>eum,</span> <span class='ocrx_word' id='word_1_144' title='bbox 1008 1854 1038 1901; x_wconf 91' lang='lat' dir='ltr'>et</span> <span class='ocrx_word' id='word_1_145' title='bbox 1051 1845 1265 1916; x_wconf 82' lang='lat' dir='ltr'>scripturarum</span> <span class='ocrx_word' id='word_1_146' title='bbox 1282 1851 1405 1897; x_wconf 86' lang='lat' dir='ltr'>secreta</span> 
     </span>
     <span class='ocr_line' id='line_1_18' title="bbox 253 1927 1403 2006; baseline -0.003 -19"><span class='ocrx_word' id='word_1_147' title='bbox 253 1947 323 1987; x_wconf 90' lang='lat' dir='ltr'>cum</span> <span class='ocrx_word' id='word_1_148' title='bbox 338 1931 389 1987; x_wconf 91' lang='lat' dir='ltr'>illo</span> <span class='ocrx_word' id='word_1_149' title='bbox 405 1931 595 1988; x_wconf 84' lang='lat' dir='ltr'>conferebat:</span> <span class='ocrx_word' id='word_1_150' title='bbox 614 1933 663 1988; x_wconf 87' lang='lat' dir='ltr'>vbi</span> <span class='ocrx_word' id='word_1_151' title='bbox 681 1939 817 1988; x_wconf 87' lang='lat' dir='ltr'>sanctum</span> <span class='ocrx_word' id='word_1_152' title='bbox 831 1929 937 2000; x_wconf 84' lang='lat' dir='ltr'>Dauid,</span> <span class='ocrx_word' id='word_1_153' title='bbox 950 1930 1084 2006; x_wconf 91' lang='lat' dir='ltr'>perfecte</span> <span class='ocrx_word' id='word_1_154' title='bbox 1096 1930 1248 1987; x_wconf 90' lang='lat' dir='ltr'>hominem</span> <span class='ocrx_word' id='word_1_155' title='bbox 1260 1927 1330 1996; x_wconf 84' lang='lat' dir='ltr'>vite,</span> <span class='ocrx_word' id='word_1_156' title='bbox 1343 1929 1403 1984; x_wconf 92' lang='lat' dir='ltr'>sibi</span> 
     </span>
     <span class='ocr_line' id='line_1_19' title="bbox 253 2015 1403 2096; baseline -0.005 -20"><span class='ocrx_word' id='word_1_157' title='bbox 253 2018 410 2076; x_wconf 86' lang='lat' dir='ltr'>associauit</span> <span class='ocrx_word' id='word_1_158' title='bbox 422 2039 429 2086; x_wconf 88' lang='lat'><strong>;</strong></span> <span class='ocrx_word' id='word_1_159' title='bbox 441 2035 518 2092; x_wconf 91' lang='lat' dir='ltr'>quos</span> <span class='ocrx_word' id='word_1_160' title='bbox 534 2027 615 2076; x_wconf 85' lang='lat' dir='ltr'>tanta</span> <span class='ocrx_word' id='word_1_161' title='bbox 627 2019 780 2076; x_wconf 82' lang='lat' dir='ltr'>coniunxit</span> <span class='ocrx_word' id='word_1_162' title='bbox 792 2017 911 2076; x_wconf 91' lang='lat' dir='ltr'>dilectio</span> <span class='ocrx_word' id='word_1_163' title='bbox 924 2027 953 2076; x_wconf 90' lang='lat' dir='ltr'>et</span> <span class='ocrx_word' id='word_1_164' title='bbox 966 2021 1061 2075; x_wconf 87' lang='lat' dir='ltr'>sancti</span> <span class='ocrx_word' id='word_1_165' title='bbox 1074 2017 1196 2091; x_wconf 88' lang='lat' dir='ltr'>spiritus</span> <span class='ocrx_word' id='word_1_166' title='bbox 1208 2015 1310 2096; x_wconf 82' lang='lat' dir='ltr'>gratia,</span> <span class='ocrx_word' id='word_1_167' title='bbox 1319 2016 1403 2088; x_wconf 92' lang='lat' dir='ltr'>quod</span> 
     </span>
     <span class='ocr_line' id='line_1_20' title="bbox 255 2093 1404 2164; baseline -0.002 -4"><span class='ocrx_word' id='word_1_168' title='bbox 255 2103 336 2161; x_wconf 88' lang='lat' dir='ltr'>idem</span> <span class='ocrx_word' id='word_1_169' title='bbox 345 2105 423 2162; x_wconf 89' lang='lat' dir='ltr'>velle</span> <span class='ocrx_word' id='word_1_170' title='bbox 436 2115 466 2162; x_wconf 90' lang='lat' dir='ltr'>et</span> <span class='ocrx_word' id='word_1_171' title='bbox 484 2106 563 2162; x_wconf 89' lang='lat' dir='ltr'>nolle</span> <span class='ocrx_word' id='word_1_172' title='bbox 581 2106 727 2163; x_wconf 91' lang='lat' dir='ltr'>ambobus</span> <span class='ocrx_word' id='word_1_173' title='bbox 745 2115 836 2164; x_wconf 87' lang='lat' dir='ltr'>esset.</span> <span class='ocrx_word' id='word_1_174' title='bbox 910 2093 948 2162; x_wconf 91' lang='lat' dir='ltr'>ln</span> <span class='ocrx_word' id='word_1_175' title='bbox 967 2106 1093 2162; x_wconf 88' lang='lat' dir='ltr'>istorum</span> <span class='ocrx_word' id='word_1_176' title='bbox 1111 2115 1211 2162; x_wconf 88' lang='lat' dir='ltr'>autem</span> <span class='ocrx_word' id='word_1_177' title='bbox 1229 2113 1404 2160; x_wconf 89' lang='lat' dir='ltr'>sanctorum</span> 
     </span>
     <span class='ocr_line' id='line_1_21' title="bbox 255 2191 1405 2267; baseline -0.003 -18"><span class='ocrx_word' id='word_1_178' title='bbox 255 2191 361 2249; x_wconf 90' lang='lat' dir='ltr'>diebus</span> <span class='ocrx_word' id='word_1_179' title='bbox 379 2193 501 2265; x_wconf 92' lang='lat' dir='ltr'>quidam</span> <span class='ocrx_word' id='word_1_180' title='bbox 521 2193 632 2267; x_wconf 92' lang='lat' dir='ltr'>populi,</span> <span class='ocrx_word' id='word_1_181' title='bbox 645 2193 696 2266; x_wconf 91' lang='lat' dir='ltr'>qui</span> <span class='ocrx_word' id='word_1_182' title='bbox 716 2193 781 2250; x_wconf 88' lang='lat' dir='ltr'>siue</span> <span class='ocrx_word' id='word_1_183' title='bbox 799 2209 818 2250; x_wconf 89' lang='lat' dir='ltr'>a</span> <span class='ocrx_word' id='word_1_184' title='bbox 839 2193 927 2266; x_wconf 87' lang='lat' dir='ltr'>pictis</span> <span class='ocrx_word' id='word_1_185' title='bbox 944 2193 1088 2261; x_wconf 86' lang='lat' dir='ltr'>vestibus,</span> <span class='ocrx_word' id='word_1_186' title='bbox 1107 2193 1173 2249; x_wconf 91' lang='lat' dir='ltr'>siue</span> <span class='ocrx_word' id='word_1_187' title='bbox 1191 2199 1314 2264; x_wconf 88' lang='lat' dir='ltr'>propter</span> <span class='ocrx_word' id='word_1_188' title='bbox 1331 2207 1405 2246; x_wconf 89' lang='lat' dir='ltr'>ocu-</span> 
     </span>
     <span class='ocr_line' id='line_1_22' title="bbox 211 2277 1405 2354; baseline -0.008 -12"><span class='ocrx_word' id='word_1_189' title='bbox 211 2305 241 2342; x_wconf 81' lang='lat' dir='ltr'>ao</span> <span class='ocrx_word' id='word_1_190' title='bbox 256 2279 352 2336; x_wconf 90' lang='lat' dir='ltr'>lorum</span> <span class='ocrx_word' id='word_1_191' title='bbox 365 2279 512 2354; x_wconf 87' lang='lat' dir='ltr'>stigmata,</span> <span class='ocrx_word' id='word_1_192' title='bbox 522 2285 529 2313; x_wconf 78' lang='lat'><strong><em>⁴</em></strong></span> <span class='ocrx_word' id='word_1_193' title='bbox 538 2280 627 2338; x_wconf 87' lang='lat' dir='ltr'>Picti&#39;</span> <span class='ocrx_word' id='word_1_194' title='bbox 637 2280 821 2349; x_wconf 85' lang='lat' dir='ltr'>dicebantur,</span> <span class='ocrx_word' id='word_1_195' title='bbox 830 2295 898 2337; x_wconf 92' lang='lat' dir='ltr'>cum</span> <span class='ocrx_word' id='word_1_196' title='bbox 910 2280 1069 2338; x_wconf 88' lang='lat' dir='ltr'>innumera</span> <span class='ocrx_word' id='word_1_197' title='bbox 1081 2280 1177 2337; x_wconf 88' lang='lat' dir='ltr'>classe</span> <span class='ocrx_word' id='word_1_198' title='bbox 1189 2280 1227 2336; x_wconf 91' lang='lat' dir='ltr'>de</span> <span class='ocrx_word' id='word_1_199' title='bbox 1241 2277 1354 2334; x_wconf 89' lang='lat' dir='ltr'>Scithia</span> <span class='ocrx_word' id='word_1_200' title='bbox 1363 2279 1405 2333; x_wconf 86' lang='lat' dir='ltr'>ad</span> 
     </span>
     <span class='ocr_line' id='line_1_23' title="bbox 258 2365 1404 2442; baseline -0.002 -18"><span class='ocrx_word' id='word_1_201' title='bbox 258 2366 443 2424; x_wconf 85' lang='lat' dir='ltr'>Britanniam</span> <span class='ocrx_word' id='word_1_202' title='bbox 455 2378 611 2439; x_wconf 88' lang='lat' dir='ltr'>venerunt,</span> <span class='ocrx_word' id='word_1_203' title='bbox 625 2376 654 2425; x_wconf 92' lang='lat' dir='ltr'>et</span> <span class='ocrx_word' id='word_1_204' title='bbox 672 2369 751 2442; x_wconf 91' lang='lat' dir='ltr'>capti</span> <span class='ocrx_word' id='word_1_205' title='bbox 769 2385 873 2426; x_wconf 88' lang='lat' dir='ltr'>amore</span> <span class='ocrx_word' id='word_1_206' title='bbox 885 2377 966 2425; x_wconf 87' lang='lat' dir='ltr'>terre</span> <span class='ocrx_word' id='word_1_207' title='bbox 985 2367 1176 2441; x_wconf 88' lang='lat' dir='ltr'>possidende,</span> <span class='ocrx_word' id='word_1_208' title='bbox 1189 2366 1284 2439; x_wconf 89' lang='lat' dir='ltr'>magis</span> <span class='ocrx_word' id='word_1_209' title='bbox 1296 2365 1404 2422; x_wconf 86' lang='lat' dir='ltr'>fraude</span> 
     </span>
     <span class='ocr_line' id='line_1_24' title="bbox 255 2453 1406 2528; baseline -0.003 -16"><span class='ocrx_word' id='word_1_210' title='bbox 255 2471 346 2528; x_wconf 89' lang='lat' dir='ltr'>quam</span> <span class='ocrx_word' id='word_1_211' title='bbox 356 2455 470 2512; x_wconf 89' lang='lat' dir='ltr'>viribus</span> <span class='ocrx_word' id='word_1_212' title='bbox 481 2455 640 2513; x_wconf 88' lang='lat' dir='ltr'>Britannos</span> <span class='ocrx_word' id='word_1_213' title='bbox 652 2457 838 2526; x_wconf 80' lang='lat' dir='ltr'>inuaserant,</span> <span class='ocrx_word' id='word_1_214' title='bbox 845 2463 877 2512; x_wconf 93' lang='lat' dir='ltr'>et</span> <span class='ocrx_word' id='word_1_215' title='bbox 890 2454 920 2513; x_wconf 90' lang='lat' dir='ltr'>in</span> <span class='ocrx_word' id='word_1_216' title='bbox 933 2456 1003 2513; x_wconf 71' lang='lat' dir='ltr'>eos·</span> <span class='ocrx_word' id='word_1_217' title='bbox 1011 2457 1049 2512; x_wconf 88' lang='lat' dir='ltr'>ad</span> <span class='ocrx_word' id='word_1_218' title='bbox 1059 2465 1179 2527; x_wconf 90' lang='lat' dir='ltr'>tempus</span> <span class='ocrx_word' id='word_1_219' title='bbox 1192 2454 1298 2510; x_wconf 86' lang='lat' dir='ltr'>miram</span> <span class='ocrx_word' id='word_1_220' title='bbox 1310 2453 1406 2510; x_wconf 86' lang='lat' dir='ltr'>tiran-</span> 
     </span>
     <span class='ocr_line' id='line_1_25' title="bbox 257 2540 1404 2617; baseline -0.002 -19"><span class='ocrx_word' id='word_1_221' title='bbox 257 2543 358 2600; x_wconf 89' lang='lat' dir='ltr'>nidem</span> <span class='ocrx_word' id='word_1_222' title='bbox 379 2553 587 2600; x_wconf 82' lang='lat' dir='ltr'>exercuerunt.</span> <span class='ocrx_word' id='word_1_223' title='bbox 631 2543 767 2614; x_wconf 83' lang='lat' dir='ltr'>Quorum</span> <span class='ocrx_word' id='word_1_224' title='bbox 787 2542 932 2617; x_wconf 87' lang='lat' dir='ltr'>[quidam]</span> <span class='ocrx_word' id='word_1_225' title='bbox 945 2542 965 2575; x_wconf 81' lang='lat'>¹⁰</span> <span class='ocrx_word' id='word_1_226' title='bbox 980 2543 1124 2616; x_wconf 90' lang='lat' dir='ltr'>princeps</span> <span class='ocrx_word' id='word_1_227' title='bbox 1142 2540 1270 2599; x_wconf 88' lang='lat' dir='ltr'>miseros</span> <span class='ocrx_word' id='word_1_228' title='bbox 1287 2541 1404 2597; x_wconf 79' lang='lat' dir='ltr'>incolas</span> 
     </span>
     <span class='ocr_line' id='line_1_26' title="bbox 256 2629 1406 2704; baseline -0.002 -18"><span class='ocrx_word' id='word_1_229' title='bbox 256 2629 441 2701; x_wconf 87' lang='lat' dir='ltr'>trucidando,</span> <span class='ocrx_word' id='word_1_230' title='bbox 453 2632 527 2688; x_wconf 87' lang='lat' dir='ltr'>edes</span> <span class='ocrx_word' id='word_1_231' title='bbox 539 2639 569 2686; x_wconf 90' lang='lat' dir='ltr'>et</span> <span class='ocrx_word' id='word_1_232' title='bbox 581 2631 693 2704; x_wconf 89' lang='lat' dir='ltr'>templa</span> <span class='ocrx_word' id='word_1_233' title='bbox 705 2631 919 2701; x_wconf 87' lang='lat' dir='ltr'>comburendo,</span> <span class='ocrx_word' id='word_1_234' title='bbox 926 2649 1022 2704; x_wconf 86' lang='lat' dir='ltr'>vsque</span> <span class='ocrx_word' id='word_1_235' title='bbox 1041 2629 1212 2688; x_wconf 85' lang='lat' dir='ltr'>Meneniam</span> <span class='ocrx_word' id='word_1_236' title='bbox 1226 2629 1406 2704; x_wconf 81' lang='lat' dir='ltr'>procedens,</span> 
     </span>
    </p>

    <p class='ocr_par' dir='ltr' id='par_1_6' title="bbox 213 2717 1407 3580">
     <span class='ocr_line' id='line_1_27' title="bbox 213 2717 1405 2793; baseline -0.005 -15"><span class='ocrx_word' id='word_1_237' title='bbox 213 2741 242 2793; x_wconf 80' lang='lat'>²5</span> <span class='ocrx_word' id='word_1_238' title='bbox 257 2717 400 2791; x_wconf 86' lang='lat' dir='ltr'>palatium</span> <span class='ocrx_word' id='word_1_239' title='bbox 412 2717 453 2774; x_wconf 91' lang='lat' dir='ltr'>ibi</span> <span class='ocrx_word' id='word_1_240' title='bbox 466 2717 640 2775; x_wconf 85' lang='lat' dir='ltr'>construxit.</span> <span class='ocrx_word' id='word_1_241' title='bbox 679 2717 716 2775; x_wconf 83' lang='lat' dir='ltr'>Et</span> <span class='ocrx_word' id='word_1_242' title='bbox 728 2718 836 2776; x_wconf 89' lang='lat' dir='ltr'>videns</span> <span class='ocrx_word' id='word_1_243' title='bbox 851 2721 946 2777; x_wconf 85' lang='lat' dir='ltr'>sancti</span> <span class='ocrx_word' id='word_1_244' title='bbox 960 2718 1057 2776; x_wconf 90' lang='lat' dir='ltr'>Dauid</span> <span class='ocrx_word' id='word_1_245' title='bbox 1070 2727 1100 2776; x_wconf 91' lang='lat' dir='ltr'>et</span> <span class='ocrx_word' id='word_1_246' title='bbox 1117 2717 1204 2775; x_wconf 88' lang='lat' dir='ltr'>Eliud</span> <span class='ocrx_word' id='word_1_247' title='bbox 1217 2719 1405 2789; x_wconf 86' lang='lat' dir='ltr'>aliorumque</span> 
     </span>
     <span class='ocr_line' id='line_1_28' title="bbox 258 2804 1405 2876; baseline 0 -15"><span class='ocrx_word' id='word_1_248' title='bbox 258 2813 429 2862; x_wconf 88' lang='lat' dir='ltr'>sanctorum</span> <span class='ocrx_word' id='word_1_249' title='bbox 447 2807 509 2862; x_wconf 89' lang='lat' dir='ltr'>vite</span> <span class='ocrx_word' id='word_1_250' title='bbox 528 2815 559 2863; x_wconf 90' lang='lat' dir='ltr'>et</span> <span class='ocrx_word' id='word_1_251' title='bbox 577 2823 696 2862; x_wconf 90' lang='lat' dir='ltr'>morum</span> <span class='ocrx_word' id='word_1_252' title='bbox 714 2805 911 2876; x_wconf 73' lang='lat' dir='ltr'>sanctitatem,</span> <span class='ocrx_word' id='word_1_253' title='bbox 929 2823 990 2863; x_wconf 87' lang='lat' dir='ltr'>non</span> <span class='ocrx_word' id='word_1_254' title='bbox 1015 2807 1111 2864; x_wconf 90' lang='lat' dir='ltr'>solum</span> <span class='ocrx_word' id='word_1_255' title='bbox 1133 2806 1192 2862; x_wconf 89' lang='lat' dir='ltr'>illis</span> <span class='ocrx_word' id='word_1_256' title='bbox 1215 2804 1330 2874; x_wconf 89' lang='lat' dir='ltr'>inuidit,</span> <span class='ocrx_word' id='word_1_257' title='bbox 1350 2805 1405 2861; x_wconf 91' lang='lat' dir='ltr'>sed</span> 
     </span>
     <span class='ocr_line' id='line_1_29' title="bbox 258 2893 1406 2967; baseline -0.001 -19"><span class='ocrx_word' id='word_1_258' title='bbox 258 2893 351 2949; x_wconf 91' lang='lat' dir='ltr'>multa</span> <span class='ocrx_word' id='word_1_259' title='bbox 362 2893 407 2950; x_wconf 90' lang='lat' dir='ltr'>eis</span> <span class='ocrx_word' id='word_1_260' title='bbox 421 2893 582 2966; x_wconf 91' lang='lat' dir='ltr'>obprobria</span> <span class='ocrx_word' id='word_1_261' title='bbox 599 2909 673 2967; x_wconf 88' lang='lat' dir='ltr'>sepe</span> <span class='ocrx_word' id='word_1_262' title='bbox 690 2895 822 2966; x_wconf 78' lang='lat' dir='ltr'>ingessit</span> <span class='ocrx_word' id='word_1_263' title='bbox 861 2893 1057 2966; x_wconf 89' lang='lat' dir='ltr'>Precepitque</span> <span class='ocrx_word' id='word_1_264' title='bbox 1069 2897 1155 2950; x_wconf 85' lang='lat' dir='ltr'>vxori</span> <span class='ocrx_word' id='word_1_265' title='bbox 1168 2910 1223 2950; x_wconf 91' lang='lat' dir='ltr'>sue</span> <span class='ocrx_word' id='word_1_266' title='bbox 1234 2894 1272 2949; x_wconf 95' lang='lat' dir='ltr'>ad</span> <span class='ocrx_word' id='word_1_267' title='bbox 1285 2901 1406 2949; x_wconf 88' lang='lat' dir='ltr'>sanctos</span> 
     </span>
     <span class='ocr_line' id='line_1_30' title="bbox 258 2979 1406 3055; baseline -0.001 -19"><span class='ocrx_word' id='word_1_268' title='bbox 258 2980 381 3037; x_wconf 84' lang='lat' dir='ltr'>ancillas</span> <span class='ocrx_word' id='word_1_269' title='bbox 398 2997 469 3037; x_wconf 88' lang='lat' dir='ltr'>suas</span> <span class='ocrx_word' id='word_1_270' title='bbox 481 2981 610 3054; x_wconf 81' lang='lat' dir='ltr'>dirigere</span> <span class='ocrx_word' id='word_1_271' title='bbox 622 2991 652 3040; x_wconf 91' lang='lat' dir='ltr'>et</span> <span class='ocrx_word' id='word_1_272' title='bbox 665 2981 795 3038; x_wconf 88' lang='lat' dir='ltr'>motibus</span> <span class='ocrx_word' id='word_1_273' title='bbox 810 2999 969 3055; x_wconf 89' lang='lat' dir='ltr'>corporum</span> <span class='ocrx_word' id='word_1_274' title='bbox 981 2981 1140 3054; x_wconf 88' lang='lat' dir='ltr'>impudicis</span> <span class='ocrx_word' id='word_1_275' title='bbox 1152 2990 1182 3038; x_wconf 88' lang='lat' dir='ltr'>et</span> <span class='ocrx_word' id='word_1_276' title='bbox 1194 2979 1406 3037; x_wconf 87' lang='lat' dir='ltr'>blandimentis</span> 
     </span>
     <span class='ocr_line' id='line_1_31' title="bbox 259 3067 1405 3142; baseline -0.001 -19"><span class='ocrx_word' id='word_1_277' title='bbox 259 3077 430 3124; x_wconf 88' lang='lat' dir='ltr'>sanctorum</span> <span class='ocrx_word' id='word_1_278' title='bbox 455 3076 572 3125; x_wconf 90' lang='lat' dir='ltr'>mentes</span> <span class='ocrx_word' id='word_1_279' title='bbox 593 3085 612 3124; x_wconf 92' lang='lat' dir='ltr'>a</span> <span class='ocrx_word' id='word_1_280' title='bbox 631 3069 786 3141; x_wconf 88' lang='lat' dir='ltr'>proposito</span> <span class='ocrx_word' id='word_1_281' title='bbox 805 3078 988 3142; x_wconf 90' lang='lat' dir='ltr'>peruertere.</span> <span class='ocrx_word' id='word_1_282' title='bbox 1025 3067 1092 3140; x_wconf 86' lang='lat' dir='ltr'>Que</span> <span class='ocrx_word' id='word_1_283' title='bbox 1114 3069 1186 3124; x_wconf 89' lang='lat' dir='ltr'>dum</span> <span class='ocrx_word' id='word_1_284' title='bbox 1206 3068 1327 3124; x_wconf 89' lang='lat' dir='ltr'>domine</span> <span class='ocrx_word' id='word_1_285' title='bbox 1352 3083 1405 3122; x_wconf 90' lang='lat' dir='ltr'>sue</span> 
     </span>
     <span class='ocr_line' id='line_1_32' title="bbox 213 3145 1405 3238; baseline 0 -28"><span class='ocrx_word' id='word_1_286' title='bbox 213 3188 246 3238; x_wconf 76' lang='lat'>30</span> <span class='ocrx_word' id='word_1_287' title='bbox 259 3154 400 3212; x_wconf 86' lang='lat' dir='ltr'>mandata</span> <span class='ocrx_word' id='word_1_288' title='bbox 417 3164 590 3230; x_wconf 87' lang='lat' dir='ltr'>sequentes,</span> <span class='ocrx_word' id='word_1_289' title='bbox 608 3155 694 3228; x_wconf 86' lang='lat' dir='ltr'>quasi</span> <span class='ocrx_word' id='word_1_290' title='bbox 716 3154 838 3213; x_wconf 89' lang='lat' dir='ltr'>insanas</span> <span class='ocrx_word' id='word_1_291' title='bbox 857 3173 892 3214; x_wconf 92' lang='lat' dir='ltr'>se</span> <span class='ocrx_word' id='word_1_292' title='bbox 908 3145 1092 3227; x_wconf 82' lang='lat' dir='ltr'>simularent,</span> <span class='ocrx_word' id='word_1_293' title='bbox 1111 3155 1217 3212; x_wconf 89' lang='lat' dir='ltr'>insane</span> <span class='ocrx_word' id='word_1_294' title='bbox 1233 3153 1310 3212; x_wconf 87' lang='lat' dir='ltr'>facte</span> <span class='ocrx_word' id='word_1_295' title='bbox 1328 3163 1405 3211; x_wconf 84' lang='lat' dir='ltr'>sunt</span> 
     </span>
     <span class='ocr_line' id='line_1_33' title="bbox 259 3239 1406 3316; baseline 0.001 -19"><span class='ocrx_word' id='word_1_296' title='bbox 259 3239 327 3312; x_wconf 85' lang='lat' dir='ltr'>Quo</span> <span class='ocrx_word' id='word_1_297' title='bbox 339 3243 404 3300; x_wconf 88' lang='lat' dir='ltr'>viso</span> <span class='ocrx_word' id='word_1_298' title='bbox 412 3251 612 3316; x_wconf 86' lang='lat' dir='ltr'>persequutor</span> <span class='ocrx_word' id='word_1_299' title='bbox 623 3242 673 3300; x_wconf 91' lang='lat' dir='ltr'>ille</span> <span class='ocrx_word' id='word_1_300' title='bbox 686 3251 716 3300; x_wconf 91' lang='lat' dir='ltr'>et</span> <span class='ocrx_word' id='word_1_301' title='bbox 728 3245 899 3301; x_wconf 86' lang='lat' dir='ltr'>domussua</span> <span class='ocrx_word' id='word_1_302' title='bbox 911 3253 972 3301; x_wconf 87' lang='lat' dir='ltr'>tota</span> <span class='ocrx_word' id='word_1_303' title='bbox 983 3244 1076 3302; x_wconf 87' lang='lat' dir='ltr'>fidem</span> <span class='ocrx_word' id='word_1_304' title='bbox 1087 3243 1197 3301; x_wconf 89' lang='lat' dir='ltr'>Christi</span> <span class='ocrx_word' id='word_1_305' title='bbox 1207 3241 1406 3315; x_wconf 87' lang='lat' dir='ltr'>suscipientes</span> 
     </span>
     <span class='ocr_line' id='line_1_34' title="bbox 259 3318 1406 3404; baseline 0.001 -20"><span class='ocrx_word' id='word_1_306' title='bbox 259 3328 399 3404; x_wconf 87' lang='lat' dir='ltr'>baptizati</span> <span class='ocrx_word' id='word_1_307' title='bbox 424 3339 502 3386; x_wconf 86' lang='lat' dir='ltr'>sunt.</span> <span class='ocrx_word' id='word_1_308' title='bbox 587 3318 671 3390; x_wconf 88' lang='lat' dir='ltr'>Cum</span> <span class='ocrx_word' id='word_1_309' title='bbox 695 3331 778 3388; x_wconf 92' lang='lat' dir='ltr'>enim</span> <span class='ocrx_word' id='word_1_310' title='bbox 801 3341 923 3390; x_wconf 84' lang='lat' dir='ltr'>sanctus</span> <span class='ocrx_word' id='word_1_311' title='bbox 947 3331 1099 3400; x_wconf 88' lang='lat' dir='ltr'>Theliaus,</span> <span class='ocrx_word' id='word_1_312' title='bbox 1118 3332 1170 3404; x_wconf 92' lang='lat' dir='ltr'>qui</span> <span class='ocrx_word' id='word_1_313' title='bbox 1194 3339 1225 3386; x_wconf 90' lang='lat' dir='ltr'>et</span> <span class='ocrx_word' id='word_1_314' title='bbox 1249 3329 1357 3403; x_wconf 84' lang='lat' dir='ltr'>Elyud,</span> <span class='ocrx_word' id='word_1_315' title='bbox 1378 3339 1406 3385; x_wconf 91' lang='lat' dir='ltr'>et</span> 
     </span>
     <span class='ocr_line' id='line_1_35' title="bbox 261 3414 1407 3491; baseline 0.001 -19"><span class='ocrx_word' id='word_1_316' title='bbox 261 3414 406 3473; x_wconf 89' lang='lat' dir='ltr'>Madocus</span> <span class='ocrx_word' id='word_1_317' title='bbox 427 3417 604 3476; x_wconf 88' lang='lat' dir='ltr'>lectionibus</span> <span class='ocrx_word' id='word_1_318' title='bbox 627 3427 776 3490; x_wconf 89' lang='lat' dir='ltr'>vacarent,</span> <span class='ocrx_word' id='word_1_319' title='bbox 801 3419 977 3491; x_wconf 87' lang='lat' dir='ltr'>superuenit</span> <span class='ocrx_word' id='word_1_320' title='bbox 1002 3417 1131 3476; x_wconf 87' lang='lat' dir='ltr'>famulus</span> <span class='ocrx_word' id='word_1_321' title='bbox 1155 3419 1285 3491; x_wconf 76' lang='lat' dir='ltr'>quidm,</span> <span class='ocrx_word' id='word_1_322' title='bbox 1305 3418 1407 3474; x_wconf 84' lang='lat' dir='ltr'>dicens</span> 
     </span>
     <span class='ocr_line' id='line_1_36' title="bbox 260 3502 1407 3580; baseline 0 -20"><span class='ocrx_word' id='word_1_323' title='bbox 260 3502 340 3576; x_wconf 89' lang='lat' dir='ltr'>ligna</span> <span class='ocrx_word' id='word_1_324' title='bbox 352 3503 460 3560; x_wconf 89' lang='lat' dir='ltr'>deesse</span> <span class='ocrx_word' id='word_1_325' title='bbox 472 3506 582 3578; x_wconf 89' lang='lat' dir='ltr'>quibus</span> <span class='ocrx_word' id='word_1_326' title='bbox 593 3522 667 3562; x_wconf 85' lang='lat' dir='ltr'>cena</span> <span class='ocrx_word' id='word_1_327' title='bbox 680 3505 804 3563; x_wconf 82' lang='lat' dir='ltr'>fratrum</span> <span class='ocrx_word' id='word_1_328' title='bbox 817 3505 972 3579; x_wconf 85' lang='lat' dir='ltr'>preparari</span> <span class='ocrx_word' id='word_1_329' title='bbox 985 3515 1097 3580; x_wconf 88' lang='lat' dir='ltr'>posset.</span> <span class='ocrx_word' id='word_1_330' title='bbox 1126 3505 1185 3576; x_wconf 82' lang='lat' dir='ltr'>Qui</span> <span class='ocrx_word' id='word_1_331' title='bbox 1197 3521 1269 3578; x_wconf 83' lang='lat' dir='ltr'>egre</span> <span class='ocrx_word' id='word_1_332' title='bbox 1279 3503 1407 3561; x_wconf 88' lang='lat' dir='ltr'>ferentes</span> 
     </span>
    </p>

    <p class='ocr_par' dir='ltr' id='par_1_7' title="bbox 215 3591 1407 3931">
     <span class='ocr_line' id='line_1_37' title="bbox 215 3591 1406 3673; baseline 0 -26"><span class='ocrx_word' id='word_1_333' title='bbox 215 3621 246 3673; x_wconf 76' lang='lat'>35</span> <span class='ocrx_word' id='word_1_334' title='bbox 260 3591 368 3662; x_wconf 86' lang='lat' dir='ltr'>audita,</span> <span class='ocrx_word' id='word_1_335' title='bbox 389 3593 427 3649; x_wconf 87' lang='lat' dir='ltr'>ad</span> <span class='ocrx_word' id='word_1_336' title='bbox 447 3592 554 3649; x_wconf 90' lang='lat' dir='ltr'>siluam</span> <span class='ocrx_word' id='word_1_337' title='bbox 579 3611 648 3651; x_wconf 90' lang='lat' dir='ltr'>cum</span> <span class='ocrx_word' id='word_1_338' title='bbox 673 3593 862 3651; x_wconf 88' lang='lat' dir='ltr'>festinatione</span> <span class='ocrx_word' id='word_1_339' title='bbox 884 3595 1059 3668; x_wconf 83' lang='lat' dir='ltr'>pergebant.</span> <span class='ocrx_word' id='word_1_340' title='bbox 1096 3592 1134 3650; x_wconf 84' lang='lat' dir='ltr'>Et</span> <span class='ocrx_word' id='word_1_341' title='bbox 1155 3610 1226 3650; x_wconf 88' lang='lat' dir='ltr'>ecce</span> <span class='ocrx_word' id='word_1_342' title='bbox 1247 3593 1308 3649; x_wconf 88' lang='lat' dir='ltr'>duo</span> <span class='ocrx_word' id='word_1_343' title='bbox 1328 3591 1406 3648; x_wconf 90' lang='lat' dir='ltr'>cerui</span> 
     </span>
     <span class='ocr_line' id='line_1_38' title="bbox 260 3679 1407 3754; baseline 0.001 -20"><span class='ocrx_word' id='word_1_344' title='bbox 260 3679 410 3736; x_wconf 86' lang='lat' dir='ltr'>mansueti</span> <span class='ocrx_word' id='word_1_345' title='bbox 431 3690 631 3751; x_wconf 89' lang='lat' dir='ltr'>occurrentes,</span> <span class='ocrx_word' id='word_1_346' title='bbox 652 3681 738 3754; x_wconf 80' lang='lat' dir='ltr'>quasi</span> <span class='ocrx_word' id='word_1_347' title='bbox 759 3682 797 3738; x_wconf 92' lang='lat' dir='ltr'>ad</span> <span class='ocrx_word' id='word_1_348' title='bbox 822 3683 1016 3739; x_wconf 89' lang='lat' dir='ltr'>seruiendum</span> <span class='ocrx_word' id='word_1_349' title='bbox 1040 3680 1145 3754; x_wconf 87' lang='lat' dir='ltr'>parati,</span> <span class='ocrx_word' id='word_1_350' title='bbox 1166 3679 1242 3737; x_wconf 92' lang='lat' dir='ltr'>colla</span> <span class='ocrx_word' id='word_1_351' title='bbox 1262 3696 1318 3737; x_wconf 84' lang='lat' dir='ltr'>sua</span> <span class='ocrx_word' id='word_1_352' title='bbox 1341 3680 1407 3751; x_wconf 88' lang='lat' dir='ltr'>iugo</span> 
     </span>
     <span class='ocr_line' id='line_1_39' title="bbox 261 3765 1407 3842; baseline -0.001 -19"><span class='ocrx_word' id='word_1_353' title='bbox 261 3767 482 3825; x_wconf 84' lang='lat' dir='ltr'>submittebant</span> <span class='ocrx_word' id='word_1_354' title='bbox 519 3767 656 3841; x_wconf 88' lang='lat' dir='ltr'>Cumque</span> <span class='ocrx_word' id='word_1_355' title='bbox 672 3771 767 3826; x_wconf 90' lang='lat' dir='ltr'>sancti</span> <span class='ocrx_word' id='word_1_356' title='bbox 783 3776 906 3826; x_wconf 89' lang='lat' dir='ltr'>onerato</span> <span class='ocrx_word' id='word_1_357' title='bbox 924 3769 1058 3842; x_wconf 87' lang='lat' dir='ltr'>plaustro</span> <span class='ocrx_word' id='word_1_358' title='bbox 1077 3767 1220 3835; x_wconf 86' lang='lat' dir='ltr'>redirent,</span> <span class='ocrx_word' id='word_1_359' title='bbox 1232 3765 1305 3823; x_wconf 89' lang='lat' dir='ltr'>viris</span> <span class='ocrx_word' id='word_1_360' title='bbox 1322 3766 1407 3839; x_wconf 86' lang='lat' dir='ltr'>longe</span> 
     </span>
     <span class='ocr_line' id='line_1_40' title="bbox 261 3854 1405 3931; baseline -0.002 -19"><span class='ocrx_word' id='word_1_361' title='bbox 261 3857 493 3931; x_wconf 89' lang='lat' dir='ltr'>precedentibus</span> <span class='ocrx_word' id='word_1_362' title='bbox 505 3859 626 3922; x_wconf 86' lang='lat' dir='ltr'>sanctis,</span> <span class='ocrx_word' id='word_1_363' title='bbox 638 3857 720 3913; x_wconf 89' lang='lat' dir='ltr'>nullo</span> <span class='ocrx_word' id='word_1_364' title='bbox 732 3867 857 3931; x_wconf 88' lang='lat' dir='ltr'>vrgente</span> <span class='ocrx_word' id='word_1_365' title='bbox 874 3857 955 3915; x_wconf 90' lang='lat' dir='ltr'>cerui</span> <span class='ocrx_word' id='word_1_366' title='bbox 967 3856 1110 3915; x_wconf 84' lang='lat' dir='ltr'>velociter</span> <span class='ocrx_word' id='word_1_367' title='bbox 1122 3873 1176 3912; x_wconf 93' lang='lat' dir='ltr'>eos</span> <span class='ocrx_word' id='word_1_368' title='bbox 1190 3854 1309 3928; x_wconf 90' lang='lat' dir='ltr'>sequuti</span> <span class='ocrx_word' id='word_1_369' title='bbox 1322 3863 1405 3912; x_wconf 88' lang='lat' dir='ltr'>sunt:</span> 
     </span>
    </p>
   </div>
   <div class='ocr_carea' id='block_1_4' title="bbox 263 3975 1412 4375">
    <p class='ocr_par' dir='ltr' id='par_1_8' title="bbox 263 3975 1412 4375">
     <span class='ocr_line' id='line_1_41' title="bbox 294 3975 1412 4043; baseline -0.003 -13"><span class='ocrx_word' id='word_1_370' title='bbox 294 3979 305 4012; x_wconf 89' lang='lat'><strong>¹</strong></span> <span class='ocrx_word' id='word_1_371' title='bbox 322 3981 370 4032; x_wconf 84' lang='lat' dir='ltr'>Ed.</span> <span class='ocrx_word' id='word_1_372' title='bbox 382 3981 408 4029; x_wconf 88' lang='lat' dir='ltr'>in</span> <span class='ocrx_word' id='word_1_373' title='bbox 420 3981 453 4030; x_wconf 81' lang='lat' dir='ltr'>A.</span> <span class='ocrx_word' id='word_1_374' title='bbox 466 3979 515 4030; x_wconf 88' lang='lat' dir='ltr'>SS.</span> <span class='ocrx_word' id='word_1_375' title='bbox 527 3979 593 4030; x_wconf 85' lang='lat' dir='ltr'>Boll</span> <span class='ocrx_word' id='word_1_376' title='bbox 605 3979 679 4029; x_wconf 83' lang='lat' dir='ltr'>Febr.</span> <span class='ocrx_word' id='word_1_377' title='bbox 692 3979 725 4030; x_wconf 95' lang='lat' dir='ltr'>ll.</span> <span class='ocrx_word' id='word_1_378' title='bbox 737 3995 762 4043; x_wconf 93' lang='lat' dir='ltr'>p.</span> <span class='ocrx_word' id='word_1_379' title='bbox 775 3981 832 4042; x_wconf 74' lang='lat' dir='ltr'>goa.</span> <span class='ocrx_word' id='word_1_380' title='bbox 865 3981 998 4042; x_wconf 82' lang='lat' dir='ltr'>Abridged</span> <span class='ocrx_word' id='word_1_381' title='bbox 1013 3980 1079 4030; x_wconf 86' lang='lat' dir='ltr'>from</span> <span class='ocrx_word' id='word_1_382' title='bbox 1094 3979 1140 4028; x_wconf 88' lang='lat' dir='ltr'>the</span> <span class='ocrx_word' id='word_1_383' title='bbox 1150 3977 1210 4027; x_wconf 84' lang='lat' dir='ltr'>Vita</span> <span class='ocrx_word' id='word_1_384' title='bbox 1224 3977 1260 4038; x_wconf 84' lang='lat' dir='ltr'>by</span> <span class='ocrx_word' id='word_1_385' title='bbox 1272 3976 1370 4027; x_wconf 77' lang='lat' dir='ltr'>Gelfn&#39;d</span> <span class='ocrx_word' id='word_1_386' title='bbox 1384 3975 1412 4027; x_wconf 88' lang='lat' dir='ltr'>of</span> 
     </span>
     <span class='ocr_line' id='line_1_42' title="bbox 264 4043 1405 4109; baseline -0.006 -11"><span class='ocrx_word' id='word_1_387' title='bbox 264 4047 384 4098; x_wconf 78' lang='lat' dir='ltr'>Llandalf</span> <span class='ocrx_word' id='word_1_388' title='bbox 399 4047 426 4094; x_wconf 87' lang='lat' dir='ltr'>in</span> <span class='ocrx_word' id='word_1_389' title='bbox 447 4045 502 4096; x_wconf 86' lang='lat' dir='ltr'>llS.</span> <span class='ocrx_word' id='word_1_390' title='bbox 519 4044 598 4109; x_wconf 86' lang='lat' dir='ltr'>Vesp.</span> <span class='ocrx_word' id='word_1_391' title='bbox 614 4045 647 4096; x_wconf 80' lang='grc' dir='ltr'>Α,</span> <span class='ocrx_word' id='word_1_392' title='bbox 664 4045 735 4098; x_wconf 85' lang='lat' dir='ltr'>xlv.</span> <span class='ocrx_word' id='word_1_393' title='bbox 755 4047 826 4109; x_wconf 83' lang='lat' dir='ltr'>(and,</span> <span class='ocrx_word' id='word_1_394' title='bbox 844 4047 908 4097; x_wconf 82' lang='lat' dir='ltr'>with</span> <span class='ocrx_word' id='word_1_395' title='bbox 928 4045 1066 4106; x_wconf 80' lang='lat' dir='ltr'>additions,</span> <span class='ocrx_word' id='word_1_396' title='bbox 1088 4045 1114 4093; x_wconf 87' lang='lat' dir='ltr'>in</span> <span class='ocrx_word' id='word_1_397' title='bbox 1133 4045 1179 4093; x_wconf 89' lang='lat' dir='ltr'>the</span> <span class='ocrx_word' id='word_1_398' title='bbox 1201 4043 1279 4092; x_wconf 84' lang='lat' dir='ltr'>Liber</span> <span class='ocrx_word' id='word_1_399' title='bbox 1299 4043 1405 4092; x_wconf 70' lang='lat' dir='ltr'>landav.</span> 
     </span>
     <span class='ocr_line' id='line_1_43' title="bbox 264 4107 1407 4176; baseline -0.006 -12"><span class='ocrx_word' id='word_1_400' title='bbox 264 4129 295 4165; x_wconf 89' lang='lat' dir='ltr'>or</span> <span class='ocrx_word' id='word_1_401' title='bbox 312 4113 390 4162; x_wconf 88' lang='lat' dir='ltr'>Liber</span> <span class='ocrx_word' id='word_1_402' title='bbox 405 4111 485 4175; x_wconf 88' lang='lat' dir='ltr'>Teilo,</span> <span class='ocrx_word' id='word_1_403' title='bbox 505 4113 545 4162; x_wconf 85' lang='lat' dir='ltr'>ed</span> <span class='ocrx_word' id='word_1_404' title='bbox 565 4112 645 4173; x_wconf 82' lang='lat' dir='ltr'>Rees,</span> <span class='ocrx_word' id='word_1_405' title='bbox 665 4113 737 4174; x_wconf 78' lang='lat'>1840,</span> <span class='ocrx_word' id='word_1_406' title='bbox 754 4127 778 4175; x_wconf 90' lang='lat' dir='ltr'>p.</span> <span class='ocrx_word' id='word_1_407' title='bbox 790 4119 853 4176; x_wconf 82' lang='lat' dir='ltr'>9a);</span> <span class='ocrx_word' id='word_1_408' title='bbox 877 4113 962 4176; x_wconf 80' lang='lat' dir='ltr'>partly</span> <span class='ocrx_word' id='word_1_409' title='bbox 979 4113 1020 4163; x_wconf 91' lang='lat' dir='ltr'>ed.</span> <span class='ocrx_word' id='word_1_410' title='bbox 1038 4112 1063 4160; x_wconf 87' lang='lat' dir='ltr'>in</span> <span class='ocrx_word' id='word_1_411' title='bbox 1075 4111 1207 4161; x_wconf 79' lang='lat' dir='ltr'>Wharton</span> <span class='ocrx_word' id='word_1_412' title='bbox 1224 4108 1256 4158; x_wconf 85' lang='grc' dir='ltr'>Α.</span> <span class='ocrx_word' id='word_1_413' title='bbox 1269 4107 1297 4159; x_wconf 89' lang='lat' dir='ltr'>S.</span> <span class='ocrx_word' id='word_1_414' title='bbox 1311 4109 1345 4158; x_wconf 91' lang='lat' dir='ltr'>ll.</span> <span class='ocrx_word' id='word_1_415' title='bbox 1356 4111 1407 4158; x_wconf 82' lang='lat' dir='ltr'>6⁶a.</span> 
     </span>
     <span class='ocr_line' id='line_1_44' title="bbox 263 4172 1408 4238; baseline -0.005 -9"><span class='ocrx_word' id='word_1_416' title='bbox 263 4178 274 4208; x_wconf 77' lang='lat'><em>²</em></span> <span class='ocrx_word' id='word_1_417' title='bbox 289 4178 323 4228; x_wconf 78' lang='lat' dir='ltr'>sl.</span> <span class='ocrx_word' id='word_1_418' title='bbox 335 4179 448 4238; x_wconf 82' lang='lat' dir='ltr'>Teliaus,</span> <span class='ocrx_word' id='word_1_419' title='bbox 460 4177 559 4236; x_wconf 80' lang='lat' dir='ltr'>Teliau,</span> <span class='ocrx_word' id='word_1_420' title='bbox 570 4177 654 4238; x_wconf 75' lang='lat' dir='ltr'>lello,</span> <span class='ocrx_word' id='word_1_421' title='bbox 667 4178 751 4236; x_wconf 83' lang='lat' dir='ltr'>Ellud,</span> <span class='ocrx_word' id='word_1_422' title='bbox 764 4178 841 4227; x_wconf 83' lang='lat' dir='ltr'>Elios.</span> <span class='ocrx_word' id='word_1_423' title='bbox 919 4177 929 4207; x_wconf 84' lang='lat'>⁸</span> <span class='ocrx_word' id='word_1_424' title='bbox 947 4177 977 4228; x_wconf 79' lang='lat' dir='ltr'>E.</span> <span class='ocrx_word' id='word_1_425' title='bbox 989 4177 1165 4227; x_wconf 80' lang='lat' dir='ltr'>miserabatur.</span> <span class='ocrx_word' id='word_1_426' title='bbox 1241 4172 1251 4203; x_wconf 79' lang='lat'><strong>⁴</strong></span> <span class='ocrx_word' id='word_1_427' title='bbox 1271 4175 1301 4224; x_wconf 87' lang='lat' dir='ltr'>E.</span> <span class='ocrx_word' id='word_1_428' title='bbox 1324 4175 1408 4223; x_wconf 80' lang='lat' dir='ltr'>nobili·</span> 
     </span>
     <span class='ocr_line' id='line_1_45' title="bbox 264 4238 1407 4307; baseline 0 -13"><span class='ocrx_word' id='word_1_429' title='bbox 264 4251 351 4294; x_wconf 84' lang='lat' dir='ltr'>tatem.</span> <span class='ocrx_word' id='word_1_430' title='bbox 426 4243 437 4273; x_wconf 81' lang='lat'>¹</span> <span class='ocrx_word' id='word_1_431' title='bbox 454 4243 483 4293; x_wconf 88' lang='lat' dir='ltr'>T.</span> <span class='ocrx_word' id='word_1_432' title='bbox 495 4244 640 4307; x_wconf 75' lang='lat' dir='ltr'>acceptatis.</span> <span class='ocrx_word' id='word_1_433' title='bbox 713 4242 791 4294; x_wconf 79' lang='lat' dir='ltr'>‘Vit</span> <span class='ocrx_word' id='word_1_434' title='bbox 803 4257 926 4307; x_wconf 81' lang='lat' dir='ltr'>congnio.</span> <span class='ocrx_word' id='word_1_435' title='bbox 1004 4241 1014 4272; x_wconf 79' lang='lat'><em>¹</em></span> <span class='ocrx_word' id='word_1_436' title='bbox 1031 4243 1060 4292; x_wconf 89' lang='lat' dir='ltr'>T.</span> <span class='ocrx_word' id='word_1_437' title='bbox 1072 4241 1163 4306; x_wconf 71' lang='lat' dir='ltr'>elyos3</span> <span class='ocrx_word' id='word_1_438' title='bbox 1179 4239 1210 4294; x_wconf 83' lang='lat' dir='ltr'>E.</span> <span class='ocrx_word' id='word_1_439' title='bbox 1221 4238 1301 4305; x_wconf 87' lang='lat' dir='ltr'>Vesp.</span> <span class='ocrx_word' id='word_1_440' title='bbox 1313 4240 1407 4306; x_wconf 75' lang='lat' dir='ltr'>helyas</span> 
     </span>
     <span class='ocr_line' id='line_1_46' title="bbox 263 4307 1054 4375; baseline -0.001 -14"><span class='ocrx_word' id='word_1_441' title='bbox 263 4311 274 4343; x_wconf 82' lang='lat'>⁸</span> <span class='ocrx_word' id='word_1_442' title='bbox 291 4311 329 4361; x_wconf 88' lang='lat' dir='ltr'>So</span> <span class='ocrx_word' id='word_1_443' title='bbox 339 4310 368 4360; x_wconf 83' lang='lat' dir='ltr'>T.</span> <span class='ocrx_word' id='word_1_444' title='bbox 378 4326 386 4372; x_wconf 66' lang='grc' dir='ltr'><strong>ς</strong></span> <span class='ocrx_word' id='word_1_445' title='bbox 402 4309 431 4360; x_wconf 82' lang='grc' dir='ltr'>Ε.</span> <span class='ocrx_word' id='word_1_446' title='bbox 444 4313 594 4375; x_wconf 82' lang='lat' dir='ltr'>appellatur.</span> <span class='ocrx_word' id='word_1_447' title='bbox 659 4307 716 4360; x_wconf 69' lang='lat' dir='ltr'>&#39;E</span> <span class='ocrx_word' id='word_1_448' title='bbox 729 4311 774 4360; x_wconf 81' lang='lat' dir='ltr'>eis</span> <span class='ocrx_word' id='word_1_449' title='bbox 840 4309 862 4342; x_wconf 76' lang='lat'>¹⁰</span> <span class='ocrx_word' id='word_1_450' title='bbox 878 4325 944 4375; x_wconf 63' lang='lat' dir='ltr'>om</span> <span class='ocrx_word' id='word_1_451' title='bbox 960 4309 1054 4360; x_wconf 84' lang='lat' dir='ltr'>soVit.</span> 
     </span>
    </p>
   </div>
   <div class='ocr_carea' id='block_1_5' title="bbox 0 0 1532 4884">
    <p class='ocr_par' dir='ltr' id='par_1_9' title="bbox 0 0 1532 4884">
     <span class='ocr_line' id='line_1_47' title="bbox 0 0 1532 4884; baseline 0 0"><span class='ocrx_word' id='word_1_452' title='bbox 0 0 1532 4884; x_wconf 95' lang='lat' dir='ltr'> </span> 
     </span>
    </p>
   </div>
  </div>
 </body>
</html>
