3062 4888
245 243 321 312 620
679 232 881 334 manmit
908 235 960 314 11.

244 437 320 492 disse
332 445 425 492 cetera
436 437 589 504 maluisset,
602 435 625 492 si
638 435 766 507 preciosa
784 437 902 507 pignora
918 436 1093 508 repperisset.
1139 437 1228 507 Igitur
1239 437 1288 492 tali
1306 436 1386 491 modo

245 521 282 574 ab
300 521 402 576 eodem
419 521 466 576 die
483 532 594 575 noctem
609 519 763 590 proximam
779 520 901 575 dolendo
915 520 991 574 ducit
1008 518 1193 590 insompnem,
1207 521 1306 576 dolens
1321 520 1386 574 iacet

244 599 273 656 in
294 603 384 673 cripta
407 602 530 674 quadarn
552 605 633 658 beate
655 602 770 672 virginis
789 601 905 668 orando,
927 613 955 658 et
979 602 1180 671 necligenciam
1198 619 1250 673 pro
1269 603 1387 673 reliquiis

243 685 360 756 perditis
372 685 479 742 deflens
491 685 602 742 veniam
615 685 715 740 deuote
728 696 862 755 precatur.
900 685 1012 740 Dehinc
1025 685 1115 740 lassus
1126 696 1193 740 ante
1206 685 1263 740 diei
1276 702 1387 754 crepas

217 769 339 830 5culum
358 785 389 824 se
407 769 490 824 vertit
509 769 546 824 ad
563 768 771 835 lectisternium,
790 767 917 823 membra
933 769 1179 839 quantulocunque
1197 769 1293 839 sopori
1312 785 1386 822 com·

245 851 368 906 mittens.
405 851 457 907 Cui
482 851 510 906 in
536 851 662 921 sompnis
685 852 766 906 adest
791 851 832 906 vir
856 852 1017 906 venerande
1041 852 1151 922 speciei,
1170 851 1285 906 dicens:
1311 852 1390 919 ‘Que

245 951 331 990 causa
348 935 464 990 meroris
483 935 522 990 tui
533 935 558 989 l‘
596 933 753 1004 Respondit
771 933 849 1005 quod
867 949 918 1003 pro
936 933 1088 989 amissione
1106 933 1285 1004 reliquiarum
1303 933 1391 989 sancti

247 1018 390 1073 Edmundi
409 1019 522 1074 doleret.
559 1019 597 1073 At
614 1017 677 1072 ille:
697 1017 819 1086 ‘Tange
838 1015 938 1087 inquit,
957 1015 1078 1086 pectoris
1096 1015 1136 1071 tui
1154 1016 1318 1086 superiora:
1340 1016 1393 1071 illic

246 1101 368 1171 reperies
385 1118 439 1173 que
457 1101 508 1155 tibi
526 1101 605 1155 doles
617 1115 679 1155 esse
694 1100 817 1154 remota!
854 1099 1075 1168 Expergeiactus
1090 1115 1206 1152 manum
1218 1099 1298 1169 ponit
1312 1116 1394 1170 supra

204 1203 235 1240 ιο
247 1195 355 1254 pectus,
374 1183 511 1255 sentitque
533 1183 726 1238 dulcissimum
747 1199 857 1248 munus,
873 1181 930 1236 illic
949 1183 1034 1236 credo
1059 1181 1216 1251 depositum
1241 1181 1395 1248 diuinitus;

247 1281 318 1337 quas
336 1265 474 1338 quide[m]
492 1265 623 1337 reliquias
641 1265 807 1320 miraculose
826 1265 962 1334 inuentas,
979 1264 1007 1318 in
1027 1265 1106 1318 altari
1123 1263 1275 1333 gestatorio
1293 1265 1394 1321 decen·

247 1347 354 1404 tissime
367 1348 522 1416 collocauit,
535 1348 678 1403 laudando
691 1348 775 1403 deum
787 1357 814 1402 et
827 1357 955 1403 sanctum
968 1345 1109 1402 martirem
1122 1347 1314 1402 Edmundum.

313 1511 480 1582 Quartana
499 1523 639 1567 SANCTUS
658 1511 843 1566 Enuurtnus
861 1522 1021 1566 susurrus
1040 1520 1336 1565 unursaosnrtnus

841 1631 955 1689 Uodam
968 1641 1093 1702 tempore
1106 1631 1174 1686 dum
1182 1649 1229 1686 rex
1238 1631 1397 1687 Willelmus

874 1715 903 1768 in
925 1714 1101 1768 Nonnannia
1124 1725 1289 1781 moraretur,
1308 1715 1398 1768 abbas

206 1797 426 1862 15Batdewinus
444 1817 462 1853 a
480 1815 553 1868 rege,
572 1807 602 1852 vt
619 1798 787 1870 frequenter,
806 1797 965 1865 accersitus,
984 1797 1039 1851 illis
1058 1796 1086 1850 in
1105 1795 1231 1867 partibus
1249 1797 1335 1851 officii
1355 1797 1398 1852 sui

250 1881 428 1950 diligenciam
447 1881 473 1936 ei
492 1882 604 1936 sedulus
622 1880 779 1938 exhibebat.
816 1883 944 1951 Cumque
962 1879 1070 1948 longior
1088 1877 1147 1933 ibi¹
1164 1896 1244 1933 mora
1264 1879 1352 1946 fieret,
1369 1890 1398 1933 ct

250 1965 371 2034 quedam
387 1963 517 2020 victualia
532 1975 699 2034 consumpta
715 1965 887 2020 deficerent:
908 1963 1049 2033 quendam
1068 1961 1103 2016 de
1118 1960 1184 2028 suis,
1199 1963 1399 2016 Normannum

249 2048 370 2116 nornine,
384 2047 500 2102 domum
512 2047 651 2116 delegauit
662 2056 691 2101 vt
700 2047 857 2119 queminus
866 2046 1051 2117 suppetebant
1059 2045 1171 2100 rediens
1179 2044 1239 2114 ipse
1248 2046 1400 2115 suppleret.

253 2129 409 2184 Insinuauit
427 2131 517 2185 eciam
533 2130 621 2185 abbas
639 2131 752 2186 abeunti
765 2132 801 2187 de
818 2131 940 2201 quodam
959 2127 1124 2199 philacterio
1142 2129 1232 2182 sancti
1253 2128 1399 2183 Edmundi

206 2233 238 2269 ao
251 2211 378 2281 preciosa
402 2213 520 2283 pignora
544 2214 738 2281 concludente,
763 2213 894 2285 quatinus
926 2213 973 2267 illo
1002 2229 1098 2267 secum
1133 2223 1289 2282 assumpto,
1313 2227 1400 2282 quam

251 2296 342 2350 tocius
365 2308 510 2351 remearet.
561 2296 611 2352 Ille
635 2295 757 2367 parcns¹
781 2295 937 2367 imperanti,
962 2295 1032 2350 rnari
1056 2295 1175 2350 transito
1199 2305 1332 2365 properat
1363 2294 1400 2350 ad

251 2377 406 2432 cenobium.
444 2379 481 2434 Et
494 2380 646 2448 assumptis
664 2397 714 2450 pro
728 2380 828 2451 quibus
847 2379 948 2434 missus
964 2378 1063 2447 iuerat,
1076 2376 1271 2448 philacterium
1289 2395 1401 2449 quoque

251 2460 322 2514 collo
335 2461 517 2528 suspendens,
531 2461 630 2530 repetit
644 2462 696 2516 iter
712 2480 768 2534 quo
780 2472 903 2516 venerat.
948 2460 1061 2516 Deinde
1075 2477 1178 2515 nauem
1193 2461 1336 2529 ingressus
1349 2471 1400 2530 est,

250 2552 278 2597 et
296 2557 361 2595 mox
379 2551 475 2596 exorta
493 2551 660 2612 tempestate
679 2545 760 2600 nauis
778 2561 854 2599 nunc
872 2544 909 2598 ad
928 2545 986 2598 alta
1004 2541 1163 2612 subrigitur,
1182 2561 1257 2598 nunc
1278 2545 1317 2598 ad
1336 2561 1402 2614 yma

207 2637 237 2687 25
251 2623 391 2679 relabitur.
429 2624 493 2692 Quo
510 2643 561 2695 per
580 2625 704 2682 triduum
722 2626 850 2683 iactatis*
869 2625 1029 2694 infortunio,
1049 2623 1132 2696 spes⁸
1150 2625 1241 2680 omnis
1259 2627 1400 2682 euadendi

252 2707 379 2778 perierat.
417 2707 504 2776 Igitur
518 2709 544 2762 N
547 2725 699 2764 ormannus
712 2709 808 2764 labore
823 2709 928 2780 pariter
939 2719 967 2763 et
979 2708 1093 2764 horrore
1106 2707 1247 2776 deficiens,
1261 2707 1291 2763 in
1303 2725 1399 2780 somp-

252 2807 319 2844 num
337 2791 427 2845 leuem
446 2791 601 2846 resoluitur.
639 2792 690 2848 Cui
709 2809 831 2863 persona
847 2791 972 2862 elegans,
989 2801 1104 2860 aspectu
1122 2793 1198 2846 claro
1214 2809 1401 2862 sermoneque

259 1676 447 1730 Hermannus
452 1675 604 1730 archidiac.
611 1676 640 1730 A
643 1675 731 1745 rsasti
738 1673 756 1730 ¹.

252 2872 382 2939 iucundo,
396 2890 462 2928 mox
478 2873 575 2944 astitit,
591 2875 706 2930 dicens:
727 2875 809 2943 ‘Cur,
826 2877 998 2940 Normanue,
1016 2891 1136 2944 sompno
1151 2875 1325 2944 deprimeris,
1343 2887 1403 2930 tam

252 2955 391 3011 horrendo
403 2957 522 3013 vallatus
535 2958 676 3029 periculo?
712 2959 914 3029 Expergiscere
928 2967 957 3012 et
973 2957 1040 3012 tolle
1055 2958 1130 3028 quod
1147 2959 1218 3012 collo
1231 2968 1280 3013 tuo
1293 2959 1404 3014 inheret

208 3054 241 3104 30
254 3038 455 3108 philacterium,
475 3039 574 3096 inuoca
594 3041 671 3096 illum
693 3041 772 3097 cuius
792 3039 940 3111 insignitur
960 3040 1094 3095 nomine:
1114 3040 1164 3095 tibi
1186 3040 1327 3112 sociisque
1348 3041 1403 3096 tuis

253 3121 482 3192 tranquillitatem
502 3123 562 3179 eius
580 3124 687 3180 meritis
704 3123 886 3179 obtenturus!
924 3121 979 3193 Qui
999 3121 1093 3177 statim
1111 3121 1227 3178 exiliens
1246 3134 1274 3178 et
1286 3133 1405 3194 utraque

253 3220 340 3258 manu
355 3205 549 3274 philacterium
566 3207 640 3261 collo
657 3208 783 3262 euulsum
796 3209 893 3262 leuans
910 3205 939 3260 in
955 3205 1082 3274 sublime,
1096 3222 1160 3260 ctun
1175 3205 1256 3261 sociis
1271 3216 1403 3261 sanctum

252 3288 376 3342 exorauit
395 3289 579 3344 Edmundum
598 3299 627 3344 ut
645 3291 682 3344 ab
698 3287 879 3360 im[m]inenti
897 3287 1060 3344 discrimine
1077 3305 1127 3344 eos
1146 3299 1276 3359 potenter
1292 3289 1401 3359 eripere

254 3367 391 3436 dignetur.
429 3371 491 3425 Nec
512 3388 606 3427 mora:
632 3372 707 3428 venti
727 3373 899 3442 mitigantur,
920 3372 972 3427 celi
997 3373 1080 3426 adest
1100 3371 1247 3437 serenitas,
1271 3383 1299 3427 et
1324 3389 1405 3428 mare

210 3467 240 3518 35
254 3451 375 3506 sedatur.
415 3451 503 3522 Igitur
533 3454 617 3509 deum
647 3455 844 3526 glorificantes,
870 3469 932 3510 sese
957 3453 1061 3510 mutuis
1089 3453 1335 3509 exhortacionibus
1366 3453 1405 3509 ad

255 3534 344 3590 sancti
356 3535 477 3591 martiris
489 3537 655 3607 obsequium
667 3549 695 3593 et
707 3555 834 3594 amorem
845 3537 949 3608 pariter
967 3537 1177 3606 accendebant;
1196 3547 1225 3593 et
1237 3536 1405 3592 miraculum

255 3627 355 3689 postea
367 3616 395 3674 in
407 3619 502 3676 multis
513 3619 582 3676 locis
594 3621 785 3691 diuulgabant

326 3789 415 3852 ilDu
433 3805 539 3850 russo
557 3807 637 3852 caco
656 3808 690 3851 ru
706 3806 801 3852 russo
820 3805 929 3852 ssucn
949 3795 1106 3850 Ensruunr
1126 3803 1335 3848 rotumnam.

291 3952 479 4010 Hermannus
501 3953 673 4012 archtolr'ac‘.
687 3911 964 4038 TEnimoe.oegi⁵
984 3909 1116 4006 willelmi
1141 3909 1265 4004 secundi·
1290 3909 1408 4004 qniqam

771 3996 851 4051 miles
860 3997 922 4050 huo
931 4011 1043 4050 nomme
1054 4011 1110 4048 suis
1120 3993 1265 4046 mandauit
1274 4001 1305 4046 ut
1316 3991 1408 4046 tilium

211 4097 244 4148 40
257 4090 339 4128 suurn
363 4091 459 4131 cecum
483 4087 582 4132 sancto
606 4079 758 4134 Edmundo
783 4079 937 4134 curandum
961 4078 1121 4148 perferrent.
1160 4077 1287 4130 Instante
1310 4087 1408 4130 autern

324 4230 368 4282 ¹1.
380 4232 517 4328 Sampson?
534 4236 565 4286 ci.
577 4237 629 4286 Tit.
640 4237 685 4288 iol.
699 4249 754 4300 103.
826 4233 907 4314 ¹M.³·
919 4235 1015 4299 largior
1025 4235 1077 4317 ubl:
1129 4233 1158 4312 η’
1174 4232 1341 4328 MSpms

441 4301 495 4352 MS.
508 4311 621 4353 notatus.
727 4303 809 4356 ’ΜΞ
822 4318 925 4368 species
1024 4299 1090 4353 ‘ct
1103 4299 1183 4352 Trtt
1201 4312 1267 4364 ¹05·
