3036 4878
261 281 332 372 7¹⁶
681 270 884 373 appennis
913 271 988 350 111.

258 475 351 532 Nocte
363 491 430 532 uero
446 472 657 547 sequenti,cum
670 473 829 544 sepedictus
846 473 931 529 irater
946 472 999 529 uiri
1013 474 1102 530 sancti
1119 471 1296 530 custodiam¹
1308 475 1429 547 uigiliis

258 557 425 628 indulgeret,
438 573 494 612 non
506 557 569 612 sine
588 573 691 626 magno
708 565 820 628 stupore
833 556 977 627 conspexit
989 557 1065 627 quod
1083 575 1101 612 a
1113 556 1208 613 media
1223 569 1308 614 nocte
1323 576 1428 631 usque
1501 575 1502 654 q

258 642 296 696 ad
305 657 434 696 auroram
446 649 533 694 totam
546 640 662 694 domum
675 639 782 694 candor
792 639 863 694 lucis
872 638 1069 695 inestimabilis
1078 639 1267 696 circummisit.
1294 642 1428 698 Oriente

259 741 326 778 uero
345 724 411 791 sole,
425 723 543 778 dilectus
562 715 617 777 deo
636 715 792 778 Guthla'c'us
810 721 924 777 fratrem
943 721 1020 776 illum
1039 721 1192 791 aduocans,
1211 723 1291 790 ‘Fut
1312 722 1424 796 inquit,

230 813 368 877 stempas
391 816 435 862 est
459 816 489 861 ut
513 805 551 860 ad
576 804 719 862 Christum
743 815 894 872 transeam,
915 815 944 861 et
965 814 997 860 tu
1021 806 1139 876 arripias
1163 804 1217 861 iter
1239 809 1336 862 tuum.¹
1380 809 1424 864 Et

258 890 410 945 extendens
426 901 525 944 manus
543 889 580 944 ad
598 890 696 956 altare,
709 905 790 948 sacra
808 905 838 944 se
854 889 1051 944 communione
1067 889 1198 957 muniuit,
1217 889 1369 962 oculisque
1383 909 1423 947 ac

258 973 388 1028 manibus
412 969 529 1028 eleuatis
554 971 582 1027 in
607 973 706 1037 celum,
731 969 901 1026 obdorrniuit
926 969 954 1026 in
985 972 1107 1027 Christo.
1145 971 1217 1028 Vere
1247 989 1326 1028 mors
1352 975 1423 1030 eius
1501 953 1502 1038 i

258 1055 389 1110 dormitio
414 1066 465 1124 est,
490 1069 682 1128 sompnusque
706 1053 898 1122 breuissimus,
922 1071 978 1126 quo
1002 1055 1040 1110 ad
1064 1053 1250 1110 hereditatem
1275 1059 1423 1112 transitur
1501 1043 1502 1114 i

257 1151 390 1208 eternam,
405 1137 476 1194 sicut
495 1139 706 1209 scriptumest:
727 1137 815 1194 ‘Cum
832 1137 941 1192 dederit
959 1136 1069 1194 dilectis
1089 1137 1147 1193 suis
1167 1155 1326 1208 sompnum,
1343 1157 1421 1197 ecce
1501 1133 1502 1176 l

214 1239 245 1278 re
258 1221 400 1278 hereditas
425 1219 549 1277 domini’
591 1223 670 1276 Mors
694 1219 825 1292 equidem
850 1219 906 1276 ista
928 1235 980 1290 per
1003 1237 1088 1292 quam
1113 1221 1288 1276 introductus
1313 1232 1358 1279 est
1387 1223 1419 1278 in
1501 1235 1502 1288 g

257 1305 390 1376 gaudium
403 1305 509 1360 domini
523 1303 573 1373 sui,
586 1315 697 1360 nonest
711 1320 796 1370 mors,
810 1304 860 1359 sed
872 1313 970 1374 portus
982 1303 1081 1358 mortis
1093 1315 1121 1359 et
1134 1315 1215 1374 porta
1226 1305 1294 1360 uite.
1332 1307 1419 1362 Nam

256 1388 310 1444 etsi
329 1389 406 1443 uisus
425 1387 461 1442 sit
480 1385 569 1443 oculis
588 1386 781 1458 insipientium
799 1386 879 1454 mori,
898 1403 974 1442 mors
991 1395 1087 1442 tamen
1106 1404 1170 1442 eum
1188 1404 1245 1442 non
1264 1389 1418 1446 absorbuit
1501 1407 1502 1432 r

256 1487 309 1526 nec
324 1471 400 1540 uicit,
414 1471 465 1526 sed
479 1472 607 1526 ‘absorta
625 1481 668 1526 est
686 1477 762 1525 mors
782 1471 810 1524 in
829 1468 962 1525 rdcton'a'
999 1470 1077 1525 Abiit
1090 1487 1166 1540 ergo,
1178 1487 1236 1525 non
1249 1471 1338 1534 obiit;
1355 1489 1417 1528 nec
1501 1469 1502 1542 ᾖ

257 1553 380 1608 extincta
398 1563 441 1608 est
465 1554 517 1609 hec
539 1553 661 1622 lucerna,
682 1555 731 1609 sed
751 1551 926 1608 eminentius
946 1554 1098 1608 constituta
1118 1563 1171 1620 est,
1191 1563 1222 1608 ut
1240 1553 1415 1611 luminosius
1501 1573 1502 1584 ¹

215 1659 243 1708 ¹⁵
257 1637 348 1692 luceat
366 1636 496 1692 omnibus
514 1637 562 1708 qui
582 1636 610 1692 in
629 1636 714 1691 domo
732 1647 805 1692 sunt.
843 1635 929 1691 Cuius
948 1635 1122 1692 natiuitatem
1141 1637 1252 1692 celestis
1274 1639 1416 1708 splendor
1501 1649 1502 1710 l

257 1719 483 1790 presignauerat:
522 1721 583 1774 eius
610 1718 702 1774 etiam*
722 1717 870 1774 transitum
899 1718 1009 1774 celestis
1033 1718 1104 1774 lucis
1129 1719 1295 1774 inmensitas
1320 1722 1414 1790 glorie
1501 1717 1502 1754 ἶ

257 1801 392 1860 illustrat:
417 1821 483 1858 nam
502 1817 566 1858 curn
587 1804 627 1857 sol
645 1802 701 1856 iam
723 1812 798 1858 esset
823 1803 851 1856 in
871 1803 973 1857 uirtute
995 1819 1054 1870 sua,
1077 1803 1219 1873 radiisque
1243 1803 1413 1861 meridianis

256 1887 450 1943 uehementius
463 1897 594 1954 estuaret,
606 1887 690 1942 irater
703 1885 749 1941 ille
761 1902 845 1957 quem
864 1899 931 1956 sepe
950 1886 1079 1954 diximus,
1092 1887 1171 1956 quasi
1184 1885 1282 1941 turrim
1294 1886 1412 1956 igneam

256 1987 274 2024 a
286 1979 362 2025 terra
378 1987 468 2041 usque
484 1969 512 2024 in
527 1970 619 2025 celum
635 1979 758 2025 erectam
777 1968 919 2040 prospicit,
933 1970 1011 2024 cuius
1028 1979 1108 2024 tanta
1122 1969 1235 2024 claritas
1251 1980 1313 2024 erat
1330 1971 1412 2041 quod

213 2068 244 2105 ao
257 2052 285 2107 in
310 2053 521 2123 comparatione
545 2053 617 2108 illius
642 2051 742 2108 solaris
767 2053 900 2123 splendor
924 2053 987 2107 luce
1017 2053 1072 2107 illa'
1083 2051 1202 2108 inferior
1225 2053 1411 2123 pallescebat.

257 2137 421 2192 Beccelmus
438 2153 507 2208 ergo
526 2127 698 2192 intolerabili·
711 2136 812 2191 timore
829 2143 974 2206 correptus
992 2135 1109 2204 fugiens,
1122 2135 1280 2190 nauiculam
1298 2137 1409 2207 arripit,

256 2229 286 2274 et
310 2219 348 2274 ad
373 2229 501 2275 sanctam
526 2217 630 2275 Christi
655 2218 793 2289 uirginem
818 2235 942 2274 sororem
966 2219 1043 2274 beati
1069 2218 1199 2274 Guthlaci
1224 2217 1409 2276 festinantius

256 2303 354 2358 tendit.
392 2305 437 2360 Eo
455 2320 523 2372 ergo
541 2304 679 2358 referente
697 2313 804 2374 quanta
821 2313 848 2357 et
867 2309 953 2374 quarn
971 2301 1138 2357 miraculosa
1156 2301 1231 2356 circa
1248 2301 1341 2357 uirum
1360 2303 1408 2360 dei

256 2385 399 2441 uiuentem
412 2385 471 2442 siue
484 2385 648 2441 morientem
661 2385 786 2442 uiderat:
807 2385 895 2454 uirgo,
908 2385 971 2440 licet
989 2381 1198 2455 sapientissima
1215 2395 1300 2454 esset,
1313 2387 1407 2456 primo

213 2489 242 2539 ²5
257 2469 397 2524 naturales
410 2469 527 2524 affectus
540 2469 671 2524 cohibere
685 2485 741 2524 non
755 2469 854 2540 potuit,
868 2468 918 2524 sed
930 2469 1018 2523 iuneri
1031 2469 1154 2524 fraterno
1166 2467 1297 2523 lacrimas
1310 2468 1406 2526 debite

257 2550 370 2621 pietatis
395 2551 517 2608 indulsit.
569 2553 667 2608 Sciens
693 2563 787 2608 eutem
810 2551 877 2624 quia
900 2568 958 2606 non
983 2551 1031 2607 diu
1059 2552 1161 2607 debeat
1185 2550 1344 2606 contristari
1367 2552 1405 2609 de

257 2633 412 2690 dormiente
431 2633 501 2690 sicut
518 2645 545 2690 et
564 2633 603 2690 illi
618 2635 666 2707 qui
681 2651 761 2706 spem
777 2652 835 2690 non
851 2635 966 2703 habent,
980 2635 1033 2690 deo
1053 2634 1162 2704 gracias
1178 2633 1243 2703 egit,
1255 2635 1404 2706 fratrisque

256 2716 379 2772 animam
398 2719 452 2774 deo
471 2719 682 2785 commendans,
700 2735 731 2773 se
753 2717 838 2774 etiam
858 2715 945 2788 ipsius
963 2717 1071 2772 meritis
1093 2716 1309 2773 commendauit.
1348 2718 1404 2775 Die

255 2816 323 2856 uero
336 2811 457 2872 postera,
470 2801 541 2856 sicut
554 2819 572 2856 a
583 2801 667 2858 fratre
680 2817 731 2856 suo
744 2801 772 2855 in
785 2799 925 2856 mandatis
937 2811 1092 2871 acceperat,
1101 2799 1218 2855 ueniens
1229 2799 1259 2854 in
1272 2800 1403 2872 insulam,

211 2907 243 2958 30
256 2883 341 2940 sentit
365 2893 454 2940 totam
479 2883 690 2940 habitationem·
710 2883 934 2940 inestimabiliter
962 2901 1048 2954 supra
1076 2901 1188 2938 omnem
1215 2883 1402 2952 fragrantiam

254 2979 419 3037 aromatum,
434 2967 571 3024 suauitate
583 2967 839 3038 incomparabiliter
855 2967 1035 3022 redolentem.
1071 2966 1205 3038 Exequiis
1218 2965 1303 3036 igitur
1315 2968 1401 3024 deuo-

254 3049 362 3106 tissime
374 3052 530 3118 celebratis,
538 3067 573 3107 ac
584 3041 659 3108 be'ati
672 3049 724 3106 uiri
736 3067 853 3122 corpore
863 3050 968 3107 tradito
980 3049 1122 3121 sepulture
1133 3051 1163 3106 in
1175 3047 1262 3120 ipsius
1270 3051 1401 3118 oratorio,

254 3133 291 3189 ad
304 3134 417 3205 propria
430 3145 564 3191 remeant.

290 3268 455 3336 QUOMODO
473 3281 509 3324 ttt
527 3281 628 3325 ALlUM
646 3280 810 3326 TUMULUM
827 3279 1041 3324 ratusratus
1061 3279 1118 3324 test
1134 3279 1257 3324 CORPUS
1275 3279 1359 3325 Erus.

318 3373 400 3440 Orro,
411 3373 483 3428 sicut
497 3373 668 3444 dispensatio
680 3372 777 3428 diuina
789 3372 957 3443 prouiderat,
967 3372 1014 3427 illa
1026 3371 1193 3427 uenerabilis
1206 3371 1286 3441 uirgo
1295 3373 1398 3428 Christi

210 3476 240 3528 35
353 3453 453 3523 iugiter
476 3456 607 3511 uersabat
631 3455 659 3511 in
683 3456 756 3511 uotis
781 3455 901 3528 qualiter
925 3470 1026 3526 corpus
1049 3454 1222 3510 dilectissimi
1243 3455 1338 3512 fratris
1359 3457 1397 3512 sui

254 3548 349 3610 posset
373 3537 403 3593 in
423 3539 479 3592 alio
501 3540 650 3609 sepulchro
668 3556 821 3616 reponere;
849 3550 877 3594 et
897 3538 1008 3594 adhoc
1028 3537 1101 3608 cepit
1120 3537 1261 3594 continuis
1281 3539 1398 3595 medita·

254 3623 377 3679 tionibus
396 3623 536 3678 hanelare.
572 3623 643 3677 Erat
661 3633 754 3678 autem
767 3639 858 3678 annus
875 3623 987 3692 elapsus
1002 3639 1020 3676 a
1035 3631 1161 3692 tempore
1178 3636 1234 3690 quo
1254 3623 1397 3692 sepelierat

253 3707 367 3762 fratrem
389 3723 480 3761 suum.
522 3707 706 3776 Congregatis
729 3706 813 3776 igitur
832 3704 970 3774 religiosis
989 3703 1152 3775 presbiteris
1172 3704 1398 3777 diuersorumque

253 3792 391 3861 maduum
415 3789 612 3846 ecclesiasticis
636 3789 711 3858 uiris,
736 3789 814 3844 uenit
838 3789 866 3844 in
892 3789 1021 3844 insulam.
1058 3789 1244 3858 Sepulchrum
1264 3790 1396 3859 aperiunt,

208 3901 241 3951 40
254 3885 398 3945 totumque
423 3891 524 3944 corpus
548 3873 687 3943 integrum
713 3881 741 3927 et
766 3871 957 3942 incorruptum
981 3871 1142 3940 inueniunt3
1175 3871 1282 3926 Christi
1305 3884 1396 3928 autern

252 3958 373 4013 famulus
393 3973 448 4012 non
468 3968 602 4024 mortuus,
616 3956 666 4011 sed
680 3955 798 4010 omnino
811 3955 960 4010 dormienti
973 3954 1072 4010 similis
1084 3955 1242 4010 uidebatur.
1279 3956 1395 4012 Brachia

253 4059 321 4097 uero
340 4051 369 4096 et
387 4039 466 4109 digiti
484 4039 525 4095 ita
542 4039 616 4095 flecti
630 4049 659 4094 et
676 4039 740 4094 duci
758 4047 895 4109 poterant,
908 4055 942 4092 ac
961 4037 984 4093 si
1003 4039 1134 4094 humores
1146 4037 1245 4110 spiritu
1258 4039 1395 4096 mediante

253 4142 304 4194 per
322 4140 409 4178 uenas
425 4133 610 4189 excurrerent,
629 4122 763 4193 neruique
782 4121 867 4176 nichil
886 4121 914 4176 in
932 4132 1021 4178 morte
1038 4121 1113 4178 beati
1130 4121 1182 4177 uiri
1200 4122 1238 4177 de
1256 4139 1307 4178 sue
1325 4123 1393 4178 uiua-

253 4206 346 4261 citatis
368 4205 494 4262 efficacia
515 4205 709 4277 perdidissent.
747 4204 852 4260 Omnia
873 4215 968 4260 autem
992 4205 1161 4263 uestimenta
1184 4206 1287 4280 quibus
1310 4207 1392 4264 tuerat

723 4301 734 4332 ²
750 4304 840 4371 supply
850 4306 943 4372 egessi
