3052 4896
269 197 340 290 528
581 192 713 281 naba
738 191 928 294 [mmm
952 190 1104 296 angle.

267 409 375 450 omnes
387 391 486 466 capilli
498 391 564 450 eius
576 393 618 452 ita
629 403 816 452 euanuerunt
828 403 860 452 vt
871 393 958 468 quasi
969 395 1082 452 nudam
1095 403 1193 452 cutem
1206 395 1437 470 relinquerent

267 468 365 538 Anno
378 490 478 538 autem
492 481 605 538 domini
625 481 785 540 millesimo
797 483 986 554 sexagesimo
998 485 1127 556 septimo
1135 483 1152 552 ¹,
1166 484 1380 558 episcopatus
1392 483 1437 542 sui

268 567 421 625 tricesimo
438 578 553 641 quarto,
572 569 658 628 etatis
676 587 731 628 sue
748 569 950 642 octuagesimo
966 571 1103 642 septimo,
1120 572 1365 644 quartodecimo
1383 572 1437 628 kal
1495 571 1497 622 i

267 654 408 712 februarii
427 655 585 714 defunctus
603 657 714 727 seculo,
730 657 833 715 viuere
850 658 929 731 cepit
946 657 977 714 in
995 657 1126 716 Christo.
1162 659 1315 717 Anulus²
1334 671 1437 717 autem

240 757 358 816 squem
383 745 414 800 in
437 743 662 802 consecratione
685 753 850 818 acceperat,
871 744 973 802 multis
998 745 1086 802 annis
1110 747 1201 818 digito
1223 747 1301 804 eius
1327 749 1437 804 herere

268 847 329 887 non
350 831 454 904 potuit,
473 840 503 888 et
528 833 634 890 crebro
655 832 766 905 lapsus,
789 849 942 905 nunquam
964 833 1094 890 amissus
1115 832 1187 891 fuit:
1215 835 1348 908 quippe
1371 851 1437 891 caro

268 917 427 990 digitorum
453 919 493 975 ita
517 919 670 978 exinanita
694 919 791 976 fuerat
815 931 845 978 vt
869 921 921 978 vix
945 920 1085 993 pellicula
1113 921 1232 978 ossibus
1261 922 1437 980 inhereret

271 1005 379 1062 Fertur
403 1005 485 1064 enim
510 1007 613 1080 sepius
638 1007 739 1080 ipsum
763 1006 894 1064 dixisse:
923 1011 931 1040 ‘
938 1007 1082 1078 Anulum,
1099 1025 1190 1081 quem
1215 1009 1291 1065 sine
1319 1009 1436 1065 ambitu

270 1093 399 1167 suscepi,
417 1093 650 1166 inseparabilem
670 1094 743 1151 mihi
761 1095 792 1151 in
812 1095 936 1151 humum
955 1096 1095 1167 portabo!
1132 1095 1204 1152 Post
1221 1097 1352 1152 obitum
1373 1097 1438 1152 eius

226 1199 257 1238 ιο
269 1180 391 1254 quidam
410 1181 532 1238 anulum
549 1181 642 1253 digito
661 1183 837 1240 subtrahere
856 1181 999 1238 inuanum
1017 1191 1258 1254 temptauerunt:
1285 1184 1334 1241 ita
1354 1185 1436 1240 enim

269 1268 357 1342 pellis
382 1269 481 1340 plena,
505 1271 735 1342 protuberantes
763 1268 886 1338 articuli,
911 1287 1072 1326 neruorum
1101 1269 1258 1343 integritas
1291 1273 1437 1328 restituta

270 1355 447 1428 uidebantur
464 1365 581 1412 mortuo
589 1355 608 1424 ⁸,
620 1373 680 1429 que
698 1374 753 1429 pre
770 1356 953 1414 abstinentia
970 1355 1123 1414 exinanita
1140 1357 1261 1414 fuerant
1273 1358 1437 1415 vino.—

270 1429 415 1516 ‘Elapsis
438 1443 519 1500 enim
539 1453 606 1516 post
624 1443 738 1502 obitum
758 1445 823 1501 eius
841 1444 929 1502 annis
948 1444 1097 1514 centuml,
1115 1446 1187 1501 dum
1206 1445 1436 1503 transferretur

270 1547 380 1603 corpus
402 1532 467 1587 eius
490 1539 521 1587 et
545 1531 575 1586 in
601 1531 711 1588 scrinio
732 1531 868 1604 precioso
893 1532 1094 1599 collocaretur,
1115 1542 1272 1604 repertum
1300 1542 1354 1590 est
1376 1547 1436 1587 vna

228 1635 258 1689 ¹5
271 1635 340 1674 cum
361 1617 550 1675 vestimentis
574 1619 793 1692 pontificalibus
818 1619 967 1692 integrum
993 1627 1023 1676 et
1046 1619 1262 1693 incorruptum.
1347 1608 1436 1678 Inter

271 1705 365 1762 multa
381 1705 462 1762 enim
480 1706 623 1763 miracula
641 1723 696 1780 pro
714 1705 826 1762 famulo
845 1723 900 1762 suo
911 1708 1002 1763 adeo
1020 1715 1144 1779 patrata,
1157 1707 1323 1764 mulierem
1345 1706 1435 1780 quin·

271 1810 332 1866 que
356 1793 444 1850 annis
472 1793 658 1850 incuruatam
688 1811 723 1851 ac
747 1793 918 1851 inclinatam
949 1793 1091 1867 humique
1121 1794 1268 1851 acclinem
1303 1793 1433 1860 curauit,

272 1881 405 1956 linguam
431 1881 556 1954 pueris
580 1898 711 1938 nouerca
735 1881 883 1938 abscisam
908 1881 1065 1954 reparabit,
1087 1899 1174 1938 cecos
1198 1881 1341 1956 quinque
1367 1881 1432 1937 illu·

272 1968 405 2036 minauit,
436 1967 628 2026 demoniacos
664 1969 796 2042 quinque
832 1969 957 2038 sanauit,
988 1969 1079 2026 mutis
1108 1977 1236 2041 quatuor
1272 1969 1431 2042 loquelam

229 2071 260 2111 ao
273 2055 411 2124 reddidit,
442 2065 573 2112 mortuos
602 2064 665 2113 tres
696 2056 893 2124 resuscitauit,
922 2055 1061 2128 leprosos
1090 2056 1166 2113 duos
1197 2057 1371 2126 mandauit,
1403 2064 1431 2111 et

273 2143 447 2217 hydropicis
466 2143 583 2200 duobus
605 2143 764 2200 sanitatem
784 2143 914 2200 contulit
952 2143 1033 2200 lnfra
1054 2141 1185 2200 triduum
1205 2145 1273 2200 vice
1295 2145 1429 2218 quadam

272 2231 395 2305 triginta
416 2231 547 2305 quinque
568 2229 659 2288 variis
677 2230 792 2288 morbis
813 2230 959 2304 oppressi,
981 2231 1077 2288 salute
1096 2241 1292 2304 consequuta,
1316 2229 1428 2304 gratias

272 2318 331 2375 deo
362 2327 392 2374 et
421 2327 525 2376 sancto
556 2317 621 2376 eius
651 2318 832 2375 referebant.
905 2305 1024 2376 Oculos
1052 2317 1171 2376 iuuenis
1194 2317 1367 2386 cuiusdam,
1391 2317 1427 2371 ab

273 2406 382 2462 emulis
400 2405 528 2462 effossos
548 2414 577 2462 et
599 2406 629 2462 in
651 2421 791 2478 campum
813 2406 970 2478 proiectos,
990 2405 1108 2463 sanauit
1116 2405 1134 2462 ⁸.
1172 2405 1240 2462 Non
1261 2405 1350 2462 enim
1371 2401 1426 2460 sibi

229 2507 260 2560 ²5
274 2493 413 2566 proprios
438 2493 574 2562 restituit,
596 2494 650 2551 sed
675 2509 770 2550 nouas
791 2501 821 2550 et
843 2493 977 2550 modicas
998 2493 1029 2550 in
1051 2492 1200 2550 fossarum
1221 2492 1426 2566 profunditate

273 2579 402 2654 pupillas
422 2588 565 2661 tanquam
590 2582 665 2638 duas
690 2579 790 2654 posuit
812 2580 966 2654 prunulas,
991 2589 1020 2638 et
1041 2597 1117 2653 quas
1140 2579 1239 2638 varias
1264 2579 1371 2637 habuit
1388 2591 1424 2632 ex

273 2675 388 2736 natura,
407 2667 510 2740 nigras
528 2667 642 2742 recepit
661 2686 699 2726 ex
718 2667 820 2741 gratia
867 2667 915 2726 De
933 2667 982 2725 die
999 2677 1099 2725 autem
1118 2667 1149 2724 in
1168 2667 1250 2724 diem
1267 2684 1367 2740 vsque
1387 2662 1422 2720 ad

273 2754 469 2828 quantitatem
502 2765 723 2828 competentem
753 2765 920 2814 creuerunt
964 2753 1107 2813 Testiculi
1137 2755 1275 2812 eiusdem
1308 2750 1422 2812 iuuenis

274 2845 311 2902 ab
325 2843 439 2900 eisdem
452 2843 559 2900 emulis
572 2861 591 2899 a
602 2843 720 2901 follibus
733 2843 796 2901 suis
813 2847 889 2902 eruti
906 2853 936 2902 et
952 2845 1078 2917 preseisi
1095 2843 1273 2916 longiusque
1291 2837 1420 2916 proiecti,

1494 627 1500 711 i

229 2946 262 3000 30
274 2932 373 2990 eidem
404 2939 474 2988 sunt
506 2931 650 3000 restituti;
682 2931 866 3004 vulneraque
896 2931 1005 2999 omnia,
1029 2930 1157 2988 diuersis
1186 2931 1324 3003 corporis
1353 2925 1420 2985 luds
1502 2971 1503 2975 ,

275 3026 404 3091 recepta,
428 3017 459 3074 in
483 3026 637 3075 momento
663 3026 733 3074 sunt
757 3027 866 3076 curata.
904 3017 1026 3076 quenis
1047 3017 1113 3087 iste,
1135 3017 1270 3074 Thomas
1294 3015 1418 3080 nostine,

275 3123 344 3162 cum
366 3105 523 3178 pecuniam
548 3105 672 3162 multam
697 3114 920 3178 congregasset,
945 3105 1075 3180 quedam
1098 3105 1219 3162 domina
1243 3113 1349 3162 mutuo
1371 3118 1417 3174 pe·

274 3193 393 3249 cuniam
406 3194 443 3249 ab
456 3193 522 3266 ipso
541 3192 661 3266 recepit,
676 3201 706 3250 et
725 3194 848 3250 tandem
866 3194 905 3250 ad
923 3191 1129 3250 fornicandum
1147 3209 1216 3249 cum
1235 3191 1287 3248 illa
1305 3188 1414 3254 allexin

275 3279 326 3352 qui
343 3280 465 3336 tandem
482 3289 688 3352 compunctus,
706 3297 773 3337 cum
792 3280 882 3353 digne
901 3297 956 3352 pro
974 3280 1136 3338 commisso
1154 3278 1357 3346 satisfecisset,
1373 3275 1417 3332 ills

230 3381 262 3434 ³5
276 3374 478 3439 contemptam
497 3384 531 3424 se
549 3367 656 3424 dolens
680 3376 710 3424 et
731 3367 883 3440 repulsam
905 3369 1097 3435 erubescens,
1117 3368 1270 3439 quendam
1292 3367 1416 3439 iniquum

276 3461 305 3516 et
325 3453 546 3511 malefactorem
564 3453 595 3510 in
614 3453 754 3510 maritum
772 3455 936 3526 assumpsit
953 3463 983 3512 et
1002 3457 1040 3512 ad
1059 3453 1263 3528 supradicmm
1281 3472 1359 3528 opus
1374 3466 1417 3508 ue·

275 3540 415 3618 pharium
428 3558 499 3598 eum
511 3559 566 3598 sua
577 3540 767 3616 instigatione
779 3541 891 3599 allexit.

778 3719 924 3778 Narratio.

311 3813 399 3882 'Illis
426 3825 533 3882 diebus
559 3834 682 3882 sanctus
711 3824 878 3882 Edwardus
906 3841 970 3893 rex,
995 3825 1046 3898 qui
1073 3841 1222 3898 nusquam
1248 3823 1307 3882 nisi
1331 3823 1416 3881 aliem

277 3913 402 3970 consilio
431 3913 536 3970 ductus
567 3929 727 3986 perperam
758 3913 827 3986 egit,
854 3911 981 3969 Roberti
1012 3911 1228 3985 archiepiscopi
1256 3921 1286 3968 et
1311 3906 1416 3969 contill's
1501 3935 1503 4003 ζ

231 4015 266 4069 40
278 3999 417 4059 Godwini
445 3999 586 4058 instinctu
614 4009 644 4057 et
672 3999 798 4057 consilio
826 4009 953 4056 matrem
976 3999 1130 4073 propriam
1156 4008 1281 4073 propter
1305 3998 1414 4056 nimiam
1500 4039 1502 4058 .

309 4121 494 4182 ¹Amistakc;
512 4137 531 4171 r.
546 4136 616 4184 1095.
695 4119 753 4173 ¹T.
766 4121 797 4172 Ε.
809 4121 930 4172 Anulum.
943 4121 983 4172 Cs.
995 4121 1030 4172 H.
1106 4120 1162 4172 ⁸T.
1176 4123 1246 4170 uiuo.
1326 4119 1415 4170 ‘frou

278 4187 324 4237 the
337 4188 393 4237 nir.
406 4189 432 4235 in
446 4187 501 4239 MS.
515 4188 633 4237 Dunelm.
650 4187 681 4237 B.
694 4187 739 4239 lv.
751 4203 792 4251 39.
968 4187 978 4216 ⁸
994 4203 1030 4240 sc.
1042 4203 1067 4238 a.
1078 4189 1161 4249 12183
1178 4188 1210 4238 cf.
1224 4187 1306 4238 uach.
1317 4187 1411 4238 Wetu

278 4251 288 4280 ⁸
305 4253 333 4303 Ε.
348 4255 456 4303 ansauit.
560 4253 569 4281 ²
587 4253 626 4303 Cf.
641 4253 737 4303 Chron.
751 4253 886 4315 Bronton,
898 4267 921 4316 p.
934 4269 992 4318 941.
