3008 4904
283 329 351 398 192
595 307 726 394 matt
750 304 942 410 [tamnu
964 307 1116 412 fluuii&

280 506 428 562 nascitur)
466 505 551 564 ‘Non
576 525 594 564 a
618 517 657 576 te,
678 507 773 581 inquit
797 509 895 578 vidua,
920 509 1069 576 recedam,
1095 508 1153 565 nisi
1180 508 1300 582 prolem
1338 526 1442 566 meam

279 593 420 652 restituas
445 594 518 652 mihi
542 595 660 653 uiuam!
697 595 813 652 Videns
835 597 916 653 enim
936 596 1020 670 virgo
1040 606 1142 654 sancta
1164 596 1303 654 mulieris
1335 599 1441 665 fidem,

278 699 346 738 cum
366 681 447 738 iuxta
465 682 596 740 defuncti
616 701 725 756 corpus
744 683 774 740 in
794 684 927 740 oratione
946 701 979 742 se
998 693 1212 756 prosterneret,
1232 693 1342 742 tantus
1363 685 1442 758 ignis

279 769 415 841 protinus
428 787 599 843 supeream
613 771 651 828 de
664 771 729 829 celo
741 771 832 840 venit,
841 781 873 828 vt
885 771 956 829 inde
969 781 1029 828 tota
1037 771 1184 845 cooperiri
1194 781 1286 846 atquc
1295 773 1441 830 comburi

251 857 443 924 svidebatur.
481 857 568 928 Quod
591 875 659 915 cum
680 876 768 916 soror
787 861 917 932 quedam
941 859 1076 930 vidisset,
1102 860 1283 918 exclamauit
1308 861 1440 918 dicens:

279 943 428 1001 ‘Domina
447 947 496 1012 mi,
509 963 599 1018 surge
617 947 750 1004 velocius
769 948 855 1005 etde
875 945 1014 1004 incendio
1034 948 1118 1004 exire
1136 946 1267 1005 festina:
1289 958 1393 1006 totam
1412 958 1440 1004 te

278 1031 348 1104 igne
372 1041 543 1105 coopertam
567 1034 673 1106 grandi
697 1033 802 1092 video!
843 1035 911 1105 Quo
936 1035 1024 1104 dicto,
1049 1043 1109 1091 tota
1134 1035 1253 1108 species
1279 1035 1378 1109 ignea
1403 1038 1440 1092 ab

278 1119 372 1176 oculis
381 1119 446 1176 eius
456 1120 590 1178 euanuit:
602 1130 632 1178 ct
642 1131 785 1194 surgente
795 1123 832 1178 ab
843 1123 976 1180 oratione
984 1121 1108 1196 virgine,
1114 1123 1203 1180 vidue
1214 1123 1297 1180 filius
1308 1141 1326 1181 a
1338 1135 1440 1181 morte

278 1206 472 1264 resuscitatus
484 1208 570 1264 matri
584 1209 727 1266 redditur.
785 1197 935 1268 Decursis
948 1209 978 1266 in
992 1209 1074 1266 omni
1088 1210 1244 1267 sanctitate
1257 1221 1290 1267 et
1304 1213 1440 1283 puritate

235 1310 265 1347 ro
278 1294 435 1351 duodecim
448 1295 558 1363 lustris,
569 1295 797 1368 ingrauescente
809 1299 943 1370 corporis
957 1297 1103 1367 molestia,
1112 1306 1142 1354 et
1154 1297 1291 1355 febribus
1305 1299 1439 1373 fatigata,

278 1383 449 1440 conuocatis
462 1383 615 1439 sororibus
628 1383 668 1440 ait
681 1403 687 1440 :
708 1387 715 1416 ‘
723 1383 794 1454 Vos,
808 1385 912 1458 inquit,
925 1385 1079 1454 hactenus,
1092 1385 1286 1442 dilectissime
1300 1403 1439 1457 sorores,
1498 1403 1500 1477 ἱ

278 1469 355 1526 sicut
373 1470 473 1528 anime
491 1487 559 1528 mee
577 1470 693 1528 viscera
710 1471 801 1528 dilexi
823 1481 853 1528 et
872 1472 948 1530 sicut
969 1481 1065 1530 mater
1083 1471 1151 1530 filiis
1170 1473 1220 1546 pia
1240 1473 1438 1532 solicitudine
1499 1517 1500 1554 ,

279 1557 386 1630 prefui.
419 1557 483 1614 lam
492 1575 565 1616 vero
574 1557 675 1615 diuina
688 1559 798 1631 pietate
811 1559 975 1632 cursu[m]¹
986 1559 1234 1633 peregrinationis
1248 1577 1318 1617 mee
1328 1564 1439 1618 termi-
1499 1571 1500 1640 }

278 1653 378 1712 nante,
388 1653 418 1702 et
430 1662 561 1718 superne
574 1645 737 1702 vocationis
747 1647 757 1679 ²
767 1664 816 1703 me
828 1649 866 1703 ad
879 1647 1015 1704 brauium
1029 1647 1260 1704 misericorditer
1274 1648 1437 1716 innitente,
1499 1651 1500 1658 ’

235 1745 265 1796 15
279 1732 377 1788 carnis
395 1733 534 1790 vniuerse
553 1733 632 1790 viam
651 1733 812 1806 ingredior.
850 1733 914 1792 Deo
933 1745 962 1792 et
981 1736 1065 1791 beate
1087 1734 1180 1792 Marie
1198 1753 1253 1792 vos
1273 1737 1437 1810 relinquo'
1499 1729 1500 1732 ’

280 1818 318 1876 Et
343 1819 446 1876 multis
470 1821 648 1878 salutaribus
672 1822 792 1878 monitis
823 1830 853 1878 et
883 1823 1138 1880 exhortationibus
1169 1823 1234 1879 illas
1264 1821 1436 1890 instruens,

278 1907 408 1980 septimo
427 1907 482 1964 lral
503 1907 568 1964 Iulii
587 1909 727 1982 migrauit
745 1911 784 1966 ad
803 1909 965 1980 Christum,
983 1919 1013 1967 et
1032 1909 1063 1966 in
1083 1910 1264 1968 monasterio
1283 1928 1344 1968 suo
1366 1929 1435 1970 cum

278 1995 392 2052 honore
405 1995 548 2068 sepelitur
557 1995 577 2052 ⁸.

316 2179 395 2252 [MS.
407 2181 474 2238 Tib.
487 2181 580 2238 adds:
759 2179 948 2240 incidenciat

316 2285 406 2356 Felix
419 2316 498 2372 papa
510 2299 540 2356 in
554 2300 668 2356 honore
681 2308 852 2356 sanctorum
866 2299 976 2357 Cosme
989 2309 1018 2356 et
1033 2299 1171 2356 Damiani
1184 2299 1316 2357 nobilem
1328 2299 1434 2360 Rome

235 2404 265 2439 20
278 2387 447 2443 construxit
460 2386 627 2455 ecclesiam,
641 2387 671 2443 in
685 2405 744 2460 qua
758 2389 890 2461 (quidam
905 2387 952 2444 uir
964 2388 1075 2444 sanctis
1091 2388 1262 2445 martiribus
1274 2390 1433 2448 seruiebat

218 2485 219 2490 ’
278 2475 326 2530 cui
344 2492 453 2532 cancer
471 2493 564 2532 unum
584 2493 653 2532 crus
673 2483 767 2532 totum
787 2485 1001 2533 consumserat.
1040 2475 1077 2531 Et
1092 2493 1162 2533 ecce
1180 2476 1366 2544 dor)miente
1383 2479 1433 2535 illo

279 2562 374 2618 sancti
388 2562 514 2620 Cosmas
529 2565 569 2634 (et
590 2562 756 2620 Damianus
774 2564 895 2634 deuoto)
909 2581 965 2620 suo
983 2573 1195 2636 apparuerunt,
1214 2567 1387 2636 unguenta
1406 2577 1434 2624 et

278 2649 462 2707 ferramenta
489 2653 604 2722 secum)
630 2659 793 2724 portantes.
830 2650 964 2721 Quorum
985 2669 1063 2707 unus
1092 2651 1189 2722 (alteri
1213 2649 1307 2708 dixit:
1340 2652 1432 2724 ‘Vbii

278 2755 385 2793 carnes
404 2737 594 2810 accipiemus,
608 2747 639 2794 ut
659 2738 776 2795 abscisa
794 2743 898 2808 ca(rne
917 2739 1047 2812 putri)da
1066 2739 1164 2795 locum
1184 2756 1310 2795 uacuum
1331 2743 1432 2814 reple

234 2845 264 2894 25
278 2829 400 2882 amusi'
438 2825 524 2882 Alter
545 2825 605 2881 ait:
633 2824 698 2894 ⁴(ln
724 2825 883 2894 cilmiterio
909 2825 1004 2883 sancti
1031 2825 1110 2882 Petri
1135 2827 1172 2882 ad
1194 2825 1313 2883 uincula
1339 2827 1432 2886 hodie

280 2913 421 2985 (ethiops)
439 2930 545 2970 recens
567 2913 702 2986 sepultus
721 2923 785 2970 est:
813 2916 851 2970 de
870 2914 919 2969 illo
942 2913 1016 2970 affer
1036 2923 1068 2970 ut
1088 2913 1168 2984 (huic
1190 2913 1431 2987 ap)ponamus³.'
1500 2979 1501 2984 .

279 3000 317 3056 Et
336 3001 373 3056 ad
399 3000 577 3058 cimiterium
600 3018 767 3074 properans
793 3003 912 3072 (coxam
939 2999 1049 3072 Maulri
1074 3000 1178 3058 attulit.
1216 3001 1431 3060 Prescidentes
1500 3003 1501 3068 ἲ

277 3105 383 3144 coxam
408 3088 540 3160 inl(inni,
560 3088 635 3160 loco)
656 3090 722 3146 eius
747 3107 854 3146 coxam
877 3087 975 3145 Mauri
1001 3089 1201 3156 inseruerunt,
1226 3097 1256 3146 et
1281 3090 1429 3163 (plagam)
1500 3078 1501 3090 ¹

277 3176 437 3249 diligenter
455 3185 612 3250 ungentes,
634 3195 740 3233 coxam
766 3177 877 3233 infirmi
901 3177 952 3248 ald
978 3179 1100 3249 corlpus
1123 3177 1294 3233 detulerunt
1322 3177 1430 3236 Mauri
1500 3193 1501 3208 ¹

233 3279 265 3329 30
279 3263 446 3336 Euig(ilans
464 3272 564 3320 autem
584 3267 664 3335 cum)
685 3283 719 3322 se
732 3265 798 3322 sine
817 3265 920 3322 dolore
939 3266 1095 3334 sensisset,
1109 3265 1244 3334 malnum
1263 3265 1301 3320 ad
1321 3283 1429 3324 coxam

276 3351 428 3424 ap)posuit
452 3360 482 3408 et
495 3351 585 3407 nichil
610 3351 732 3408 lesionis
759 3351 892 3422 (inuenit
939 3351 1006 3422 Quo
1031 3353 1207 3424 comperto),
1229 3353 1267 3408 ad
1292 3354 1428 3410 tumbam

279 3437 375 3495 Mauri
389 3437 509 3512 quidam
525 3439 691 3510 (miserunt,
704 3449 734 3496 et
749 3457 855 3497 coxam
870 3439 966 3496 Mauri
986 3439 1152 3511 prescisam
1171 3441 1212 3510 et)
1232 3457 1341 3497 coxam
1358 3459 1430 3514 pre-

277 3525 347 3583 dicti
360 3526 415 3582 uiri
428 3527 494 3584 loco
507 3526 597 3598 (illius
611 3527 641 3582 in
654 3527 768 3583 tumulo
782 3527 922 3600 posiltam
935 3526 1139 3600 inuenerunt]

310 3742 319 3771 ¹
334 3741 365 3790 T.
377 3741 406 3790 E.
419 3756 494 3790 cursu
501 3758 509 3803 ;
527 3741 556 3790 t..
568 3757 677 3793 cursum.
804 3741 815 3772 ¹
832 3742 861 3792 E.
874 3742 938 3791 adds
949 3742 1036 3804 gratia.
1163 3741 1173 3772 ⁸
1192 3741 1220 3792 L.
1232 3743 1297 3791 adds
1309 3743 1430 3793 Ioventio

276 3808 393 3924 {cggzris
411 3805 475 3938 inp?
493 3806 704 3922 Ottol'osaelss
725 3807 828 3923 {bellus
846 3809 886 3922 d}
897 3807 1204 3922 mimculisLIKventiopb
1224 3823 1244 3857 s.
1263 3807 1297 3858 M.
1316 3810 1355 3873 (in
1373 3810 1429 3860 MS.

367 3887 433 3935 ,433
463 3909 469 3922 .
584 3889 639 3922 rom
673 3889 712 3938 eg.
750 3891 820 3935 urea,
833 3891 857 3937 p.
887 3889 926 3937 go
1043 3910 1047 3921 .
1085 3889 1275 3936 .suppeamus
