3052 4896
271 293 344 388 5²4
580 290 711 379 nullu
737 285 926 392 immun
951 285 1101 392 fingit·

269 491 365 548 elixos
385 497 414 546 et
433 505 544 564 panem
565 491 743 546 ordeaceum
764 490 880 547 edebat
899 529 906 545 .
925 529 932 546 .
951 531 959 546 .
977 488 1132 562 ¹Cumque
1158 488 1312 547 electioni
1338 490 1379 546 de
1404 505 1436 546 sc

268 577 345 634 facte
369 579 407 634 ad
432 577 683 634 consentiendum
707 577 832 634 minime
858 576 936 634 flecti
961 586 1072 650 posset,
1092 593 1111 633 a
1134 577 1203 633 uiro
1224 579 1279 634 dei
1305 578 1436 642 wlsino,

270 681 328 738 per
339 664 527 738 quadriginta
539 681 636 722 annos
648 665 773 734 incluso,
786 666 895 721 acriter
911 681 966 738 pro
979 663 1116 721 ostinatia
1128 675 1307 738 correptus,
1320 665 1435 722 diuino·

268 769 328 825 que
340 752 460 809 oraculo
472 751 659 826 perterritus,
671 751 809 808 electioni
819 751 979 808 consensit.
1037 739 1140 810 ’Cum
1152 751 1241 809 enim
1255 753 1435 810 willelmus

239 857 323 910 grex
345 839 510 896 litterature
529 839 769 896 insufficientiam
789 849 819 896 et
838 839 936 912 gallici
949 839 1097 896 sermonis
1115 840 1291 897 carentiam
1309 851 1435 914 preten-

268 927 354 996 dens,
374 925 547 984 wlstanum
569 927 688 1000 priuare
709 927 862 996 niteretur,
882 935 1044 983 conuocato
1063 926 1213 982 concilio⁸
1234 927 1325 984 iubet
1344 928 1433 984 Lam·

1496 491 1508 756 r

268 1013 390 1072 francus
408 1013 652 1087 archiepiscopus
672 1014 876 1071 venerabilem
894 1014 991 1071 virum
1013 1013 1152 1070 baculum
1175 1015 1345 1087 resignare
1364 1031 1432 1072 cum
1507 1053 1508 1078 ,

268 1103 365 1158 anulo.
402 1101 458 1158 Vir
476 1111 575 1159 autem
597 1101 646 1158 dei
668 1119 724 1160 nec
744 1102 828 1158 vultu
850 1110 981 1158 mutatus
1003 1119 1058 1158 nec
1080 1102 1191 1170 animo,
1212 1104 1321 1159 erexit
1340 1121 1385 1171 se,
1404 1113 1433 1158 et

268 1189 382 1262 virgam
394 1189 574 1262 pastoralem
587 1197 809 1258 manutenens,
822 1189 896 1245 dixit
909 1209 916 1246 ι
937 1189 1041 1258 ‘Vere,
1051 1187 1174 1245 domine
1184 1189 1431 1263 archiepiscope,

225 1293 340 1334 rovere
358 1276 420 1334 scio
433 1276 502 1350 quia
515 1293 570 1334 nec
584 1276 639 1333 hoc
653 1276 767 1332 honore
780 1275 888 1348 dignus
900 1293 976 1345 sum,
996 1293 1051 1333 nec
1064 1276 1133 1332 huic
1146 1276 1305 1348 [idoneus]
1321 1281 1332 1308 ⁴
1347 1277 1430 1334 oneri

269 1379 325 1420 nec
344 1363 498 1421 sufficiens
516 1363 619 1420 labori.
656 1363 795 1421 Sciebam
816 1363 898 1420 enim
920 1364 984 1433 hoc,
1004 1380 1072 1420 cum
1093 1381 1144 1419 me
1165 1364 1271 1421 clerus
1294 1366 1430 1438 eligeret,

270 1467 340 1506 cum
365 1451 501 1524 episcopi
525 1459 677 1524 cogerent,
701 1467 769 1508 curn
796 1467 845 1508 me
870 1451 1010 1507 dominus
1035 1467 1122 1508 meus
1146 1452 1184 1508 ad
1211 1451 1272 1508 hoc
1295 1453 1429 1509 officium

267 1537 415 1596 inuitaret
462 1538 533 1612 lpse
554 1539 730 1596 auctoritate
751 1539 833 1596 sedis
855 1537 1017 1612 apostolice
1039 1539 1069 1594 in
1092 1555 1177 1595 meos
1199 1538 1354 1596 humeros
1375 1541 1430 1596 hoc

266 1643 344 1683 onus
368 1625 486 1696 refudit,
508 1635 539 1684 et
559 1643 617 1700 per
641 1627 720 1683 hunc
741 1625 880 1682 baculum
902 1644 952 1683 me
976 1625 1140 1699 episcopali
1163 1627 1260 1698 gradu
1287 1626 1430 1684 inuestiri

224 1714 411 1788 15precepit
447 1713 535 1770 Nunc
557 1722 589 1770 tu
611 1714 792 1787 pastoralem
815 1713 930 1786 virgam
951 1713 1047 1786 exigis
1066 1729 1156 1786 quam
1178 1731 1241 1769 non
1264 1714 1429 1782 tradidisti,

267 1800 399 1858 officium
418 1801 526 1859 adimis
544 1801 625 1874 quod
644 1817 705 1856 non
722 1801 879 1858 contulisti.
917 1801 954 1857 Et
971 1819 1027 1874 ego
1043 1801 1166 1874 quidem
1179 1801 1428 1859 insufficientiam

268 1905 367 1947 meam
378 1906 437 1946 uon
448 1889 600 1962 ignorans,
608 1897 638 1945 et
648 1889 716 1946 huic
727 1889 847 1946 sancte³
856 1889 964 1962 synodi
973 1889 1121 1946 sententie
1130 1891 1251 1956 cedens,
1260 1890 1428 1961 resignabo

267 1979 389 2050 quidem
409 1976 557 2047 baculum,
576 1977 631 2032 sed
652 1993 714 2033 non
733 1975 796 2045 tibi,
809 1978 864 2034 sed
885 1979 984 2050 potius
1004 1977 1033 2033 ei
1052 1977 1137 2034 cuius
1155 1993 1226 2032 eum
1244 1977 1428 2035 auctoritate

267 2065 404 2138 suscepi!
443 2064 512 2121 Hiis
530 2063 617 2121 dictis
631 2065 780 2122 accedens
794 2065 832 2120 ad
847 2065 994 2122 tumulum
1012 2063 1107 2122 sancti
1128 2063 1280 2135 Edwardi‚
1295 2075 1326 2122 et
1339 2077 1427 2123 stans

223 2177 255 2216 ao
267 2161 336 2210 ante
348 2151 540 2226 sepulchrum
560 2151 654 2210 dixit:
675 2151 738 2210 ‘Tu
754 2153 822 2221 scis,
834 2153 956 2209 domine
973 2153 1126 2225 utiquam
1143 2151 1256 2208 inuitus
1274 2155 1333 2209 hoc
1347 2169 1425 2226 opus
1507 2159 1508 2192 l

266 2239 463 2312 susceperim,
488 2239 627 2312 quotiens
652 2240 892 2313 subterfugerim,
924 2241 1063 2312 quotiens
1094 2256 1143 2296 me
1173 2255 1244 2296 cum
1274 2256 1425 2313 quererer

266 2327 497 2386 absentauen'm.
543 2325 566 2384 F
567 2337 658 2395 ateor,
678 2327 825 2400 insipiens
847 2327 941 2384 factus
966 2344 1053 2384 sum:
1081 2328 1137 2384 sed
1155 2335 1188 2383 tu
1212 2343 1264 2384 me
1289 2327 1426 2401 coegisti.

268 2415 346 2472 Nam
366 2415 434 2472 licet
456 2432 516 2472 non
536 2415 657 2473 deesset
679 2415 803 2473 fratrum
823 2415 936 2482 electio,
957 2414 1054 2488 plebis
1072 2413 1187 2488 petitio,
1205 2415 1422 2490 episcoporum

266 2503 414 2575 voluntas,
433 2503 526 2577 gratia
550 2519 720 2577 procerum,
739 2503 797 2560 hiis
823 2513 923 2560 tamen
945 2501 1086 2560 omnibus
1107 2510 1158 2558 tua
1176 2505 1423 2576 preponderabat

223 2612 252 2664 ²5
266 2591 434 2660 auctoritas,
456 2599 508 2646 tua
529 2589 626 2663 magis
645 2591 769 2663 vrgebat
790 2592 937 2648 voluntas.
983 2588 1022 2646 Et
1043 2607 1114 2648 ecce
1135 2607 1233 2646 nouus
1255 2608 1320 2660 rex,
1344 2609 1422 2650 noua

266 2679 326 2746 lex,
340 2695 437 2734 nouus
449 2677 587 2751 pontifex
600 2695 678 2734 noua
690 2680 754 2735 iura
767 2679 907 2747 condunt,
920 2684 1014 2734 nouas
1027 2677 1191 2734 sententias
1204 2680 1422 2752 promulganti
1507 2735 1508 2738 ,

267 2765 313 2823 Te
337 2765 449 2822 erroris
471 2775 607 2838 arguunt,
628 2767 679 2839 qui
700 2765 830 2837 iussisti;
856 2783 906 2823 me
929 2764 1173 2839 presumptionis,
1195 2765 1247 2838 qui
1271 2767 1422 2824 consensi.
1507 2759 1508 2802 t

269 2853 307 2911 Et
320 2863 390 2910 tunc
404 2853 525 2926 quidem
539 2853 600 2910 falli
611 2854 733 2927 potuisti
746 2863 778 2910 vt
790 2854 897 2910 homo:
918 2853 972 2910 scd
985 2852 1119 2924 nunquid
1133 2854 1231 2920 modo,
1244 2855 1421 2912 coniunctus

267 2943 344 3000 deol
390 2941 458 2998 Non
475 2940 564 3014 igitur
582 2941 707 3014 illisqui
724 2941 848 3014 exigunt
865 2941 944 3013 quod
962 2957 1022 2996 non
1039 2941 1195 3008 dederunt,
1207 2942 1260 3013 qui
1279 2960 1349 2999 cum
1362 2945 1420 3000 sint

221 3051 255 3102 go
270 3029 407 3086 homines
416 3027 520 3086 fallere
533 3037 662 3101 possunt
673 3037 703 3086 et
715 3028 784 3099 falli,
798 3028 852 3086 sed
865 3028 918 3084 tibi
928 3028 979 3101 qui
989 3027 1106 3098 dedisti,
1119 3027 1193 3102 [qui]
1203 3029 1263 3085 iam
1274 3031 1420 3088 deductus

268 3115 301 3174 in
325 3117 423 3190 ipsam
448 3119 603 3173 veritatem
628 3116 796 3188 ignorantie
819 3116 868 3174 vel
895 3115 1006 3173 erroris
1035 3116 1178 3172 tenebras
1208 3117 1346 3186 suasisti,
1369 3119 1420 3176 tibi

269 3205 391 3278 resigno
405 3204 552 3272 baculum,
566 3203 619 3260 tibi
635 3221 737 3261 curam
755 3221 859 3261 eorum
876 3221 953 3277 quos
966 3203 1038 3260 mihi
1053 3205 1270 3262 commendasti
1285 3207 1419 3275 dimitto;

270 3293 323 3349 tibi
342 3309 448 3349 secure
467 3309 521 3348 eos
540 3293 702 3362 committo,
720 3293 805 3349 cuius
823 3309 879 3365 ego
898 3293 1004 3349 merita
1022 3309 1083 3348 non
1105 3293 1226 3364 ignoro!
1266 3293 1336 3352 Hec
1354 3312 1420 3352 cum

271 3379 407 3450 dixisset,
427 3381 544 3437 eleuata
564 3379 716 3453 paululum
737 3396 838 3448 manu,
859 3380 890 3436 in
912 3379 1042 3452 lapidem
1068 3397 1127 3452 quo
1151 3389 1291 3438 sanctum
1311 3399 1420 3456 corpus

222 3485 253 3537 ³5
271 3468 425 3539 tegebatur
445 3467 582 3524 baculum
602 3467 708 3537 infixit,
730 3466 855 3526 diceus:
882 3469 1012 3541 ‘Accipe
1034 3467 1154 3524 domine
1174 3469 1217 3525 mi
1237 3486 1304 3541 rex,
1323 3480 1356 3527 et
1374 3469 1420 3526 cui

269 3554 388 3612 libuerit
405 3556 489 3611 trade
508 3555 609 3612 illum!
647 3555 684 3611 Et
702 3564 810 3612 exutus
828 3555 1056 3629 pontificalibus,
1073 3555 1152 3612 inter
1169 3558 1338 3615 monachos
1356 3560 1420 3632 ipse

269 3643 328 3700 iam
353 3643 517 3699 monachus
541 3642 671 3715 simplex
695 3643 816 3700 resedit.
863 3643 1099 3701 Admirabantur
1122 3660 1231 3702 omnes
1257 3656 1420 3704 cernentes

267 3731 383 3804 virgam
403 3729 493 3803 lapidi
513 3729 697 3802 immersam,
714 3739 744 3787 et
765 3731 850 3805 quasi
872 3731 1021 3789 radicibus
1039 3730 1197 3800 vterctur⁷,
1218 3749 1280 3789 non
1298 3735 1420 3792 moueri
1507 3807 1508 3812 ἵ

269 3820 405 3892 Cumque
430 3818 568 3875 baculum
592 3827 774 3891 temptantes
798 3820 880 3876 nulla
903 3820 1020 3877 ratione
1045 3820 1176 3878 euellere
1206 3832 1347 3894 possent,
1372 3841 1421 3881 res
1507 3815 1508 3850 ⁴

221 3933 255 3984 40
269 3907 403 3964 defertur
415 3906 445 3962 in
459 3906 617 3979 synodum,
626 3915 656 3963 et
665 3905 865 3980 Gundulphus
877 3907 1018 3965 roffensis
1033 3908 1194 3981 episcopus
1206 3924 1225 3964 a
1239 3908 1420 3968 Lamfrauco

268 3995 380 4053 missus
404 3995 442 4050 ad
464 3994 657 4066 sepulchrum
683 3996 830 4052 accedens
854 4013 922 4052 cum
948 3995 1085 4052 baculum
1105 3995 1276 4053 nullatenus
1297 4015 1421 4057 mouere

299 4091 383 4141 ιΤοο
403 4091 535 4153 abridged,
553 4091 584 4140 cf.
608 4091 675 4142 Flor.
699 4091 784 4154 ling:
809 4091 910 4142 Deinde
931 4130 962 4143 ..
984 4129 990 4144 .
1012 4093 1096 4142 electo
1115 4093 1148 4142 ad
1170 4093 1420 4158 archiepiscopatum

267 4159 433 4208 eboracensis
450 4156 559 4206 ecclesie
571 4157 688 4207 Aldredo
700 4159 875 4220 wigornensis
892 4159 1003 4208 ecclesie
1020 4161 1153 4222 episcopo,
1169 4159 1199 4208 lit
1216 4161 1345 4210 vuanimis
1361 4177 1420 4211 cou-

267 4240 360 4274 sensus
383 4233 434 4273 tam
454 4223 515 4272 cleri
536 4239 612 4284 quam
633 4224 712 4273 etiam
736 4223 814 4273 totius
835 4224 918 4287 plebis
936 4225 963 4272 in
983 4225 1039 4274 eius
1058 4225 1195 4283 electione,
1216 4239 1281 4288 rege
1301 4228 1421 4278 videlicet

267 4295 524 4351 annuentevtquem
536 4289 584 4337 sibi
596 4288 694 4338 vellent
705 4290 834 4352 presulem
847 4290 981 4352 eligerent,
1014 4290 1053 4339 Cf.
1064 4289 1124 4338 Vita
1134 4291 1187 4338 and
1200 4289 1236 4340 H.
1316 4291 1420 4342 ¹me

266 4355 365 4417 Ailred,
378 4354 439 4403 Vita
450 4355 573 4404 Edwardi
586 4354 662 4405 Conf.
756 4355 814 4407 ³E.
826 4355 943 4406 consilio.
1022 4355 1078 4404 ⁴T.
1092 4355 1121 4405 E.
1135 4356 1240 4419 diguus.
1323 4357 1420 4408 ⁵15.

271 4421 364 4472 sancti
398 4419 433 4470 H.
444 4421 521 4470 huius
532 4435 554 4472 s.
620 4419 677 4472 ⁸5.
689 4420 852 4485 prouulgaut
918 4419 1123 4472 'adniteretun
