3028 4894
272 331 347 400 444
587 303 717 392 ilium
742 299 932 406 [tamna
955 299 1106 406 finalia

271 503 476 564 venerabiles¹
502 503 580 562 beati
609 501 741 560 Willridi
771 503 912 577 reliquias
936 521 1015 578 quas
1043 501 1238 572 aduexerat¹,
1263 504 1299 562 in
1325 505 1436 563 maiori

272 593 364 664 altari,
377 593 456 666 quod
476 591 507 648 in
523 591 636 648 honore
651 591 765 648 domini
782 591 872 648 lhesu
886 591 997 649 Christi
1010 599 1160 648 sacratum
1173 601 1250 660 erat,
1263 593 1439 652 collocauit

273 669 357 741 Cum
377 680 458 737 enim
478 679 509 736 in
532 679 582 736 illo
602 678 668 736 loco
688 678 790 736 multis
808 677 896 736 aunis
916 687 1117 748 seruarentur,
1136 677 1367 752 omnipotentis
1390 681 1439 737 du'

271 769 394 826 tandem
407 767 522 824 occulto
534 765 642 823 iudicio
658 765 764 822 ciuitas
782 765 1010 823 Cantuariorum
1025 765 1088 824 lere
1105 773 1167 822 tota
1183 766 1257 840 igne
1269 779 1441 836 cremauit,

244 855 458 928 tecclasiaque
476 853 587 910 Christi
605 853 712 910 eodem
731 853 870 910 lucendio
891 853 1098 927 conflagratur.
1142 852 1240 910 Cuius
1262 855 1442 929 conflagrat<

272 942 363 1000 tionis
387 959 466 1000 anno
490 941 588 1012 tertio,
614 939 811 998 lamfrancus
834 941 1025 998 cadomensis
1051 941 1154 1010 abbas,
1178 941 1441 1016 archiepiscopus

273 1029 489 1088 cantuariensis
516 1037 716 1099 consecratus,
740 1027 880 1104 quicquid
912 1028 1007 1102 ipsius
1030 1028 1157 1086 ecclesie
1180 1029 1297 1086 vetusti
1330 1033 1441 1104 operis

273 1118 435 1188 resederat,
449 1133 527 1173 noua
539 1115 640 1174 omnia
652 1125 885 1184 constructurus,
898 1115 1012 1174 euertit
1037 1115 1112 1172 Cum
1124 1115 1244 1188 [ergo]⁸
1257 1118 1441 1189 predictum

273 1207 366 1264 altare
383 1205 616 1271 subuerteretur,
636 1203 759 1276 reliquie
781 1203 858 1260 beati
872 1203 1003 1260 Wilsridi
1025 1213 1154 1276 reperte,
1173 1221 1208 1260 ac
1229 1202 1337 1262 leuate
1355 1219 1442 1273 sunt,

230 1307 261 1344 ¹0
273 1304 362 1367 atque
380 1293 411 1348 in
431 1292 540 1348 scrinio
558 1291 709 1349 collocate.
745 1290 859 1348 Verum
878 1308 946 1348 cum
966 1299 1035 1363 post
1052 1290 1163 1363 aliquot
1182 1308 1284 1347 annos
1305 1291 1440 1350 fratr-um

273 1381 411 1438 voluntas
423 1379 454 1436 in
464 1397 501 1436 eo
514 1378 737 1436 consentiretvt
750 1378 846 1451 magis
855 1378 917 1435 fixo
929 1379 995 1436 loco
1002 1378 1220 1446 clauderentur,
1231 1381 1439 1451 sepulchrum

272 1469 318 1526 eis
336 1466 367 1522 in
385 1465 551 1540 aquilonari
569 1475 655 1540 parte
672 1465 775 1523 altaris
794 1465 904 1524 lactum
923 1475 977 1536 est,
994 1474 1023 1521 et
1041 1466 1072 1522 in
1090 1483 1127 1522 eo
1145 1475 1215 1522 suut
1233 1477 1350 1540 quarto
1369 1469 1440 1526 idus

273 1554 403 1612 octobris
416 1553 539 1610 incluse

765 1657 904 1715 Narratio
912 1657 932 1716 ⁴.

313 1751 380 1822 Illis
391 1763 473 1821 enim
486 1763 593 1821 diebus
605 1762 684 1820 circa
695 1779 808 1819 annum
821 1763 933 1820 domini
946 1760 1250 1836 septingentesimum
1265 1765 1438 1837 septimum

231 1875 239 1908 ι
246 1875 260 1924 5
275 1853 415 1926 ⁸[heatus
428 1851 539 1908 Hedda
551 1849 787 1907 Occidentalium
797 1849 953 1907 Saxonum
965 1849 1128 1924 episcopus
1141 1849 1288 1907 celestem
1299 1854 1439 1927 (migra)-
1505 1837 1508 1936 1

274 1941 317 1998 uit
336 1941 373 1998 ad
393 1940 505 2006 uitam;
532 1939 629 1994 bonus
654 1937 767 2011 quippe
791 1947 855 1994 erat
879 1955 914 1996 ac
939 1937 1058 2009 (iustus)
1079 1937 1246 1993 secundum
1275 1939 1387 2008 iidem,
1410 1951 1438 1997 et
1507 1971 1508 1976 κ

273 2026 476 2102 episcopalem
488 2025 579 2082 uitam
593 2024 658 2082 siue
672 2025 861 2096 (doctri)nam
875 2026 970 2098 magis
982 2023 1072 2082 insito
1087 2024 1144 2080 sihi
1161 2024 1310 2082 uirtutum
1331 2045 1436 2086 amore
1505 1979 1508 2062 i

275 2117 377 2190 (quam
405 2113 594 2184 lectionibus)
617 2110 769 2170 institutus
795 2113 964 2170 exercebat.
1009 2111 1044 2168 ln
1072 2111 1138 2168 loco
1164 2122 1267 2169 autern
1291 2114 1354 2186 (in)
1378 2135 1435 2190 quo
1507 2109 1508 2130 ¹

273 2203 458 2275 de(fu)nctus
476 2209 531 2269 est,
544 2201 583 2256 oh
600 2199 740 2256 meritum
764 2199 929 2257 sanctitatis
949 2199 1038 2271 (eius)
1061 2200 1154 2256 multa
1173 2200 1342 2259 sanitatum
1366 2215 1435 2260 sunt
1503 2141 1508 2248 i

230 2317 263 2355 ,ο
274 2299 390 2365 patrata
408 2287 558 2357 miracula,
571 2287 769 2361 hominesque
784 2287 947 2361 (prouincie
965 2287 1057 2358 illius)
1071 2287 1175 2344 solitos
1192 2287 1344 2358 ablaltum
1365 2293 1434 2348 inde

274 2378 431 2452 puluerem
446 2377 582 2450 propter)
601 2375 778 2448 languentes
796 2374 827 2431 in
849 2391 957 2448 aquam
975 2374 1126 2446 (mittere),
1143 2384 1174 2432 et
1195 2374 1288 2432 huius
1307 2387 1432 2450 gustum

274 2465 338 2523 siue
356 2465 564 2540 aspersionem
582 2463 683 2520 multis
700 2463 857 2520 sanitatem
879 2463 990 2537 egrotis
1014 2463 1151 2519 conferre
1174 2463 1280 2535 [refert
1303 2463 1404 2538 Beda]
1414 2467 1433 2524 ⁴.

277 2541 342 2610 Illis
363 2553 457 2610 eciam
477 2549 616 2622 diebus]⁸
637 2550 795 2607 Conredus
815 2566 870 2607 rex
891 2549 1071 2608 Merciorum
1094 2549 1224 2606 Romam
1244 2552 1387 2622 veniens,
1404 2565 1432 2611 et

275 2639 440 2696 monachus
457 2639 570 2696 ibidem
588 2637 691 2706 lactus,
704 2639 742 2694 ad
762 2637 863 2694 limina
874 2637 1078 2711 apostolorum
1091 2636 1122 2693 in
1135 2638 1287 2712 precibus,
1301 2639 1431 2708 ieiuniis,

231 2755 261 2804 ²⁵
275 2737 304 2785 et
317 2726 492 2784 clemosinis
504 2743 600 2799 vsque
612 2726 649 2782 ad
662 2726 744 2782 diem
753 2726 919 2800 permansit
926 2727 1072 2784 ultimum.
1092 2725 1182 2783 Venit
1194 2735 1297 2783 autem
1310 2746 1381 2785 cum
1395 2748 1430 2786 eo
1506 2729 1507 2734 ’

275 2815 343 2874 Olsa
355 2832 410 2872 rex
423 2813 619 2872 Orientalium
630 2813 795 2885 Saxonum,
804 2814 922 2872 iuuenis
934 2813 1167 2886 amantissimus,
1175 2813 1227 2888 qui
1240 2815 1308 2888 pari
1321 2816 1430 2873 ductus
1506 2799 1507 2844 ¹

275 2903 434 2962 deuotione
453 2902 572 2976 reliquit
584 2918 718 2972 uxorem,
730 2909 881 2975 cognatos,
894 2911 925 2959 et
942 2918 1069 2975 regnum
1088 2911 1211 2975 propter
1223 2901 1382 2961 Christum
1400 2915 1429 2962 et

275 3001 399 3066 propter
417 2990 614 3064 euangelium,
627 2999 659 3046 vt
671 2989 700 3046 in
714 2991 815 3047 seculo
833 2989 932 3047 futuro
947 2991 1120 3062 centuplum
1138 3000 1167 3047 et
1178 2989 1271 3046 vitam
1291 3001 1428 3048 eternam

276 3081 461 3154 possideret:
479 3089 508 3135 et
523 3078 621 3135 Rome
631 3087 775 3149 attonsus,
785 3077 816 3135 in
825 3077 990 3134 monastico
1003 3077 1104 3134 habitu
1112 3077 1203 3134 vitam
1213 3078 1383 3152 complens,
1392 3082 1427 3136 ad

231 3181 263 3231 30
276 3169 422 3226 visionem
434 3169 588 3224 beatorum
602 3165 806 3240 apostolorum
819 3166 849 3222 in
863 3165 935 3224 celis
946 3165 1016 3222 diu⁷
1029 3165 1230 3224 desideratam
1243 3167 1393 3240 peruenit

345 3385 369 3446 tl
391 3373 445 3444 Da
464 3402 580 3444 saucro
598 3372 752 3444 Wraous
771 3401 915 3443 serscoro
933 3400 1121 3452 qursscam
1139 3400 1171 3440 tn
1190 3371 1360 3442 Taaracru

628 3505 785 3547 rurasroru
804 3507 841 3547 ar
859 3489 1078 3547 conrassoaa'.

280 3629 450 3764 SAnctus
458 3627 557 3703 Wyro
569 3647 608 3686 ex
621 3628 722 3687 Scotia
733 3627 886 3698 oriundus,
897 3635 975 3685 etate
988 3627 1037 3684 et’
1049 3625 1204 3684 sanctitate
1214 3627 1423 3685 canonicorum

367 3717 513 3791 graduum
525 3717 629 3773 ordine
642 3716 812 3789 proficiens,
825 3724 855 3773 et
868 3715 980 3772 florens
993 3723 1063 3772 ante
1075 3713 1165 3771 deum
1175 3723 1207 3770 vt
1219 3715 1330 3788 palma,
1344 3715 1424 3788 [v]t¹⁸

278 3807 385 3864 cedrus
398 3805 429 3862 in
442 3805 533 3861 domo
549 3803 662 3861 domini
680 3803 901 3877 multiplicatus,
914 3802 972 3859 deo
989 3811 1019 3859 et
1037 3801 1210 3859 hominibus
1227 3803 1365 3860 amabilis
1380 3810 1423 3860 ast

277 3894 410 3952 effectus
448 3891 516 3948 Non
547 3891 693 3964 frangitur
717 3891 748 3947 in
773 3889 918 3961 aduersis,
943 3907 998 3946 nec
1022 3888 1175 3946 extollitur
1199 3890 1231 3946 in
1252 3891 1421 3963 prosperis,

232 4017 264 4069 ³5
278 3981 373 4042 sacris
391 3997 451 4038 non
470 3979 607 4052 fatigatur
621 3979 738 4052 vigiliis,
757 3977 890 4052 pascitur
908 3977 1100 4049 orationibus,
1118 3976 1238 4034 ieiuniis
1256 3977 1419 4035 hilarescit:

279 4089 335 4130 nec
346 4070 406 4127 vlla
424 4085 525 4125 rerum
544 4068 691 4125 sententia
709 4075 803 4123 mutat
822 4066 919 4122 locum
937 4065 1094 4140 propositi,
1112 4074 1286 4123 sanctorum
1306 4075 1419 4139 patrum

311 4201 319 4230 ¹
338 4202 368 4251 E.
380 4199 542 4250 venerabilis
629 4196 641 4227 ¹
657 4197 685 4247 E.
697 4197 847 4248 adduxerat
941 4195 951 4225 ¹
967 4211 1018 4248 om.
1030 4197 1057 4246 in
1071 4195 1100 4247 1².
1191 4197 1200 4227 ⁴
1217 4195 1249 4247 cl.
1262 4195 1334 4245 Beda
1343 4195 1373 4246 V.
1385 4197 1418 4247 rh
1504 4233 1505 4251 ,

278 4267 331 4307 *Δ
347 4268 431 4316 added
444 4266 470 4314 iu
482 4265 513 4316 T.
602 4262 612 4293 ⁸
628 4279 678 4314 ona.
768 4263 778 4292 ¹
796 4263 826 4312 E.
838 4263 881 4312 diu
893 4263 920 4312 in
932 4263 1004 4313 celis.
1100 4261 1110 4291 ⁸
1125 4261 1190 4312 This
1201 4261 1246 4311 lile
1258 4261 1281 4310 is
1293 4277 1341 4312 om.
1356 4263 1380 4310 iu
1391 4262 1417 4313 T.

279 4333 411 4393 Ahrldged
426 4331 491 4379 from
508 4330 552 4379 the
563 4329 623 4379 Vita
640 4331 666 4378 in
683 4329 716 4379 Α,
729 4329 777 4381 SS.
795 4329 862 4378 Boll.
874 4331 891 4377 8
909 4327 971 4390 llay
983 4327 1016 4379 11.
1030 4344 1055 4391 p.
1067 4342 1124 4392 312,
1135 4343 1169 4378 au
1187 4335 1287 4378 extract
1303 4327 1332 4377 ol
1338 4327 1417 4377 which

281 4397 358 4446 iathe
370 4396 413 4444 lile
425 4395 452 4444 iu
466 4395 563 4444 Sarius.
630 4394 640 4424 ⁹
656 4395 689 4444 al.
701 4409 752 4446 ona.
819 4393 839 4424 ¹·
855 4393 917 4446 TAE.
932 4405 967 4446 et.
