3028 4894
394 309 469 402 De
493 305 660 397 sanas
684 309 949 398 tummim.
1167 335 1237 404 421

81 509 212 580 debant,
225 525 348 583 semper
360 509 577 583 impressiones
594 511 706 584 pedum
723 510 861 568 animalis
873 509 970 568 clare¹
984 509 1079 569 videri
1092 520 1239 585 poterant

83 597 204 670 Sicque
215 597 337 654 tandem
350 597 453 654 relicta
466 598 497 653 in
510 613 634 655 nemore
642 615 740 669 vacca,
750 598 882 656 latrones
892 599 1034 656 velociter
1044 599 1193 673 fugientes
1206 617 1240 658 se

82 686 288 741 occultabant.
372 672 456 743 Cum
469 684 557 758 pueri
575 685 677 742 tenelli
695 685 795 758 aliquo
813 686 860 742 sui
878 687 1014 760 corporis
1026 686 1241 760 incom[m]odo

82 771 262 829 laborantes
274 780 412 845 egrotare
423 771 566 845 ceperint,
579 773 730 846 proiectos
743 772 774 829 in
787 772 881 847 ipsius
897 773 1076 847 scaturigine
1090 774 1181 832 fontis
1190 776 1201 806 ²
1211 784 1241 832 et

81 859 267 932 pernicitate
285 858 417 916 fluminis
436 859 563 917 reiectos
582 868 693 917 matres
710 877 814 917 eorum
829 861 942 919 hilares
955 869 985 918 et
1002 861 1137 934 sospitati
1152 862 1269 923 resti-5

81 956 171 1004 tutos
184 956 308 1020 repente
326 963 379 1004 eos
394 946 550 1020 suscipere
567 957 798 1005 consueuerant
884 936 923 1006 In
940 949 1089 1006 descensu
1103 949 1239 1006 eiusdem

82 1033 147 1091 riui
166 1035 312 1107 optimum
326 1035 530 1092 molendinum
544 1034 734 1105 construitur,
747 1036 827 1109 quod
840 1053 993 1109 nunquam
1006 1036 1160 1109 ymbrium
1174 1037 1240 1094 siue

82 1122 168 1179 niuis
181 1122 384 1180 habundantia
396 1121 564 1195 profluente
576 1130 627 1179 aut
639 1121 738 1196 aliqua
749 1123 866 1181 vrentis
881 1124 951 1196 gelu
969 1123 1033 1180 siue
1046 1125 1142 1181 estiue
1155 1124 1239 1194 sicci-

81 1209 159 1267 tatis
185 1209 323 1266 molestia
342 1209 564 1283 perstringente
583 1209 698 1267 molere
719 1209 845 1269 desistit.
883 1211 970 1281 Quod
990 1212 1085 1269 semel
1108 1212 1239 1269 latrones

81 1296 227 1372 ingressi,
248 1297 430 1355 ferramenta
449 1298 550 1354 omnia
568 1315 623 1354 seu
642 1297 842 1356 instrumenta
860 1315 964 1355 secum
980 1298 1164 1356 auferebant.
1201 1299 1286 1362 Et10

82 1397 158 1438 cum
174 1379 223 1436 illa
235 1397 291 1459 sup
306 1379 479 1437 molendino
495 1380 684 1448 detulissent,
697 1398 753 1438 nec
772 1390 837 1438 rota
851 1381 978 1439 circuire
992 1400 1049 1439 nec
1064 1381 1240 1446 officialibus

81 1467 145 1525 illis
154 1466 261 1542 aliquis
271 1466 433 1541 profectus,
443 1469 539 1525 donec
548 1476 698 1541 reportata
708 1468 833 1538 fuerant,
842 1477 959 1542 poterat
969 1469 1100 1527 euenire.
1164 1457 1240 1530 Post

83 1556 251 1613 multorum
269 1572 416 1612 annorum
435 1554 589 1626 curricula,
606 1572 686 1611 anno
704 1556 766 1612 scii.
784 1557 879 1630 gratie
897 1557 1058 1614 millesimo
1076 1558 1240 1615 centesimo

82 1642 241 1700 tricesimo
254 1651 367 1711 octauo,
380 1659 450 1699 ossa
462 1651 565 1699 sancte
574 1641 777 1700 'Wenefrede
787 1643 911 1716 virginis
924 1645 1003 1717 apud
1017 1644 1187 1718 Salopiam⁴
1201 1635 1239 1703 ad

83 1730 304 1788 monasterium
317 1731 532 1788 monachorum
545 1747 614 1787 cum
628 1747 737 1804 magno
750 1731 864 1788 honore
877 1732 1020 1788 translata
1033 1731 1128 1790 sunt.'
1256 1748 1284 1799 15

124 1902 204 1976 [MS.
216 1901 281 1960 Tib.
294 1902 385 1961 adds:
558 1903 584 1964 ii
602 1900 741 1960 Narratio
747 1902 766 1959 ⁶.

122 1988 219 2056 Anno
231 1999 345 2056 domini
354 2001 363 2030 ⁶
373 1998 532 2056 millesimo
546 1998 709 2056 centesimo
721 1998 924 2073 octuagesimo
937 2006 1000 2056 erat
1012 2001 1061 2056 uir
1072 1999 1194 2073 quidam
1207 2000 1237 2055 in

82 2089 162 2145 urbe
174 2087 399 2160 Huntingdonie
413 2087 555 2159 operibus
568 2103 711 2144 manuum
724 2103 844 2143 suarum
858 2087 969 2144 uictum
982 2104 1124 2160 querens,
1134 2087 1185 2161 qui
1198 2105 1237 2144 ex

82 2174 255 2234 concubina
271 2191 327 2232 sua
344 2173 439 2231 filium
459 2174 563 2248 genuit
580 2175 702 2231 nomine
722 2173 933 2232 Herebertum.
971 2173 1118 2230 Defuncta
1136 2184 1238 2231 autem

82 2262 260 2333 concubina,
278 2261 367 2319 aliam
386 2260 566 2318 introduxit:
586 2261 671 2318 cuius
690 2259 864 2334 potissime²
876 2261 999 2319 consilio
1017 2261 1165 2333 inductus,
1184 2280 1239 2336 per

82 2349 184 2407 noctis
196 2349 338 2406 tenebras
349 2349 444 2406 filium
457 2365 545 2405 suum
558 2365 654 2422 usque
669 2350 707 2405 ad
725 2348 849 2406 fluuium
867 2351 923 2406 sub
940 2351 1013 2406 urbe
1028 2351 1236 2407 decurrentem
1254 2370 1283 2407 πο

83 2437 193 2496 demlit
206 2447 236 2494 et
249 2445 365 2511 petram
379 2440 411 2493 in
424 2437 490 2493 sinu
503 2436 629 2510 puerili⁸
641 2435 745 2510 ligans,
753 2436 945 2494 innocentem
956 2455 1024 2494 cum
1037 2437 1194 2494 conamine
1206 2437 1237 2494 in

81 2526 248 2598 ampnem⁸
260 2524 393 2598 proiecit.
426 2523 489 2581 Nec
502 2541 594 2594 mora,
603 2525 683 2580 unda
695 2525 855 2598 tranquilla
867 2525 1037 2595 famulante,
1045 2526 1083 2581 ad
1097 2525 1191 2598 ripam
1205 2525 1237 2582 in

81 2631 147 2688 qua
157 2613 255 2670 stabat
266 2621 353 2687 pater
365 2612 431 2670 eius
443 2611 591 2670 rehicitur.
616 2611 753 2686 Cumque
765 2613 795 2669 id
809 2612 889 2670 idem
898 2613 990 2670 tercio
1001 2612 1111 2670 factum
1124 2613 1236 2682 fuisset,

81 2701 175 2758 unice
182 2701 274 2774 prolis
283 2700 404 2775 punitor
413 2701 639 2774 obstupescens,
647 2699 767 2774 spinam
776 2701 857 2758 dorsi
864 2701 987 2774 puerilis
996 2708 1130 2758 teneram
1139 2700 1236 2774 fregit,

80 2797 191 2864 pectus
203 2789 364 2862 quassauit,
378 2797 407 2844 et
424 2786 553 2861 paxillos
568 2786 683 2861 ligneos
701 2787 732 2844 in
745 2787 932 2845 extremitate
950 2787 1078 2845 uestium
1097 2787 1235 2861 infigens,
1252 2807 1264 2841 a
1268 2805 1281 2855 5

81 2876 210 2935 fluuium
227 2877 347 2933 intrauit
362 2885 392 2932 et
409 2875 488 2932 inter
507 2876 622 2948 lutosos
642 2874 763 2933 laticum
783 2875 867 2934 sinus
887 2892 955 2932 cum
973 2875 1098 2949 prefatis
1117 2875 1236 2948 paxillis

80 2963 296 3038 corpuscidum
313 2963 492 3020 fundotenus
509 2962 640 3020 confixit.
685 2962 755 3020 Post
772 2964 827 3021 hec
841 2981 913 3020 uero
925 2963 975 3020 die
983 2963 1004 2995 ¹⁰
1016 2962 1236 3035 quintadecima

81 3055 195 3111 uirtute
207 3051 308 3108 diuina
321 3068 429 3126 corpus
437 3050 456 3082 ¹¹
467 3067 536 3108 cum
549 3050 667 3125 paxillis
680 3050 711 3106 in
720 3050 820 3107 tunica
831 3050 908 3119 fixis,
916 3067 1040 3123 corpore
1051 3049 1167 3124 integro
1177 3060 1207 3106 et
1215 3050 1237 3083 ¹²

81 3150 154 3198 cute
172 3139 319 3197 candente
338 3137 494 3212 reperitur,
514 3147 543 3194 et
559 3138 590 3195 in
608 3138 735 3195 ecclesia
753 3147 856 3195 sancte
877 3135 971 3194 Marie
993 3136 1077 3194 urbis
1099 3136 1235 3194 eiusdem

81 3229 116 3286 in
124 3227 240 3284 tumulo
248 3243 417 3284 marmoreo
425 3225 577 3299 sepelitur.
602 3225 637 3282 In
646 3225 711 3282 loco
719 3242 793 3282 uero
801 3224 953 3282 martirii¹¹
962 3224 1077 3298 capella
1086 3223 1235 3296 fundatur,
1251 3241 1283 3290 30

81 3315 136 3373 ubi
148 3314 291 3372 miracula
301 3331 362 3370 non
373 3313 455 3370 nulla
465 3313 530 3370 fieri
541 3313 689 3384 uidentur,
698 3313 777 3370 inter
787 3330 845 3385 que
856 3312 898 3370 sic
908 3312 1024 3386 legitur.
1050 3310 1105 3369 Vir
1114 3312 1235 3385 quidam

81 3402 195 3462 nobilis
208 3402 299 3459 filiam
313 3403 418 3459 decem
435 3417 591 3472 annorum,
604 3400 729 3458 alteram
743 3400 910 3470 duodecim,
923 3417 941 3456 a
958 3399 1110 3457 natiuitate
1127 3401 1236 3457 surdas

80 3500 114 3550 et
134 3499 232 3548 mutas
250 3491 370 3547 habuit:
392 3489 442 3562 (ad
460 3489 559 3546 iocum
578 3489 641 3560 ubi)
660 3505 737 3562 puer
753 3488 942 3546 Herebertus
960 3488 1076 3544 occisus
1095 3497 1149 3556 est,
1167 3505 1235 3544 cum

80 3576 408 3651 filiabus(quantocius)
415 3576 548 3634 accessit
566 3575 729 3650 Cumque¹¹
736 3575 894 3633 sanitatem
903 3583 1063 3633 consecute
1071 3574 1197 3632 fuissent
1206 3585 1236 3632 et

80 3677 146 3726 tam
168 3665 287 3723 auditus
308 3681 398 3739 quam
421 3663 539 3737 loquele
563 3664 732 3721 facultatem
757 3663 974 3738 percepissent,
992 3662 1133 3736 quicquid
1151 3664 1196 3720 eis
1217 3679 1282 3730 aas

80 3751 304 3828 loquentibus¹⁶
312 3751 463 3825 quesitum
472 3752 576 3823 fuerat,
584 3763 613 3809 et
622 3753 688 3825 ipse
698 3752 905 3824 loquebantur.
925 3750 1039 3808 Etcum
1047 3750 1234 3823 inquirentes

80 3839 385 3902 dicerent:‘Potestis
395 3856 450 3897 uos
459 3839 563 3897 audire
570 3848 600 3897 et
610 3839 729 3913 loquil',
738 3856 798 3896 non
806 3839 1234 3913 respondebant‘possumus:

82 3941 130 3990 set
148 3929 254 3986 eadem
270 3928 362 3985 uerba
379 3926 469 3984 latina
485 3927 515 3984 in
532 3929 664 3985 secunda
681 3944 813 4001 persona
826 3927 1066 4000 respondebant:
1087 3924 1234 3983 ‘Potestis

81 4035 140 4078 uos
152 4016 256 4076 audire
267 4024 297 4074 et
310 4016 389 4090 ioqui
399 4019 426 4073 i’
449 4015 559 4089 Sicque
571 4015 676 4088 gallice
689 4023 720 4072 et
731 4013 848 4088 anglice
860 4015 967 4071 eodem
980 4013 1070 4070 modo
1081 4013 1234 4086 querenti·

115 4147 171 4198 ¹13.
183 4147 254 4198 clari.
349 4145 404 4198 ¹13.
417 4147 496 4197 fontis
507 4146 670 4210 scaturigine.
764 4144 821 4196 ¹13.
833 4153 933 4196 sancta.
1028 4143 1085 4195 ‘R
1098 4144 1233 4208 soloptm.

80 4215 188 4266 ⁸Sme
199 4220 256 4263 text
266 4213 293 4263 in
306 4213 361 4264 MS.
375 4212 448 4264 Bodl.
462 4229 519 4276 40,
531 4229 556 4277 p.
568 4215 626 4274 614.
666 4210 768 4263 ‘Bodl
782 4211 875 4275 gracie.
918 4208 975 4262 ¹13.
991 4223 1041 4260 om.
1081 4209 1138 4260 ⁸1³.
1150 4211 1232 4274 pueri.

80 4284 90 4313 ¹
109 4281 139 4332 B.
153 4279 267 4330 fluuium.
334 4279 354 4309 ¹⁰
371 4279 403 4331 Β.
416 4279 466 4328 Die
477 4294 539 4330 vero
551 4286 612 4342 post
623 4280 678 4329 bec.
759 4277 776 4308 ¹¹
795 4277 825 4329 B.
837 4292 933 4340 corpus
944 4275 1017 4340 pueri
1030 4275 1125 4325 virtute
1137 4275 1233 4330 diuina.

80 4345 99 4378 ¹²
115 4347 224 4399 neunt
298 4343 319 4380 ¹¹
336 4343 367 4396 B.
379 4361 411 4395 m.
424 4345 487 4396 eius.
561 4343 579 4374 ¹⁴
596 4344 764 4397 uvbicum.
841 4341 863 4377 ¹⁸
878 4342 1192 4404 Babinterrogantibus.

1344 4371 1355 4417 ἡ
