3012 4898
263 300 335 392 338
488 198 508 284 N
571 290 918 396 1201]thde
943 289 1095 396 flnfflft.

171 511 172 519 ¹
262 497 399 554 subditos
412 513 472 552 non
486 494 594 568 spoliat
607 511 663 568 per
675 493 836 551 auaritiam
850 510 906 551 nec
919 493 1020 560 calcat,
1031 491 1126 566 pascit
1139 509 1263 566 egenos,
1276 491 1418 550 infirmos

262 582 372 654 uisitat,
394 599 559 656 oppressos
578 582 768 640 consolatur:
797 599 866 640 cum
888 581 1026 655 superbis
1045 581 1230 654 increpando
1251 581 1419 646 contendit,

262 671 419 728 adulantes
438 669 579 744 corripit;
606 671 644 727 ad
667 686 834 743 pauperem
855 677 885 726 et
906 669 1059 726 infirmum
1081 685 1142 724 uox
1166 668 1232 725 eius
1255 667 1365 724 suauis
1389 677 1418 724 et

263 757 367 830 dulcis,
386 757 424 815 ad
443 757 625 814 obstinatum
644 773 752 830 aspera
770 765 800 814 et
817 766 911 814 acuta.
949 755 1089 813 Infirmos
1108 764 1139 813 et
1157 755 1271 813 debiles
1290 755 1420 828 langore

234 863 248 912 5
262 854 431 903 contractos
442 845 473 902 in
483 845 610 919 tuguriis
623 845 686 902 suis
698 844 897 918 personaliter
904 845 1025 902 uisitare
1035 843 1157 901 curauit
1188 830 1322 902 Cuidam
1332 843 1419 899 euim

264 933 408 1008 magistro
426 931 525 1006 egenti
545 941 718 1007 argenteam
737 948 846 1006 cupam
868 933 1041 989 deauratam
1062 931 1139 988 clam
1159 929 1301 988 contulit:
1329 929 1419 986 ‘Hoc

261 1021 358 1078 donec
376 1020 531 1090 redimam,
545 1019 649 1094 inquit,
662 1038 718 1094 pro
733 1019 860 1092 pignore
872 1037 952 1093 poue
963 1021 985 1078 :’
998 1020 1101 1092 sicque
1113 1019 1298 1092 paupertatis
1310 1017 1419 1074 clauso

261 1109 387 1182 pudore,
411 1107 512 1181 fugata
537 1107 639 1181 inopia
663 1107 750 1180 erigit
774 1107 952 1164 desolatum.
998 1105 1128 1163 Camisia
1158 1115 1189 1162 et
1217 1105 1419 1162 femoralibus

262 1197 400 1253 utebatur
412 1195 549 1264 cilicinis3
565 1204 595 1252 et
608 1212 646 1251 ex
656 1194 737 1251 corio
747 1193 847 1267 spisso
859 1193 969 1251 bouino
976 1195 1026 1251 uel
1033 1195 1144 1267 equino
1151 1191 1315 1250 latitudinis
1321 1193 1421 1249 trium

219 1306 250 1342 ιο
262 1282 430 1356 digitorum,
456 1282 575 1340 laminis
599 1281 706 1339 ferreis
734 1281 965 1355 triangularibus
992 1299 1048 1355 per
1073 1290 1282 1338 transuersum
1312 1280 1419 1346 affixo,

262 1369 398 1444 cingulo¹
417 1371 473 1427 sub
492 1369 588 1428 cilicio
610 1387 644 1427 se
663 1369 762 1436 cinxit,
782 1387 842 1443 que
863 1369 986 1442 quidem
1007 1369 1118 1426 lamine
1140 1369 1190 1426 tali
1209 1377 1271 1426 arte
1294 1366 1421 1426 fuerant

262 1457 339 1514 facte
351 1466 384 1513 ut
396 1474 468 1530 pars
483 1475 543 1514 una
554 1459 664 1516 ceteris
673 1457 896 1530 preminencior
904 1466 934 1514 et
946 1456 1065 1514 acucior
1076 1456 1158 1514 carni
1170 1473 1276 1530 pressa
1288 1473 1421 1513 camem

261 1543 445 1615 confoderet,
464 1553 494 1601 et
518 1545 662 1602 lateribus
687 1544 836 1618 applicata
860 1545 953 1601 latera
976 1543 1112 1602 laniaret.
1155 1543 1237 1601 Fecit
1262 1543 1421 1616 siquidem

261 1641 342 1690 rotas
354 1649 409 1689 seu
422 1631 561 1706 sperulas
573 1633 612 1689 de
625 1633 705 1689 buxo
718 1631 833 1705 ligneas
847 1640 878 1688 ct
890 1631 1013 1703 ferreas,
1027 1633 1142 1705 spissas
1155 1649 1262 1688 uersus
1273 1641 1420 1689 centrum

218 1741 248 1793 ¹5
262 1729 293 1777 et
306 1737 363 1793 per
380 1736 487 1777 omnes
503 1719 746 1778 circumferentia
763 1729 867 1791 partes
885 1727 1001 1787 tenues,
1014 1719 1070 1776 sed
1087 1719 1192 1776 ordine
1208 1719 1358 1786 dentatas,
1378 1720 1422 1776 ita

261 1809 341 1882 quod
358 1807 389 1864 in
407 1808 539 1882 qualibet
556 1807 680 1881 sperula
696 1817 781 1864 erant
797 1808 889 1864 multe
903 1807 1045 1882 cuspides
1057 1815 1215 1881 peracute;
1234 1807 1266 1864 in
1284 1824 1421 1880 quamm
1503 1847 1504 1858 .

262 1896 357 1954 eciam
370 1905 474 1953 centro
486 1894 563 1952 facto
576 1895 723 1952 foramine
735 1904 767 1954 et
778 1895 901 1953 cordula
917 1912 974 1969 per
989 1895 1122 1952 medium
1139 1895 1322 1974 intromissa,
1335 1897 1421 1954 nodo

261 1985 391 2058 quodam
399 1982 477 2040 inter
484 1983 632 2056 quaslibet
640 1984 715 2040 duas
723 1983 860 2056 sperulas
868 1982 1053 2056 interposito,
1059 1983 1157 2040 cincto
1164 1985 1221 2040 sub
1228 1982 1325 2040 cilicio
1334 1986 1422 2041 audo

262 2071 398 2145 corporis
420 2071 520 2128 medio
539 2071 639 2127 carnis
660 2071 797 2128 stimulos
818 2071 947 2128 stimulis
966 2072 1101 2145 urgendo
1120 2081 1271 2144 perurget
1319 2070 1421 2130 Inter·

218 2184 249 2219 ao
262 2160 335 2216 dum
343 2176 462 2233 quoque
470 2159 601 2216 tunicam
614 2158 743 2216 ferream
753 2159 859 2217 adiecit
869 2175 1035 2216 onerosam.
1091 2146 1174 2218 Cum
1185 2161 1356 2232 piscatores
1367 2162 1421 2217 diu

262 2245 425 2304 laborando
438 2245 529 2302 nichil
540 2245 775 2319 prendidissent,
783 2248 821 2304 ad
834 2248 899 2304 eius
914 2247 1156 2304 benediccionem
1173 2255 1301 2320 quatuor
1314 2247 1422 2320 pisces

262 2351 387 2407 magnos
406 2342 436 2390 et
454 2333 618 2406 speciosos,
635 2333 802 2391 cuiusmodi
820 2333 942 2407 generis
960 2351 1112 2408 nunquam
1130 2333 1287 2405 uidissent,
1301 2353 1422 2408 sagena

262 2421 482 2479 concluserunt
555 2409 638 2480 Cum
656 2421 737 2478 enim
753 2421 872 2495 nauigio
889 2439 973 2479 mare
988 2423 1138 2491 transiret,
1152 2432 1217 2478 orta
1232 2431 1421 2495 tempestate

261 2508 451 2582 grauissima,
460 2507 535 2566 fusis
545 2510 583 2566 ad
591 2509 681 2566 deum
693 2509 834 2582 precibus
843 2518 873 2566 et
882 2509 1097 2567 benediccione
1105 2511 1179 2566 mari
1189 2519 1339 2583 porrecta,
1348 2529 1421 2585 pro-

217 2619 249 2670 ²5
262 2596 336 2654 cella
354 2595 384 2652 in
400 2595 653 2669 tranquillitatem,
667 2606 698 2654 et
709 2597 905 2670 intemperies
919 2597 950 2654 in
964 2615 1064 2654 aerem
1079 2597 1261 2655 luminosum
1274 2608 1422 2658 mutatur.

265 2671 303 2742 ln
316 2683 529 2756 purificacione
544 2685 631 2741 beate
648 2683 745 2742 Marie
761 2683 902 2742 extinctis
919 2684 950 2741 in
965 2685 1159 2758 processione
1175 2685 1275 2742 subito
1294 2689 1422 2746 turbine

261 2771 377 2830 cunctis
390 2771 494 2840 cereis,
508 2771 603 2828 sancti
619 2772 750 2845 presulis
765 2789 881 2843 cereus,
894 2771 964 2829 noui
980 2772 1102 2830 luminis
1120 2772 1189 2846 igne
1205 2791 1365 2847 accensus,
1380 2780 1422 2836 ab

262 2859 402 2917 omnibus
429 2858 551 2916 rutilare
580 2857 750 2916 uidetur.-
761 2848 889 2932 Puer[o]
928 2859 1069 2933 [cui]dam
1100 2860 1279 2934 contract[o]
1290 2861 1311 2931 ¹,
1343 2876 1421 2938 potu

262 2946 362 3005 eidem
381 2945 412 3003 in
431 2945 520 3020 cipho
537 2945 615 3003 beati
634 2946 785 3004 Edmundi
803 2956 952 3019 porrecto,
965 2948 1029 3004 sola
1042 2947 1256 3006 benediccione
1271 2967 1421 3022 gressum

218 3053 250 3101 30
262 3033 389 3091 solidum
404 3043 434 3090 et
447 3033 606 3107 pristinam
624 3033 782 3092 sanitatem
796 3033 934 3093 reddidit.
969 3035 1048 3092 Aliis
1063 3035 1179 3094 duobus
1192 3037 1260 3093 uisu
1279 3039 1423 3111 priuatis,

262 3123 349 3195 signo
362 3120 459 3179 crucis
470 3139 563 3194 super
574 3122 678 3179 oculos
689 3123 847 3196 impresso,
860 3123 1013 3180 oculorum
1030 3124 1124 3180 aciem
1141 3133 1172 3181 et
1187 3125 1311 3181 luminis
1328 3128 1421 3186 clari·

261 3217 354 3266 tatem
373 3207 508 3266 restituit.
547 3208 632 3266 Multi
650 3209 680 3266 in
694 3209 760 3268 eius
772 3219 867 3267 stratu
880 3209 1073 3282 dormientes,
1083 3229 1102 3268 a
1113 3211 1241 3268 febrium
1253 3214 1421 3275 ardoribus

262 3296 386 3368 liberati,
400 3296 517 3370 gracias
530 3297 586 3356 deo
601 3305 630 3354 ct
643 3315 734 3355 seruo
746 3297 812 3356 eius
824 3298 1045 3356 exsoluerunt⁸.

733 3436 757 3497 ll
773 3435 913 3493 Narratio
920 3437 939 3493 ⁴.

299 3516 436 3605 Quidam
454 3530 509 3602 vir,
529 3533 695 3588 secundum
716 3531 840 3604 Bedam,
858 3532 889 3589 in
908 3531 983 3590 laico
1002 3533 1104 3591 habitu
1120 3543 1152 3591 et
1172 3533 1271 3592 officio
1291 3538 1421 3600 militari

217 3633 248 3684 35
262 3617 387 3689 positus,
407 3627 550 3692 quantum
575 3636 631 3691 pro
656 3619 803 3677 industria
826 3619 1029 3678 exteriorum⁸
1048 3621 1111 3696 regi
1133 3621 1315 3682 Merciorum
1339 3628 1422 3686 Con.

262 3707 336 3762 redo
361 3706 494 3779 placens,
519 3715 635 3763 tantum
652 3724 707 3779 pro
723 3708 843 3767 interna
867 3709 912 3765 sui
937 3709 1119 3782 negligentia
1149 3709 1316 3783 displicens
1344 3728 1421 3775 erat.

261 3793 481 3852 Ammonebat⁸
498 3793 582 3850 illum
599 3795 704 3851 sedulo
715 3804 747 3852 vt
760 3795 952 3854 confiteretur
963 3806 993 3853 et
1012 3796 1194 3870 relinqueret
1214 3799 1334 3859 scelera
1352 3822 1421 3874 sua,

295 3907 303 3938 ¹
314 3907 345 3958 T.
357 3908 466 3970 singulo.
564 3907 614 3957 ¹T.
628 3909 757 3960 Puerum.
771 3947 777 3958 .
790 3917 957 3960 contractum.

294 3973 381 4023 ’Coll
394 3975 420 4022 in
429 3974 458 4024 T.
471 3991 476 4024 :
494 3965 558 4026 Aue
570 3975 680 4024 coheres
692 3975 813 4034 celorum,
827 3990 877 4024 aue
894 3975 1005 4025 Ricarde
1021 3975 1065 4024 lux
1081 3977 1247 4038 angelorum:
1264 3979 1341 4030 salue
1353 3981 1420 4033 cleri

262 4054 360 4103 norma,
374 4056 408 4089 ex
425 4055 476 4102 quo
494 4040 561 4088 uiret
577 4040 629 4089 uite
644 4041 741 4099 forma3
758 4042 842 4103 gaude
858 4041 981 4103 gloriose,
997 4043 1065 4090 inter
1079 4052 1185 4092 sanctos
1200 4044 1337 4106 speciose;
1358 4051 1420 4098 uate

262 4119 327 4154 uoce
339 4121 443 4165 canora,
456 4112 482 4154 et
494 4107 583 4155 celesti
595 4107 664 4155 dono
677 4121 726 4155 nos
740 4121 844 4169 semper
855 4108 943 4157 irrora
977 4106 1007 4157 V.
1022 4108 1075 4157 Ora
1086 4124 1133 4170 pro
1146 4109 1229 4158 nobis.
1277 4099 1360 4162 Deus
1372 4116 1420 4176 qui

262 4171 398 4220 ecclesiam
411 4173 492 4236 (tuam
504 4172 601 4221 meritis
612 4172 648 4237 b.)
663 4172 768 4221 Ricardi
779 4172 938 4222 confessoris
949 4173 986 4221 tui
998 4180 1077 4235 atque
1089 4175 1217 4235 pontificis
1230 4174 1327 4238 (fecisti
1340 4181 1419 4229 mira·

262 4237 338 4298 culis)
351 4239 504 4286 choruscare
522 4237 648 4299 gloriosis
666 4239 780 4287 concede
798 4239 859 4301 (nos
873 4237 982 4288 famulos
997 4237 1067 4302 tuos)
1085 4239 1166 4302 ipsius
1179 4241 1370 4294 intercessione
1383 4247 1418 4296 ad

261 4303 365 4364 etem(e
377 4303 523 4353 beatudinis
534 4303 655 4365 glolriam
668 4303 813 4368 peruenire,
826 4319 874 4365 per
887 4304 928 4369 (cf.
941 4304 1006 4354 Boll.
1018 4321 1044 4368 p.
1059 4309 1114 4366 apo.
1127 4309 1196 4368 3¹3l·

295 4367 305 4395 ¹
322 4367 363 4416 Ex
376 4367 456 4430 Beda,
465 4368 499 4418 ll.
508 4369 537 4418 E.
549 4369 580 4421 V.
597 4385 635 4432 13·
716 4369 726 4400 ⁸
743 4369 808 4420 Bed.
820 4369 951 4419 exteriori.
1034 4369 1044 4400 ⁸
1061 4371 1090 4420 E.
1102 4371 1283 4424 Ammouebat.
