3008 4904
412 318 713 416 voberto
739 323 931 433 aborto-
986 249 996 262 ι
1188 327 1255 415 18³

97 519 192 576 istum
208 519 354 591 (u)nicum
372 522 454 579 dedit
472 523 562 580 michi
581 524 657 581 deus
674 533 706 580 ut
722 525 904 581 ministraret
924 522 1020 580 michi.
1059 523 1118 580 Pto
1135 521 1252 590 balneo,

96 609 253 678 perfundo
266 610 416 666 modicum
430 627 507 683 aque
520 627 611 683 super
624 612 720 685 pedes
735 629 837 681 meos3
850 620 880 668 et
892 611 1037 684 calligulis
1050 621 1118 668 utor
1129 620 1253 682 propter

96 695 315 754 infirmitatem.
354 697 412 753 Pro
436 697 549 754 cithara
572 708 602 756 et
626 699 684 754 alio
705 699 820 755 musico
841 715 933 771 opere
953 716 1013 771 quo
1033 699 1203 754 delectabar
1222 698 1252 754 in

97 783 249 840 conuiuiis
267 785 352 854 meis,
366 785 432 842 dico
451 785 541 841 michi
560 786 717 843 duodecim
736 787 869 858 psalmos
888 786 918 842 in
936 786 985 843 die
998 785 1052 857 [et]
1069 785 1207 842 similiter
1222 786 1252 842 in

98 881 199 927 nocte.
238 871 275 928 Et
292 872 335 929 sic
352 891 408 946 pro
420 874 574 946 peclcatis)
588 873 664 930 meis
677 891 735 948 que
747 883 816 931 ante
829 875 974 930 faciebam
992 874 1142 930 modicum
1157 873 1252 944 (exhi-
1268 887 1283 940 5

97 960 169 1028 beo)
192 958 390 1017 ministerium
412 963 479 1017 deo.
515 961 603 1017 Vnde
628 979 701 1034 rogo
719 971 750 1018 te
774 962 858 1029 abba,
879 963 934 1032 (ut)
957 979 1017 1016 non
1042 960 1252 1018 scandalizeris

97 1055 227 1119 propter
239 1045 441 1104 infirmitatem
456 1051 572 1105 meam!
597 1047 663 1105 Hec
677 1049 802 1106 audiens
813 1048 956 1122 Eglpcius
970 1047 1062 1106 dixit:
1077 1047 1140 1105 ‘Ve
1153 1048 1252 1117 michi,

97 1134 169 1206 quia
190 1151 247 1207 ego
264 1136 303 1191 de
320 1135 413 1191 multa
431 1135 625 1192 tribulacione
642 1144 671 1193 et
689 1136 781 1192 multo
803 1137 905 1192 labore
923 1136 1015 1193 seculi
1036 1137 1131 1208 magis
1149 1137 1187 1192 ad
1205 1153 1252 1193 re·

98 1223 291 1294 pausandum
311 1222 389 1279 inter
401 1223 565 1280 monachos
582 1225 661 1291 ueni,
674 1233 703 1280 et
720 1225 800 1296 quod
819 1241 879 1280 non
897 1224 1045 1280 habebam
1063 1233 1143 1291 tunc,
1161 1225 1251 1280 modo

99 1310 215 1368 habeo:
235 1308 282 1365 Tu
300 1320 401 1367 autem
420 1327 459 1367 ex
478 1311 571 1367 multa
589 1310 783 1368 delectatione
801 1312 894 1368 seculi
910 1312 1063 1368 uoluntate
1081 1311 1203 1384 propria
1219 1313 1250 1367 in
1269 1335 1299 1370 ro

98 1398 327 1455 tribulacionem
340 1399 458 1469 uenisti,
467 1409 527 1456 eta
542 1399 635 1456 multa
647 1398 741 1471 gloria
755 1408 844 1471 atque
856 1399 974 1456 diuiciis
987 1399 1095 1457 uenisti
1108 1399 1139 1454 in
1153 1399 1251 1455 humi·

99 1485 214 1544 litatem
228 1495 258 1543 et
275 1489 499 1559 paupertatem!
521 1486 631 1559 Sicque
645 1487 771 1543 multum
784 1487 940 1544 edificatus
955 1488 1101 1558 discessit,
1111 1497 1141 1545 et
1156 1487 1251 1545 lactus

98 1575 125 1629 ei
138 1573 266 1644 amicus,
280 1591 353 1648 sepe
366 1575 503 1632 ueniebat
515 1575 552 1632 ad
567 1591 637 1631 eum
650 1590 704 1632 sue
718 1574 851 1632 utilitatis
863 1575 974 1647 causa]
1059 1585 1060 1588 ’

382 1825 406 1886 ti
428 1813 482 1882 Dr
500 1843 617 1883 seuero
637 1813 778 1884 Manono
797 1827 962 1884 uanurna‘.

104 1961 230 2094 DUm
255 1963 286 2018 in
305 1963 429 2021 exordio
449 1963 608 2022 christiane
630 1965 699 2022 fidei
721 1965 886 2040 apostolica
907 1964 1043 2022 doctrina
1064 1981 1120 2036 per
1144 1965 1249 2021 orbern

204 2060 352 2108 terrarum
383 2051 412 2106 in
440 2053 578 2109 omnibus
608 2053 746 2126 gentibus
776 2053 1002 2121 diffunderetur,
1027 2069 1172 2109 conuersa
1203 2062 1249 2108 est
1266 2072 1294 2124 ¹5

98 2137 255 2194 Britannie
267 2137 416 2211 gentilitas
433 2139 470 2194 ad
484 2137 584 2208 fidem,
597 2149 626 2196 et
644 2141 728 2197 multi
741 2141 863 2197 domino
876 2141 1034 2198 credentes
1046 2149 1075 2197 et
1088 2139 1250 2213 apostolica

96 2236 240 2299 precepta
259 2233 422 2297 sequentes
438 2226 529 2282 variis
546 2225 688 2283 virtutum
709 2228 858 2285 miraculis
878 2228 1041 2285 fulserunt:
1064 2229 1101 2283 de
1121 2244 1248 2300 quorum

96 2331 223 2370 numero
249 2313 369 2369 beatum
393 2312 542 2369 Melorum
567 2313 696 2371 fidenter
719 2316 869 2372 credimus
894 2315 1038 2372 extitisse.
1078 2315 1145 2371 Fuit
1168 2315 1248 2372 enim

96 2402 202 2458 beatus
217 2399 352 2457 Melorus
369 2401 407 2457 de
424 2400 516 2457 nobili
531 2400 758 2457 Britannorum
770 2420 890 2474 genere,
904 2405 987 2459 cuius
1000 2413 1086 2476 pater
1100 2401 1248 2459 Melianus

95 2491 237 2546 ducatum
263 2488 412 2546 Cornubie
437 2490 549 2545 tenuit:
582 2488 667 2546 cuius
691 2498 826 2561 tempore
851 2507 907 2562 per
931 2490 1122 2564 septennium
1146 2490 1248 2564 pluuia
1263 2508 1294 2543 ao

95 2593 190 2649 super
202 2587 313 2633 terram
326 2595 387 2633 non
397 2575 511 2633 cecidit
543 2576 709 2648 instigante
719 2577 840 2632 tandem
850 2577 981 2650 maligno
992 2578 1108 2651 spiritu,
1119 2577 1247 2650 septimo

94 2681 177 2720 anno
189 2665 315 2720 ducatus
332 2663 379 2721 sui
392 2665 463 2721 dum
477 2664 634 2720 consilium
647 2663 808 2736 primatum
821 2665 860 2719 ad
872 2664 1026 2721 vtilitatem
1040 2665 1134 2738 patrie
1147 2665 1246 2738 proui-

93 2753 227 2808 dendam
253 2751 358 2809 luisset
379 2762 601 2825 congregatum,
623 2751 653 2808 in
675 2751 743 2824 ipso
764 2752 906 2808 concilio³
928 2752 1093 2810 Riuoldus⁴
1110 2753 1246 2823 veniens,

95 2839 261 2896 Mellanum
279 2839 400 2896 fratrem
417 2858 505 2896 suum
522 2839 638 2911 occidit,
652 2850 681 2897 et
699 2858 755 2912 pro
772 2839 822 2896 illo
839 2858 965 2914 regnare
983 2841 1070 2914 cepit.
1108 2840 1246 2898 Habebat

92 2936 196 2984 autem
210 2927 358 2984 Melianus
376 2929 534 3002 paruulum
547 2929 695 3002 quendam
715 2927 808 2985 filium
826 2945 973 2985 annorum
992 2939 1107 3002 septem
1125 2930 1246 2986 nomine
1261 2944 1291 2995 ²5

93 3014 263 3072 Melorum:
284 3033 373 3088 quem
392 3024 460 3088 post
478 3017 573 3090 patris
592 3033 698 3072 necem
717 3025 841 3089 patruus
860 3017 925 3073 eius
942 3017 1077 3073 occidere
1092 3017 1246 3089 querebat,

91 3103 206 3159 timens
223 3121 262 3159 ne
278 3102 304 3160 si
320 3120 396 3176 puer
408 3114 563 3176 superstes
580 3112 660 3160 esset
677 3113 707 3159 et
724 3105 761 3160 ad
774 3103 891 3160 vlrilem
903 3113 1012 3160 etatem
1025 3104 1205 3177 perueniret,
1218 3105 1246 3162 ei

91 3193 235 3247 ducatum
248 3190 386 3247 auferret.
425 3191 591 3248 Riuoldus⁴
604 3191 694 3264 igitur
711 3192 781 3265 quid
798 3191 908 3249 laceret
925 3191 1104 3259 deliberans,
1117 3209 1244 3265 puerum

90 3281 123 3335 in
138 3277 321 3335 Cornubiam
335 3295 437 3336 secum
449 3279 582 3349 adduxit,
594 3280 644 3335 vbi
660 3277 836 3337 concilium⁶
848 3281 1059 3352 episcoporum
1075 3289 1105 3335 et
1121 3279 1245 3336 allorum

91 3367 258 3423 multorum
287 3365 382 3422 suerat
413 3376 635 3440 congregatum.
681 3365 718 3422 Et
742 3384 811 3423 cum
835 3384 964 3439 puerum
988 3366 1124 3422 occidere
1148 3367 1244 3436 vellet,
1259 3378 1292 3428 30

89 3454 229 3512 omnium
246 3471 336 3528 prece
357 3453 466 3510 lactum
486 3453 552 3511 est⁸
572 3465 604 3511 vt
622 3473 683 3511 non
702 3453 898 3525 occideretur,
918 3456 972 3511 sed
997 3463 1112 3510 tantum
1137 3471 1244 3511 manus

88 3545 281 3602 dextrarum
299 3542 421 3598 sinistro
435 3543 512 3614 pede
528 3551 724 3598 truncaretur.
762 3542 800 3598 Et
817 3541 926 3599 factum
943 3552 989 3599 est
1007 3542 1054 3599 ita.
1092 3541 1182 3598 Facta
1197 3552 1244 3598 est

87 3641 192 3688 autem
213 3639 283 3703 post
303 3630 358 3686 hec
377 3632 465 3687 beato
486 3629 602 3686 Meloro
624 3647 729 3687 manus
751 3639 893 3703 argentea
913 3639 942 3686 et
962 3649 1017 3704 pes
1038 3629 1186 3686 aeneus⁷z
1213 3640 1243 3689 et

87 3721 159 3794 pius
179 3727 208 3774 et
226 3719 371 3774 innocens
390 3719 428 3775 de
448 3719 496 3774 die
515 3717 546 3774 in
565 3717 644 3774 diem
662 3717 820 3775 virtutibus
838 3735 988 3788 crescens,
1002 3717 1129 3773 nutritus
1146 3725 1192 3772 est
1210 3717 1242 3772 in

86 3807 221 3880 quodam
228 3805 410 3862 monasterio
418 3805 428 3836 ⁸
436 3804 594 3874 Comubie‚
603 3815 632 3862 et
640 3805 758 3862 diuinas
768 3803 931 3877 scripturas
940 3805 1081 3878 vsquead
1089 3813 1243 3876 quartum·
1257 3813 1288 3865 3⁵

86 3894 241 3952 decimum
260 3910 373 3950 annum
395 3893 520 3966 legebat.
593 3880 738 3968 Quodam
758 3893 839 3949 enim
859 3891 975 3948 estiuali
993 3901 1129 3963 tempore
1148 3891 1241 3947 abbas

85 3983 169 4038 illius
185 3980 242 4037 loci
255 3979 365 4038 nuces⁹
377 3981 530 4054 colligens,
543 3998 637 4055 puero
653 3981 739 4054 quasi
751 3979 872 4036 domino
891 3997 947 4036 suo
965 3976 1169 4052 presentauit:
1190 3979 1240 4050 qui

86 4069 169 4143 cepit
188 4086 241 4126 eas
259 4067 398 4140 colligere
415 4078 559 4142 argentea
578 4086 678 4140 manu,
696 4067 865 4142 mirumque
881 4067 912 4124 in
929 4067 1051 4123 modum
1067 4082 1173 4121 manus
1191 4065 1241 4122 illa

121 4172 129 4200 ¹
148 4169 195 4220 Ed.
211 4170 237 4218 in
249 4168 281 4218 Α.
294 4169 342 4220 SS.
358 4169 519 4232 3011.ng
533 4170 553 4221 l.
568 4172 623 4232 136,
635 4169 700 4219 lrom
716 4186 732 4219 a
748 4169 796 4220 tus.
810 4169 875 4218 Rub.
889 4168 977 4218 Vallis.
1011 4167 1131 4217 Another
1144 4167 1240 4232 (short)

87 4237 146 4285 Lite
157 4237 185 4284 in
197 4235 252 4286 MS.
267 4235 333 4297 Reg.
346 4236 362 4283 Β
374 4235 403 4285 C.
414 4235 475 4285 Vll.
488 4236 504 4285 l.
520 4239 575 4286 162.
681 4236 692 4265 ¹
709 4235 738 4285 E.
757 4235 949 4285 britanniorum.
1049 4233 1059 4262 ³
1077 4233 1106 4283 Ε.
1123 4233 1240 4284 consilio.

84 4303 140 4353 ⁴E.
156 4301 292 4351 Riuoldus.
357 4301 415 4352 ⁸13.
426 4302 568 4351 consilium.
641 4298 800 4353 ‘om.inT.
874 4298 929 4350 7Τ.
944 4315 1030 4350 cneus.
1105 4299 1240 4362 'Regiis

85 4368 197 4418 cenobio
210 4367 237 4418 S.
251 4365 395 4417 Boreutini.
460 4367 517 4417 ⁸13.
529 4368 617 4418 mices.
1233 4389 1235 4394 v
