3062 4888
276 295 353 386 ⁶30
709 285 913 389 flpptnblt
940 287 993 365 ll.

275 507 372 548 eorrrm
390 489 499 548 annalis
517 488 610 546 orbite
628 487 763 546 circinum
780 488 1086 560 combinauit-Igitur
1103 488 1201 544 audita
1216 498 1307 546 morte
1325 489 1432 558 Tolini,
1505 476 1506 566 l

276 573 410 645 grauibus
423 571 569 630 lamentis¹
582 571 683 628 allecta
695 589 766 628 sum
804 573 881 629 llinc
893 573 1014 628 allocuta
1025 572 1187 644 genitorem,
1199 583 1230 627 vt
1246 573 1284 627 ad
1302 587 1434 629 merum

278 657 461 713 Edmundum
479 656 660 727 procederem
679 654 833 711 instancius
851 657 1010 712 exorabam.
1046 659 1086 710 At
1104 655 1167 711 ille:
1196 655 1214 684 “
1223 655 1309 725 Quid,
1330 655 1434 728 inquit,

278 738 335 796 tilia
356 757 429 807 mea,
447 739 491 794 vis
513 739 578 795 illuc
600 739 648 808 ire,
670 739 747 794 illum
763 749 842 794 tuum
859 737 1034 794 carissimum
1052 737 1207 808 dompnum
1221 737 1356 794 Toliuurn
1375 741 1435 794 ianr

250 823 394 890 sminime
412 822 551 878 visciral”
588 821 751 894 Respondi:
772 822 860 878 “Etsi
880 822 940 893 ipse
957 832 1082 878 mortuus
1100 829 1151 889 est,
1167 831 1264 878 tamen
1282 821 1330 878 ille
1349 839 1435 895 quem

277 923 373 963 amare
394 923 440 962 ure
462 905 567 974 docuit,
585 905 631 962 cui
652 920 699 961 me
720 905 821 962 deuote
841 905 947 961 seruire
967 904 1146 972 commonuit,
1164 921 1222 959 non
1243 905 1371 973 moritur,
1390 915 1436 962 set

279 999 374 1046 mente
386 999 414 1046 et
430 989 544 1046 accione
562 989 669 1044 mundo
684 987 821 1044 mortuis²
839 989 927 1044 uitam
940 987 1055 1057 largitur
1067 989 1219 1044 etemanr.”
1256 990 1338 1045 Tunc
1354 999 1436 1061 pater

279 1089 369 1140 meus,
381 1089 499 1129 cernens
508 1071 585 1143 quod
594 1071 690 1142 religio
702 1081 778 1128 esset
790 1071 818 1128 in
830 1089 924 1138 causa,
933 1073 1048 1127 tandem
1057 1071 1157 1126 annuit
1166 1071 1338 1142 deprecanti.
1370 1075 1436 1142 Ego

279 1173 347 1212 vern
361 1173 425 1212 cum
441 1155 505 1212 illuc
521 1155 709 1224 aduenissem,
726 1171 778 1225 prn
795 1155 890 1210 aninna
906 1155 999 1211 dilecti
1012 1153 1067 1210 mei
1082 1155 1111 1210 in
1128 1155 1240 1211 cbristo
1258 1155 1315 1210 deo
1330 1157 1437 1212 deuote

236 1252 268 1290 ιο
281 1241 343 1312 cepi
353 1237 519 1310 supplicare.
553 1240 683 1310 Interque
692 1237 812 1310 reliquas
822 1239 868 1311 pie
881 1237 1077 1294 sollicitudinis
1089 1236 1220 1310 exequias
1232 1239 1437 1294 tricennarium

281 1323 307 1379 ei
320 1321 514 1393 psalteriorum
532 1320 684 1392 inpendere
701 1324 874 1391 satagebam.
911 1322 995 1391 Quod
1013 1321 1081 1376 durn
1098 1320 1236 1377 attencius
1250 1339 1435 1392 peragerem:

281 1415 364 1462 nome
376 1405 498 1476 quadam
511 1415 641 1476 exempto
653 1405 854 1460 matutinorum
866 1404 968 1474 officio,
982 1405 1130 1475 impetrata
1141 1404 1178 1459 ab
1191 1404 1295 1461 edituis
1308 1405 1438 1474 licencia,

281 1487 397 1560 psalmis
416 1487 444 1542 in
463 1486 582 1544 ecclesia
599 1505 704 1544 vacans
722 1487 890 1544 resederant.
928 1490 966 1542 Et
985 1487 1052 1542 dum
1072 1489 1211 1558 psalmum
1228 1490 1437 1558 octogesimum

281 1587 486 1641 concreparem,
508 1579 537 1626 et
555 1571 761 1626 rarescentibus
780 1571 886 1626 vmbris
904 1571 986 1642 polus
1005 1571 1166 1636 albesceret,
1189 1569 1312 1628 irruente
1332 1589 1438 1644 sopore

238 1665 268 1719 :5
282 1655 372 1710 codex
390 1653 537 1708 labebatur
555 1670 571 1709 e
591 1654 731 1722 mnibus,
744 1654 831 1710 verba
846 1655 1007 1726 semiplena,
1024 1653 1120 1724 lingua
1136 1655 1286 1724 languente
1306 1655 1438 1712 faucibus

283 1738 446 1809 intercepte,
468 1737 647 1793 coherebant.
685 1739 762 1793 later
782 1738 845 1805 bec,
866 1739 934 1793 dum
959 1737 1098 1792 ceruicem
1121 1737 1219 1808 parieti
1244 1739 1437 1808 reclinassem,

282 1821 396 1894 quidam
413 1837 432 1876 a
446 1831 524 1890 tergo
541 1837 587 1876 me
603 1837 654 1892 per
670 1821 798 1892 scapulas
815 1821 960 1892 arripiens,
976 1819 1105 1876 horrifice
1121 1820 1271 1889 concussit,
1283 1821 1437 1893 inquiens:

282 1906 351 1960 “Tu
364 1921 484 1975 sompno
496 1902 645 1960 recolueris
656 1913 685 1959 et
697 1921 779 1960 carus
791 1915 854 1960 tuus
867 1905 985 1960 Tolinus
996 1920 1084 1974 penas
1096 1905 1213 1960 acerbas
1225 1905 1316 1959 luit?”
1354 1907 1438 1961 Tunc

283 2005 336 2059 ego
354 1987 555 2060 expergefacta,
577 1987 749 2058 psalmorum
774 2005 914 2044 summam
935 1997 965 2043 vt
986 1985 1062 2058 prius
1087 1986 1244 2058 inceperam
1268 1987 1438 2058 diligencius

239 2087 272 2126 ro
284 2072 495 2142 exaggerabam.
532 2071 582 2126 Set
599 2070 700 2126 mirum
717 2071 745 2126 in
763 2071 888 2139 modum,
900 2070 1048 2126 recedente
1064 2087 1192 2141 persona,
1206 2070 1357 2140 digitorum
1375 2073 1440 2130 eius

284 2153 423 2225 inpressio
439 2171 496 2208 non
512 2153 607 2209 statim
618 2151 797 2224 ab[s]cessit;
817 2154 913 2210 sentiri
930 2172 948 2209 a
966 2171 1012 2209 rne
1027 2153 1126 2225 potuit,
1143 2153 1230 2209 videri
1247 2171 1437 2227 nequaquam.

282 2239 422 2309 Tempore
441 2239 493 2292 sub
504 2237 614 2304 eodem,
626 2237 748 2292 necdum
763 2236 932 2292 tricennario
945 2253 1069 2306 emenso,
1083 2236 1195 2292 cuidam
1210 2236 1370 2293 monacho¹
1382 2238 1439 2294 sibi

283 2319 412 2376 familiari
431 2319 499 2375 dum
514 2320 608 2376 adhuc
623 2319 737 2386 viueret,
751 2319 827 2376 iden:
841 2321 959 2376 Tolinus
973 2337 1025 2392 per
1041 2335 1170 2390 soporem
1186 2321 1330 2392 apparuit;
1351 2339 1440 2394 quem

284 2402 331 2459 ille
357 2403 409 2459 sub
434 2404 511 2458 urultu
535 2403 607 2458 tristi
631 2413 660 2459 et
685 2403 782 2459 babitu
806 2403 915 2474 lugubri
940 2414 1085 2468 contuens,
1106 2402 1209 2459 talibus
1229 2422 1295 2459 eum
1316 2405 1439 2462 affatur:

241 2507 271 2557 ²⁵
285 2485 386 2555 “Quid
406 2495 458 2551 est,
478 2486 516 2540 mi
541 2485 664 2554 domine,
687 2487 764 2558 quod
783 2497 812 2542 te
832 2487 1013 2543 tenebrosum
1032 2503 1067 2542 ac
1085 2503 1192 2542 merore
1216 2487 1348 2542 affectum
1370 2505 1441 2544 con-

284 2568 374 2640 spicio
382 2569 413 2624 l”
444 2570 482 2624 Et
496 2568 555 2624 ille:
574 2569 591 2598 “
599 2569 715 2640 thuid,
727 2571 821 2639 irater,
834 2587 880 2627 rne
892 2579 964 2626 tetro
977 2569 1150 2640 squalentem
1162 2569 1265 2624 amictu
1277 2571 1441 2642 admiraris,

284 2669 349 2708 curm
371 2651 600 2722 incircumscripti
623 2653 731 2722 fulgore
753 2653 866 2710 luminis
885 2654 1006 2708 necdum
1027 2651 1131 2724 perfrui
1152 2653 1344 2709 memerirni¹⁹
1384 2657 1440 2712 Cui

285 2736 346 2792 ille:
373 2735 437 2791 “Et
458 2737 495 2791 ob
519 2751 605 2806 quam
629 2739 763 2792 causam?
787 2753 851 2793 curn
873 2735 999 2791 omnium
1020 2745 1145 2792 nostrum
1169 2735 1283 2792 arbitrio
1304 2737 1364 2794 vita
1388 2750 1442 2797 tua

285 2818 460 2890 inculpabilis
476 2819 667 2875 habereturi’⁸
704 2821 744 2876 At
755 2820 820 2877 ille:
839 2821 912 2876 “De
925 2821 982 2876 vita
999 2836 1064 2876 mea
1079 2835 1135 2874 non
1153 2836 1263 2890 arguor,
1276 2837 1374 2876 verum
1391 2839 1442 2879 me

241 2925 274 2975 30
286 2903 421 2975 quiddam
444 2902 647 2974 presumpsisse
672 2903 794 2974 peniteo,
816 2921 867 2976 pro
890 2921 947 2975 quo
971 2902 1020 2958 tali
1046 2901 1163 2958 addicor
1186 2903 1339 2975 supplicio:
1372 2907 1442 2978 quia

285 2985 391 3044 scilicet
409 2985 554 3041 dominum
571 3002 665 3041 meum
687 2996 815 3042 sanctum
836 2987 1019 3042 Edmundum
1041 2986 1127 3041 infida
1147 2995 1242 3042 mente
1264 2997 1443 3047 contrectare

285 3087 344 3125 non
357 3069 495 3138 exhorrui,
507 3069 626 3141 aliisque
637 3071 870 3125 contrectandum
882 3070 1006 3141 exposui.
1043 3070 1182 3138 Quocirca
1194 3087 1282 3141 queso
1293 3081 1323 3127 te
1335 3083 1366 3128 vt
1384 3074 1442 3129 bec

285 3153 347 3210 vioe
365 3169 429 3209 mea
447 3153 578 3208 tratribus
595 3169 732 3223 exponere
752 3171 811 3209 non
832 3153 954 3219 differas,
974 3155 1126 3209 obsecrans
1147 3165 1178 3210 vt
1194 3171 1213 3208 a
1231 3163 1311 3224 patre
1329 3156 1442 3212 truseri-

286 3236 445 3293 cordiarum
469 3236 699 3306 misericordiam,
722 3247 752 3293 et
781 3255 799 3293 a
823 3238 908 3293 beato
935 3236 1089 3293 Edmundo
1111 3237 1196 3293 michi
1221 3237 1373 3308 impetrent
1397 3239 1441 3297 in-

243 3338 275 3390 35
288 3318 474 3388 dulgenciam,
496 3319 574 3374 cuius
598 3319 811 3378 intollerabilem
835 3319 931 3392 pacior
954 3321 1116 3378 offensam.”
1159 3323 1259 3377 Frater
1281 3340 1348 3378 vero
1373 3341 1442 3380 con-

288 3419 416 3471 surgens,
428 3401 525 3456 abbati
542 3412 570 3458 et
586 3402 717 3458 iratribus
733 3405 851 3460 retexuit
867 3406 1018 3460 oraculum.
1056 3405 1110 3476 Qui
1123 3405 1244 3462 fraterne
1256 3407 1443 3465 condolentes

287 3485 431 3554 anxietati,
455 3484 581 3541 diuinam
611 3487 636 3542 ei
667 3488 902 3559 propiciacionem
932 3487 1081 3544 conciliare
1111 3491 1282 3559 satagebant
1323 3491 1442 3549 Sextum

287 3569 409 3640 denique
428 3567 503 3624 circa
519 3585 654 3638 mensem,
667 3571 761 3626 denuo
780 3572 910 3644 apperuit
925 3573 1053 3638 Tolinus,
1068 3571 1160 3643 [hilari
1177 3575 1255 3642 facie,
1268 3575 1353 3631 niuea
1368 3579 1442 3633 stola

288 3649 431 3722 indutus];
454 3651 501 3723 qui
518 3653 555 3708 ab
576 3655 675 3711 eodem
694 3655 845 3726 requisitus
863 3657 1003 3726 quomodo
1021 3657 1096 3712 circa
1114 3674 1146 3712 se
1165 3668 1309 3727 ageretur:
1333 3661 1442 3716 “liuc-

242 3753 276 3803 40
288 3753 385 3808 usque,
397 3735 445 3804 ait,
459 3736 591 3807 pessime,
604 3747 647 3793 set
665 3738 722 3792 iam
734 3737 772 3808 pii
788 3738 972 3810 redemptoris
986 3739 1177 3806 clemenciam,
1188 3749 1217 3795 et
1229 3741 1320 3796 sancti
1332 3743 1442 3800 domini

289 3819 345 3876 mei
364 3819 508 3876 Edmundi
527 3819 649 3891 recipere
666 3821 755 3876 merui
774 3821 905 3892 graciam
943 3821 995 3878 Cui
1015 3822 1086 3878 sicut
1105 3823 1224 3879 fideliter
1238 3841 1443 3884 consueuerarn

288 3901 454 3972 ministrare,
465 3903 505 3958 ita
515 3919 590 3958 nunc
602 3921 713 3976 quoque
722 3905 895 3961 contubernii
905 3906 1003 3977 pocior
1015 3905 1155 3976 ciuilitate,
1166 3908 1307 3980 obsequiis
1317 3911 1443 3982 inhereo,

288 3985 389 4041 visioni
402 3985 576 4057 congaudeo,
589 3987 708 4058 gloriam
719 3985 905 4045 admiror.’'’⁴

322 4135 332 4167 ¹
348 4137 403 4188 MS.
416 4137 534 4200 lamenta,
546 4137 597 4190 Tit.
609 4138 680 4204 grrrd
691 4138 809 4190 lanrmto.
924 4137 935 4168 ¹
951 4139 1006 4191 MS
1018 4147 1140 4191 mortuus.
1254 4144 1265 4174 ¹
1280 4157 1315 4196 sc.
1328 4145 1442 4198 melna

288 4201 299 4232 ⁶
316 4203 372 4255 The
382 4210 441 4255 next
451 4204 507 4255 mir.
517 4204 570 4255 still
583 4205 688 4270 belongs
698 4213 726 4256 to
738 4206 779 4257 tbe
790 4221 859 4257 same
869 4221 957 4272 gronp.
