3052 4896
122 313 144 348 1.
163 281 327 357 renna]
454 279 529 372 {tt
554 275 721 367 &unctu
747 276 920 370 utun.
1199 301 1268 376 503

523 471 546 526 tl
563 475 606 522 De
622 475 744 531 legenda
760 471 870 524 saresb

159 558 258 628 Passe
271 579 341 628 sunt
358 587 439 628 anno
451 569 564 627 domini
578 569 791 642 C[C]xxxviii⁰.
817 570 937 627 'Abbas
950 569 1071 644 quidam
1084 569 1122 626 ab
1135 567 1270 626 abbatia⁸

121 659 246 716 Colonie
265 675 376 732 corpus
387 659 476 716 vnius
488 659 636 730 virginum
649 657 829 731 impetrauit,
842 659 1021 731 promittens
1033 657 1113 730 quod
1125 656 1223 731 ipsam
1236 657 1266 714 in

121 764 212 820 capsa
230 755 374 820 argentea
385 745 417 802 in
433 762 488 802 sua
499 745 626 802 ecclesia
637 746 820 802 collocaret⁴.
857 745 920 802 Sed
939 763 1007 803 cum
1026 763 1082 819 per
1093 761 1206 802 annum
1221 746 1267 801 in·

120 842 238 907 tegrum
256 851 350 907 super
367 833 459 890 altare
478 835 509 888 in
528 849 619 905 capsa
639 833 738 905 lignea
755 832 910 903 tenuisset,
929 832 1058 907 quadam
1077 840 1174 900 nocte,
1192 833 1264 888 dum

119 922 213 978 abbas
231 921 327 994 ipsius
345 920 519 977 monasterii
534 937 603 976 cum
616 937 671 977 suo
688 929 838 977 conuentu
855 922 1016 977 matutinas
1028 927 1169 989 cantaret,
1181 919 1266 991 virgo
1281 943 1296 995 5

120 1008 171 1065 illa
192 1009 388 1081 corporaliter
405 1010 538 1080 desuper
556 1007 641 1064 altari
660 1008 816 1065 descendit
837 1016 867 1064 et
887 1016 957 1064 ante
978 1008 1072 1064 altare
1091 1015 1269 1064 reuerenter

119 1096 267 1153 inclinans
288 1113 345 1168 per
362 1095 494 1152 medium
513 1095 637 1152 chorum
658 1095 829 1152 videntibus
854 1095 1008 1152 monachis
1027 1103 1057 1150 et
1078 1094 1267 1166 stupentibus

118 1184 192 1240 inde
212 1183 345 1240 recessit.
382 1183 487 1238 Abbas
506 1182 596 1256 igitur
617 1184 654 1240 ad
677 1199 798 1255 capsam
824 1200 949 1240 currens
973 1190 1003 1239 et
1022 1198 1147 1240 vacuam
1169 1181 1267 1254 ipsam

119 1270 288 1341 inueniens,
302 1270 457 1327 Coloniam
476 1272 648 1342 properauit
669 1279 699 1327 et
717 1271 868 1327 abbatisse
889 1270 933 1327 rei
951 1269 1088 1326 ordinem
1110 1268 1267 1338 intimauit,

119 1367 343 1432 pergentesque
359 1359 398 1414 ad
415 1358 513 1414 locum
531 1359 611 1414 vnde
630 1357 702 1414 illud
721 1375 830 1431 corpus
848 1365 1048 1430 sumpserant,
1063 1356 1135 1412 illud
1156 1355 1267 1412 ibidem
1283 1374 1314 1411 10

117 1447 309 1504 inuenerunt.
332 1445 408 1502 Cum
416 1454 517 1503 autem
525 1446 619 1502 abbas
628 1445 746 1502 veniam
754 1454 863 1518 petens
871 1443 915 1502 et⁸
928 1444 1000 1500 illud
1009 1444 1057 1502 vel
1068 1443 1147 1500 aliud
1157 1461 1267 1516 corpus

118 1542 236 1608 peteret
254 1532 422 1590 certissime
437 1533 615 1605 promittens
628 1549 750 1607 capsam
768 1532 935 1606 preciosam
954 1549 988 1590 se
1007 1531 1094 1588 citius
1112 1531 1266 1600 iacturum,

118 1621 290 1678 nullatenus
314 1619 493 1693 impetrauit.
616 1607 792 1694 Religiosus
813 1619 942 1693 quidam,
961 1637 1030 1676 cum
1054 1619 1110 1676 has
1133 1617 1267 1692 virgines

118 1709 150 1764 in
169 1709 329 1765 deuotione
347 1708 441 1764 multa
459 1708 591 1778 haberet,
611 1709 739 1780 quadam
756 1707 805 1764 die
825 1709 897 1764 dum
915 1706 1047 1781 grauiter
1064 1705 1268 1762 infirmaretur

117 1796 191 1853 vidit
216 1797 366 1869 quandam
392 1795 539 1868 virginem
565 1795 799 1868 pulcherrimam
824 1794 882 1851 sibi
904 1803 1101 1868 apparentem
1126 1802 1157 1850 et
1180 1792 1208 1849 si
1232 1810 1265 1850 se
1283 1811 1311 1862 ¹5

118 1893 315 1957 cognosceret
335 1883 545 1955 inquirentem.
582 1883 640 1954 Qui
662 1884 787 1939 eumad
809 1882 875 1938 eius
895 1881 1043 1939 visionem
1061 1881 1219 1937 miraretur
1236 1889 1267 1937 et

117 1988 153 2028 se
172 1987 361 2044 nequaquam
380 1969 477 2044 ipsam
497 1987 678 2044 cognoscere
696 1969 846 2040 fateretur,
863 1969 913 2025 illa
934 1969 991 2026 ait:
1018 1967 1099 2041 ‘Ego
1120 1984 1187 2024 sum
1207 1984 1266 2024 vna

116 2058 267 2131 virginum
286 2075 358 2131 erga
375 2074 451 2130 quas
469 2067 586 2115 tantum
606 2057 700 2114 babes
718 2057 885 2114 dilectionis
903 2056 1052 2113 affectum.
1089 2055 1127 2111 Et
1145 2064 1175 2111 vt
1194 2054 1265 2112 inde

117 2147 291 2202 mercedem
316 2145 463 2219 accipias:
495 2145 521 2202 si
545 2162 648 2201 amore
672 2153 702 2201 et
726 2145 841 2201 honore
866 2145 960 2201 nostri
986 2142 1129 2201 vndecies
1153 2142 1264 2199 millies

117 2233 298 2290 dominicam
311 2235 476 2290 orationem
493 2231 615 2302 dixeris,
628 2232 659 2288 in
679 2233 752 2288 hora
768 2231 873 2288 mortis
887 2231 918 2287 in
935 2230 1176 2304 protectione[m]
1190 2231 1263 2287 etin
1280 2248 1312 2285 ao

117 2320 258 2378 solatium
278 2338 334 2378 nos
356 2319 497 2378 babebis’
536 2319 603 2390 Qua
622 2319 806 2392 disparente,
826 2318 876 2375 ille
897 2318 1074 2391 quamcitius
1095 2317 1190 2390 potuit
1208 2317 1265 2374 hec

116 2407 301 2480 adimpleuit,
320 2407 479 2480 statimque
497 2414 601 2465 vocato
626 2406 733 2464 abbate
756 2406 861 2479 inungi
879 2423 914 2464 se
932 2405 1008 2463 iecit.
1046 2405 1104 2476 Qui
1123 2421 1191 2461 cum
1208 2422 1264 2462 vn·

115 2505 247 2569 geretur,
255 2495 354 2552 subito
366 2495 544 2553 exclamauit
556 2503 588 2550 vt
600 2493 736 2568 lugerent
749 2503 780 2551 et
792 2493 982 2552 venientibus
994 2493 1088 2550 sacris
1098 2491 1265 2565 virginibus

115 2584 216 2640 locum
236 2585 350 2640 darent.
386 2583 484 2654 Quem
502 2599 571 2639 cum
588 2581 681 2639 abbas
694 2582 765 2655 quid
785 2581 841 2638 boc
859 2590 941 2639 esset
952 2581 1157 2653 interrogaret,
1171 2590 1201 2638 et
1212 2580 1264 2637 ille

115 2670 348 2744 promissionem
371 2669 496 2743 virginis
520 2670 575 2726 sibi
602 2686 660 2742 per
687 2668 824 2725 ordinem
848 2678 1028 2739 enarrasset,
1052 2667 1263 2725 recedentibus
1280 2684 1309 2736 ²⁵

115 2759 231 2816 cunctis
249 2767 279 2815 et
294 2758 383 2832 paulo
399 2767 468 2832 post
486 2759 681 2815 redeuntibus
697 2756 797 2830 ipsum
818 2757 964 2831 migrasse
982 2758 1020 2814 ad
1039 2757 1196 2814 dominum
1216 2756 1262 2812 in-

114 2855 274 2904 uenerunt.

150 3114 176 3155 a
196 3096 275 3155 Text
287 3097 319 3154 in
333 3095 397 3155 MS.
410 3097 513 3156 Tib.⁸:

332 3207 387 3276 Da
405 3236 541 3277 unorcru
561 3237 684 3278 uramus
702 3236 854 3278 urnornuu
874 3235 1046 3276 uanrmuu.

119 3341 233 3470 REx
250 3339 371 3415 quidam
389 3342 421 3399 in
438 3341 592 3400 Britannia
608 3342 788 3400 christianus
800 3344 921 3400 nomine
936 3341 1064 3398 Dinotus
1077 3339 1125 3397 uel
1139 3337 1263 3397 Maurus

228 3430 379 3502 quandam
409 3429 501 3486 tiliam
532 3430 654 3487 nomine
683 3429 825 3486 Vrsulam
858 3428 1023 3504 generauit,
1053 3444 1113 3501 que
1145 3444 1263 3484 morum

113 3518 281 3584 honestate,
303 3517 454 3590 sapiencia
475 3526 506 3575 et
526 3517 723 3591 pulcritudine
747 3517 885 3590 pollebat.
929 3517 998 3574 Rex
1022 3525 1121 3572 autem
1145 3515 1263 3587 Anglie,
1278 3535 1311 3585 ³0

113 3622 184 3663 cum
206 3604 296 3661 nimis
316 3614 479 3678 prepotens
499 3615 580 3664 esset
600 3614 630 3662 et
649 3606 758 3662 multas
780 3607 920 3670 naciones
941 3621 996 3662 suo
1018 3602 1144 3676 imperio
1162 3603 1264 3659 subiu-

112 3701 224 3767 gasset,
245 3691 345 3749 audita
366 3693 455 3749 huius
474 3692 599 3765 uirginis
624 3691 703 3750 sama
727 3693 847 3750 beatum
869 3709 903 3750 se
922 3709 978 3765 per
997 3691 1097 3748 omnia
1117 3690 1265 3747 fatebatur

113 3779 140 3838 si
153 3779 287 3853 predicta
299 3779 384 3853 uirgo
400 3797 456 3836 suo
474 3779 628 3853 unigenito
644 3781 841 3853 copularetur.
879 3777 968 3836 Mittit
985 3779 1075 3851 igitur
1091 3779 1264 3849 solempnes

112 3867 240 3924 nuncios
253 3868 291 3923 ad
303 3875 421 3941 patrem
434 3867 560 3941 uirginis
572 3869 655 3925 cum⁷
665 3867 782 3942 magnis
795 3867 1043 3941 promissionibus
1056 3874 1086 3923 et
1098 3863 1264 3931 blandiciis,

112 3971 241 4028 magnas
253 3955 406 4012 adhiciens
419 3955 516 4012 minas
533 3955 559 4012 si
576 3957 614 4012 ad
625 3957 748 4013 domum
761 3972 847 4012 suam
860 3955 945 4012 uacui
958 3961 1156 4011 reuertamur.
1194 3951 1263 4008 Rex
1278 3967 1310 4019 ³5

112 4051 216 4100 autem
228 4041 307 4115 cepit
323 4042 485 4116 plurimum
503 4043 627 4114 anxiari,
640 4053 704 4100 tum
719 4042 789 4115 quia
806 4042 917 4099 Christi
935 4042 994 4098 fide
1013 4039 1184 4113 insignitam
1203 4039 1263 4096 uir·

146 4167 207 4219 ¹Cl'.
223 4143 284 4231 lieg.
296 4167 358 4219 Aur.
372 4183 397 4232 p.
410 4185 458 4231 704
471 4169 555 4234 (Vino.
569 4168 634 4218 Bell.
646 4169 707 4229 XX,
719 4170 772 4232 44).
865 4166 964 4217 ’Same
977 4167 1033 4217 ldir.
1046 4166 1073 4215 ἱιι
1085 4165 1115 4216 Τ.
1209 4165 1263 4216 ¹01.

112 4234 251 4286 abbatissa.
329 4234 384 4284 ⁴13.
396 4236 533 4287 coloraret.
615 4235 674 4286 iai.
689 4251 740 4284 om.
821 4232 903 4285 'Aba
915 4233 980 4282 from
993 4233 1054 4294 Leg.
1066 4232 1153 4281 Aurea
1166 4232 1263 4296 (which

112 4308 230 4417 'mizoli
240 4299 313 4416 {Ra
326 4299 392 4351 Bell.
403 4300 464 4350 XX.
477 4301 537 4366 4o);
554 4301 619 4352 with
636 4317 669 4351 an
686 4300 801 4350 addition
818 4299 884 4350 from
901 4299 1007 4362 Higdeu
1020 4297 1127 4363 (Geoilr.
1145 4297 1264 4363 lionm.).
