3012 4898
275 321 347 410 316
587 317 719 405 uota
743 312 935 422 tenente
959 307 1114 422 anch.

273 525 357 573 inea:
377 515 447 589 quia
460 515 530 589 quid
543 526 642 574 actum
656 517 694 575 sit
707 517 734 575 ei
748 517 869 576 nescio?
907 517 1113 576 Ieiunantibus
1126 526 1226 576 autern
1240 516 1388 576 fratribus
1400 527 1432 575 et

273 603 438 673 orantibus,
458 603 533 662 nihil
555 605 719 662 reuelatum
742 615 788 664 est
810 606 848 663 de
870 605 928 674 illa,
948 623 1017 662 nam
1043 615 1074 664 et
1097 605 1164 679 ipsa
1188 605 1299 679 iugiter
1324 608 1431 663 orabat

272 691 428 749 dominum
454 709 492 749 ne
517 693 706 751 manifestam
731 711 798 752 eam
817 693 929 752 faceret
952 693 983 751 in
1005 695 1065 752 vita
1090 711 1153 752 sua
1196 695 1305 752 Abbas
1324 703 1431 751 autem

272 779 483 836 consolabatur
497 780 604 851 vinum,
617 781 739 840 dicens:
762 782 876 839 ‘Credo
894 785 964 855 quia
981 783 1090 838 bonam
1109 793 1227 856 partem
1247 783 1305 839 sibi
1325 783 1430 855 elegit,

244 863 341 934 rideo
363 868 435 924 nihil
457 867 544 926 nobis
562 870 601 926 de
619 869 669 926 illa
687 871 763 927 deus
781 870 934 927 reuelauit.
970 869 1005 927 Si
1024 869 1104 926 enim
1123 871 1154 926 in
1173 869 1261 926 malis
1279 871 1431 942 operibus

272 953 436 1026 incidisset,
455 972 608 1029 nunquam
627 957 767 1014 dominus
787 965 904 1014 tantum
923 957 1058 1013 laborem
1077 957 1201 1014 fratrum
1219 957 1430 1029 despexisset.

272 1039 335 1110 Vis,
354 1041 458 1115 inquit,
477 1043 556 1116 loqui
575 1061 644 1102 cum
661 1045 791 1118 quodam
810 1043 902 1103 fratre
920 1044 1067 1117 spirituali
1085 1045 1134 1117 qui
1153 1043 1235 1101 venit
1255 1045 1294 1100 de
1315 1045 1430 1116 pastio

271 1127 434 1187 Theodosii
445 1133 470 1186 l'
507 1130 563 1188 Cui
576 1131 646 1188 ille:
666 1130 774 1188 ‘Volo'
811 1131 948 1205 Cumque
968 1131 1028 1188 filia
1047 1131 1144 1189 subito
1161 1131 1287 1188 vidisset
1307 1140 1430 1204 patrem

271 1225 302 1274 et
326 1216 526 1291 cognouisset‘
542 1234 621 1288 eum,
646 1227 707 1276 tota
732 1219 884 1276 lachrimis
909 1219 1024 1292 repleta
1048 1228 1103 1276 est
1151 1219 1240 1290 Quod
1265 1218 1319 1276 ille
1343 1237 1430 1276 cotn-

228 1323 259 1362 ro
272 1305 464 1377 punctionem
485 1323 554 1362 esse
574 1315 692 1379 putans,
711 1324 773 1364 non
793 1307 933 1380 cognouit
953 1323 1030 1376 eam,
1050 1309 1119 1379 quia
1140 1307 1260 1379 species
1279 1305 1350 1364 eius
1371 1325 1428 1381 pre

272 1391 451 1450 abstinentia
469 1401 499 1450 et
516 1393 669 1452 lachrimis
686 1403 880 1452 emarcuerat.
917 1393 956 1450 Et
973 1395 1053 1467 cepit
1072 1394 1148 1467 patri
1166 1393 1247 1466 loqui
1265 1394 1307 1452 de
1327 1393 1429 1451 futura

271 1478 463 1549 beatitudine,
483 1482 634 1554 quomodo
655 1499 711 1555 per
732 1482 927 1540 elemosinam
951 1490 981 1538 et
1001 1481 1174 1538 charitatem
1194 1489 1224 1537 et
1247 1479 1429 1553 patientiam

272 1565 368 1638 possit
385 1567 453 1640 quis
471 1570 509 1625 ad
527 1585 594 1626 eam
609 1570 791 1642 pertingere.
828 1569 893 1626 Nec
910 1567 1079 1642 diligendos
1096 1586 1166 1626 esse
1184 1567 1273 1636 filios,
1285 1570 1430 1636 asseruit,

272 1653 443 1727 plusquam
457 1657 556 1726 deum,
567 1673 622 1712 nec
635 1667 752 1730 patrem
766 1657 836 1730 plus
847 1673 885 1712 eo
896 1658 948 1730 qui
961 1665 1008 1714 est
1020 1655 1114 1712 factor
1125 1655 1271 1712 omniurn.
1297 1656 1353 1713 ‘Si
1367 1657 1428 1713 filia

230 1763 239 1802 r
245 1767 259 1816 5
272 1749 331 1812 tua,
352 1741 456 1816 inquit,
477 1745 507 1800 in
529 1745 726 1817 perditionem
751 1745 850 1802 anime
880 1743 993 1814 inisset,
1013 1745 1090 1800 deus
1114 1759 1182 1800 eam
1207 1743 1261 1800 tibi
1286 1745 1426 1801 oratione

273 1827 397 1885 fratrum
418 1829 647 1889 manifestasset.
685 1832 798 1890 Potens
822 1841 868 1889 est
893 1841 992 1888 autem
1014 1831 1153 1888 dominus
1177 1829 1208 1886 in
1235 1831 1293 1887 hoc
1320 1831 1426 1888 seculo

272 1915 462 1974 manifestare
476 1935 542 1974 eam
555 1919 616 1990 tibi,
629 1928 662 1975 tu
678 1929 792 1977 tantum
812 1919 924 1993 gratias
936 1937 1000 1992 age,
1013 1918 1055 1974 nil
1068 1919 1244 1991 desperans.
1293 1918 1376 1975 Nam
1396 1929 1425 1976 ct

272 2020 329 2077 ego
345 2003 398 2061 tibi
413 2007 598 2079 compatiens
617 2005 720 2080 sepius
732 2007 815 2064 oraui
828 2009 918 2064 deum
931 2015 963 2064 vt
974 2006 1027 2063 tibi
1040 2005 1245 2063 sufferentiam
1264 2005 1380 2064 tribuat
1397 2017 1427 2062 et

272 2099 333 2147 tam
346 2093 386 2148 de
397 2099 427 2150 te
439 2109 529 2165 quam
539 2095 577 2151 de
585 2093 646 2150 filia
657 2103 708 2151 tua
720 2095 871 2168 quomodo
879 2094 1002 2167 expedit
1012 2093 1190 2166 adimpleat!
1228 2093 1428 2150 Confortatus

229 2193 260 2231 ao
272 2177 322 2235 ille
334 2177 409 2236 dixit
421 2180 520 2237 abbati
535 2201 541 2238 ε
561 2181 723 2238 ‘Edificata
735 2191 782 2240 cst
794 2182 894 2238 anima
907 2199 974 2238 mea
986 2182 1043 2238 sub
1056 2182 1113 2238 isto
1125 2180 1225 2249 fratre,
1238 2189 1270 2238 et
1288 2181 1331 2238 ita
1348 2182 1428 2238 letus

272 2265 395 2323 effectus
408 2285 476 2324 sum
489 2276 630 2341 tanquam
644 2270 669 2325 si
682 2269 774 2326 filiam
787 2287 886 2326 meam
900 2268 1103 2326 inuenissem.’
1139 2267 1311 2340 Completis
1324 2279 1428 2326 autem

272 2352 457 2426 Smaragdus
481 2356 561 2414 intra
584 2357 691 2414 cellam
715 2357 837 2430 triginta
860 2365 926 2414 octo
951 2356 1039 2412 annis
1066 2373 1135 2413 cum
1160 2355 1191 2411 in
1217 2354 1428 2414 infirmitatem

271 2440 441 2510 decidisset,
465 2440 609 2502 introiens
633 2445 670 2501 ad
695 2463 762 2502 eam
787 2453 873 2518 pater
898 2453 927 2502 et
953 2443 1134 2500 deosculans
1160 2442 1294 2501 clamare
1323 2445 1427 2516 cepit:

272 2527 360 2585 ‘Heu
373 2546 432 2600 me,
443 2530 493 2587 vbi
509 2540 579 2588 sunt
591 2533 684 2589 verba
700 2541 751 2590 tua
768 2531 865 2590 dulcia
878 2531 987 2605 quibus
1003 2531 1076 2588 mihi
1095 2531 1187 2587 filiam
1203 2547 1306 2587 meam
1319 2532 1428 2588 viden·

228 2627 257 2677 ²5
272 2617 341 2672 dam
354 2619 569 2689 promittebas?
607 2619 685 2677 Ecce
703 2637 763 2676 non
782 2620 879 2676 solum
898 2619 978 2676 illam
996 2635 1057 2674 non
1069 2619 1187 2686 videbo,
1200 2619 1256 2674 sed
1268 2629 1301 2676 et
1314 2629 1355 2687 te,
1368 2637 1426 2694 per

271 2721 362 2777 quern
382 2705 616 2764 consolationem
635 2707 792 2775 habebam,
811 2707 931 2764 amitto!
977 2705 1032 2763 Cui
1053 2707 1238 2778 Smaragdus
1255 2705 1318 2764 ait:
1340 2709 1349 2737 ‘
1359 2707 1424 2764 Iam

272 2809 352 2865 pone
371 2792 462 2850 finem
480 2793 620 2864 tristicie;
639 2795 797 2852 recordare
812 2795 881 2868 quia
897 2794 985 2851 iacob
1004 2792 1205 2850 manifestauit
1219 2793 1297 2850 deus
1312 2792 1427 2868 Ioseph

272 2897 362 2954 quem
371 2881 455 2954 quasi
465 2892 615 2940 mortuum
625 2882 760 2956 lugebat:
776 2892 806 2940 et
814 2882 884 2955 quia
894 2881 1077 2939 desiderium
1088 2897 1188 2937 meum
1199 2881 1274 2937 deus
1285 2880 1430 2955 impleuit

272 2977 302 3026 et
314 2985 409 3041 usque
428 2969 459 3025 in
478 2970 570 3026 finem
583 2970 708 3028 viriliter
725 2971 868 3028 certando
887 2969 1037 3044 perduxit,
1051 2969 1120 3024 noio
1136 2978 1167 3025 te
1185 2985 1254 3025 esse
1273 2968 1429 3027 solicitum

228 3067 259 3118 30
272 3073 329 3129 pro
348 3055 409 3112 filia
429 3065 497 3114 tua:
526 3075 583 3130 ego
605 3075 672 3114 sum
692 3058 742 3115 illa
767 3057 887 3127 misera,
906 3065 936 3114 et
955 3065 987 3114 tu
1009 3073 1044 3112 cs
1066 3066 1153 3129 pater
1171 3071 1266 3112 meus.
1305 3057 1429 3130 Corpus

272 3159 373 3202 meum
390 3143 429 3200 ab
447 3145 505 3200 alio
524 3145 629 3202 nudari
648 3155 678 3203 et
696 3146 790 3202 lauari
808 3163 869 3202 non
888 3143 1055 3218 permittas,
1068 3143 1123 3200 sed
1142 3160 1198 3215 per
1215 3141 1351 3216 teipsum
1370 3145 1428 3201 hoc

271 3229 371 3288 facias.
408 3231 446 3288 Et
463 3231 532 3304 quia
548 3233 578 3288 in
596 3232 736 3306 ingressu
755 3250 824 3289 meo
843 3231 969 3306 promisi
987 3230 1087 3288 abbati
1106 3247 1156 3287 me
1174 3230 1286 3287 multas
1300 3249 1429 3303 posses-

272 3318 374 3376 siones
386 3319 499 3376 habere
511 3329 548 3390 et,
562 3319 588 3377 si
601 3321 769 3393 perdurare
782 3337 915 3393 possem,
929 3317 959 3375 in
976 3319 1056 3375 hunc
1075 3318 1173 3374 locum
1190 3334 1244 3374 eas
1259 3319 1426 3389 adducere,

271 3414 303 3462 tu
316 3405 409 3478 imple
421 3408 500 3478 quod
514 3407 648 3480 promisi,
661 3415 691 3464 et
704 3425 757 3464 ora
770 3425 826 3480 pro
838 3409 904 3464 me’
942 3404 1009 3463 Hec
1022 3405 1127 3462 dicens
1138 3405 1259 3461 tradidit
1271 3405 1425 3478 spiritum.

227 3507 257 3558 35
273 3492 311 3550 Et
330 3493 532 3566 ingemiscens
551 3504 645 3569 pater,
664 3496 748 3568 quasi
768 3503 905 3552 mortuus
921 3495 959 3552 ad
977 3503 1090 3550 terram
1109 3493 1224 3562 cecidit,
1243 3503 1273 3549 et
1292 3494 1426 3552 veniens
1503 3493 1504 3540 l

271 3582 364 3640 abbas
388 3581 517 3640 concidit
541 3600 633 3656 super
657 3601 724 3640 earn
750 3583 865 3639 eiulans
890 3591 920 3640 et
947 3583 1068 3639 dicens:
1100 3579 1278 3638 ‘Eufrosina
1308 3598 1428 3653 sponsa
1503 3603 1504 3630 t

272 3669 392 3740 Christi,
416 3688 456 3727 ne
481 3670 668 3728 obliuiscaris
693 3685 850 3728 seruorum
881 3679 1008 3738 tuorum,
1034 3670 1088 3726 sed
1113 3685 1166 3725 ora
1189 3685 1244 3741 pro
1269 3667 1360 3725 nobis
1385 3672 1426 3727 ad

271 3757 426 3816 dominum
445 3757 569 3816 ihesum
592 3757 761 3816 Christum!
798 3757 888 3814 Pater
905 3775 977 3816 vero
995 3757 1095 3831 puelle
1117 3755 1315 3812 substantiam
1334 3773 1426 3814 suam

271 3845 453 3904 monasterio
466 3845 594 3916 tradidit,
606 3855 637 3903 et
653 3845 755 3903 habitu
773 3853 929 3920 assumpto
947 3845 1052 3902 decem
1071 3845 1159 3902 annis
1177 3845 1208 3900 in
1227 3853 1332 3901 sancto
1350 3862 1424 3918 pro-

225 3950 258 4000 ⁴0
271 3934 369 4008 posito
381 3934 455 3992 vixit
463 3933 481 3990 ¹.

303 4037 313 4068 ¹
329 4041 360 4090 T.
372 4041 415 4090 ad.

303 4104 313 4133 ¹
330 4107 429 4157 Collect
435 4107 462 4154 in
474 4105 503 4156 T.
514 4123 521 4156 ε

307 4163 482 4231 Honorabilis
500 4181 593 4240 Rome,
609 4177 773 4242 acceptabilis
784 4179 890 4243 hughe,
902 4177 1079 4228 desiderabilia
1096 4175 1202 4240 ubique;
1222 4175 1276 4225 dua
1291 4177 1424 4241 angelice,

270 4243 356 4310 legate
372 4246 523 4310 apostolice,
534 4261 612 4310 preco
625 4246 666 4294 dei
683 4246 709 4294 in
725 4245 791 4295 fines
807 4252 891 4296 terre:
909 4260 925 4294 ο
938 4245 1045 4293 Pauline
1056 4245 1134 4305 digne
1150 4242 1294 4306 apostolico
1307 4245 1425 4308 nomine,

271 4329 289 4364 ο
300 4313 344 4438 Ἑί
356 4313 477 4375 regiones
489 4318 516 4361 et
528 4312 651 4362 naciones
661 4311 809 4362 incredulas
821 4311 925 4361 Christo
936 4309 1055 4362 luctaris:
1075 4309 1129 4359 Ora
1139 4323 1186 4372 pro
1198 4307 1281 4359 nobis.

339 4401 385 4437 eus
396 4387 436 4436 etti
447 4386 538 4436 beatus
551 4385 673 4436 Paulinus
685 4385 803 4449 pontifex
814 4385 849 4436 ita
860 4385 1003 4436 sanctitatis
1013 4383 1101 4447 gracia
1112 4384 1247 4434 decoratus
1258 4383 1425 4449 complacent,
