3008 4904
425 295 501 389 br
525 293 690 384 aanor
716 292 879 391 ortua
1151 315 1222 388 233

75 493 166 554 tionis
181 497 355 570 exemplum
368 496 479 570 poterit
494 495 640 554 inueniri!
677 495 744 566 Que
760 503 883 568 accepto
899 493 975 551 libro
992 509 1060 550 cum
1078 493 1116 550 ad
1129 510 1223 566 quen-

75 586 148 642 dam
172 593 296 658 pontem
321 584 452 658 ligneum
478 584 676 658 peruenisset,
697 583 727 641 vi
747 591 906 640 ventorum
930 582 961 639 in
982 581 1082 655 pontis
1106 580 1225 653 fastigio

75 671 208 744 impulsa
220 673 362 730 deorsum
374 673 459 746 lapsa
471 673 589 740 corruit,
603 681 632 728 et
649 671 764 744 impetu
777 669 909 727 fluminis
926 679 1011 743 rapta
1026 669 1057 726 in
1072 680 1225 726 momento

74 759 219 832 absorpta
228 769 282 817 est
320 760 439 833 Elapsis
449 769 549 816 autem
558 760 653 816 tribus
663 758 778 827 diebus,
786 758 911 831 angelus
921 757 1035 815 domini
1045 753 1225 813 Modwenne

74 845 106 902 in
126 847 202 904 cella
219 847 315 904 oranti
334 865 485 921 apparens
503 846 595 904 dixit:
619 845 720 902 ‘Vade
738 863 807 902 cum
826 845 1016 902 festinatione
1035 845 1073 901 ad
1092 843 1253 910 fluuium,5

74 933 188 1006 aliquid
201 934 241 991 ibi
255 936 458 992 necessarium
468 935 643 1007 operatura)
681 934 748 1004 Que
760 951 828 990 cum
841 932 1031 1006 peruenisset
1043 932 1080 988 ad
1091 931 1226 998 fluuium,

74 1019 193 1078 inuenit
212 1021 252 1078 ibi
267 1022 406 1080 Editham
418 1022 573 1094 virginem,
586 1021 718 1094 puellam
731 1019 869 1078 Ositham
882 1020 1090 1093 queritantem.
1127 1019 1225 1088 Quam

74 1108 229 1166 abbatissa
241 1109 322 1166 velut
336 1109 633 1183 expau[esc]entem¹
651 1107 854 1176 considerans,
868 1107 925 1165 ait:
946 1107 1040 1178 ‘Quid
1053 1116 1108 1174 est,
1121 1108 1227 1163 soror?

75 1193 234 1252 Rectene²
246 1205 315 1253 sunt
328 1197 429 1253 omnia
437 1199 463 1253 l’
502 1196 557 1252 illa
570 1194 742 1268 respondit:
763 1195 867 1262 ‘Ecce,
877 1195 982 1268 inquit,
994 1205 1056 1252 tres
1069 1193 1134 1251 dies
1147 1203 1225 1262 sunt,

73 1283 208 1352 domina,
221 1300 259 1340 ex
272 1301 331 1356 quo
344 1282 513 1342 transmisi⁸
527 1282 665 1342 Ositham
683 1283 721 1339 ad
734 1291 773 1352 te,
786 1291 815 1339 et
827 1282 896 1339 veni
911 1299 1038 1355 querere
1053 1299 1146 1354 quare
1164 1298 1224 1337 non
1241 1293 1272 1329 ¹0

74 1371 288 1442 regrederetur
305 1372 343 1429 ad
362 1387 420 1428 me.
458 1370 601 1444 Nunquid
620 1387 680 1426 non
700 1370 780 1442 apud
798 1378 828 1427 te
847 1373 928 1427 estl'
967 1369 1005 1430 Et
1026 1367 1094 1426 illa:
1121 1368 1225 1438 ‘Vere,

73 1457 182 1530 inquit,
202 1473 262 1514 non
280 1458 341 1516 vidi
359 1475 436 1528 eam,
455 1475 511 1515 nec
529 1458 612 1514 venit
630 1459 669 1516 ad
688 1461 754 1514 me.³
792 1455 829 1513 Et
851 1455 1024 1530 interrogati
1042 1466 1181 1530 pastores
1200 1454 1226 1512 si

73 1545 208 1618 puellam
223 1544 377 1616 vidissent,
390 1545 547 1602 dixemnt:
568 1543 811 1602 ‘Nudiustercius
830 1545 961 1617 puellam
979 1553 1103 1618 pontem
1120 1561 1227 1601 ascen-

73 1634 149 1688 dere
162 1632 304 1700 vidimus,
316 1633 371 1690 sed
388 1650 448 1705 quo
466 1633 538 1689 abiit
550 1642 601 1690 aut
613 1649 675 1705 quo
688 1632 820 1700 deuenit,
833 1633 974 1688 nimirum
987 1649 1089 1689 curam
1101 1641 1226 1706 agentes

75 1721 113 1776 de
124 1720 284 1792 pecoribus
295 1729 324 1777 et
334 1721 372 1782 ad
382 1721 439 1776 alia
448 1719 564 1791 intenti,
572 1719 693 1792 penitus
703 1719 893 1791 ignoramus!
929 1721 996 1791 Quo
1009 1720 1110 1776 audito
1122 1728 1226 1776 sancta
1242 1737 1250 1772 ι
1256 1738 1270 1786 5

77 1806 263 1864 Modwenna
280 1808 321 1863 ait
339 1807 377 1864 ad
397 1806 555 1864 Editham:
575 1805 807 1879 ‘Deprecemun
823 1823 910 1864 soror
927 1806 1112 1876 charissima,
1131 1806 1226 1863 domi·

76 1910 159 1964 num,
178 1903 210 1951 vt
231 1895 345 1956 meritis
365 1895 499 1954 omnium
518 1902 690 1954 sanctorum
709 1911 833 1954 suorum
856 1894 990 1952 restituat
1010 1894 1097 1951 nobis
1119 1895 1149 1950 in
1170 1893 1226 1950 hac

76 1982 151 2038 hora
163 1982 295 2055 puellam
308 1981 467 2056 perditam,
478 1991 511 2040 vt
523 1981 680 2039 videamus
697 1990 727 2038 et
744 1999 961 2055 cognoscamus
977 1982 1042 2039 eius
1059 1981 1226 2038 mirabilem
1293 2013 1299 2028 ·

75 2070 252 2142 potentiam,
264 2079 294 2126 et
307 2070 511 2127 collaudemus
525 2069 557 2126 in
569 2078 749 2142 perpetuum
763 2069 996 2127 misericordiam
1010 2071 1113 2126 suam!
1150 2069 1226 2125 Cum

75 2158 168 2230 igitur
187 2158 225 2214 ad
244 2167 356 2215 terram
375 2157 516 2214 inclinate
538 2157 589 2215 diu
609 2173 678 2214 cum
697 2157 849 2216 lachrimis
868 2160 956 2215 ambe
975 2166 1122 2224 orassent,
1143 2155 1225 2212 Mod·
1241 2173 1272 2208 πο

74 2263 188 2302 wenna
212 2245 250 2301 ab
272 2245 405 2303 oratione
427 2262 556 2319 surgens
580 2245 661 2302 clara
679 2264 753 2302 voce
775 2246 871 2303 tribus
891 2246 1005 2303 vicibus
1029 2244 1225 2302 exclamauit:

76 2333 212 2401 ‘Ositha,
225 2332 341 2402 Ositha,
355 2333 470 2404 Ositha,
483 2334 514 2390 in
531 2335 654 2390 nomine
670 2343 775 2391 sancte
791 2343 822 2391 et
838 2334 990 2392 indiuidue
1005 2333 1144 2390 trinitatis
1157 2331 1226 2389 veni

75 2420 159 2478 foras
176 2429 206 2478 et
223 2421 262 2478 de
280 2421 337 2478 hoc'
353 2420 475 2478 flumine
491 2422 522 2478 in
540 2438 600 2494 quo
617 2422 776 2478 submersa
788 2440 831 2493 es,
844 2441 900 2496 per
912 2423 1051 2480 virtutem
1070 2421 1226 2495 potestatis

75 2509 174 2582 ipsius
196 2507 256 2565 vite
281 2509 425 2577 restituta,
447 2526 522 2566 sana
545 2519 575 2566 et
599 2509 756 2570 incolumis
781 2513 937 2584 emergas!
975 2511 1111 2567 Necdum
1136 2509 1226 2583 plene

73 2597 171 2654 verba
189 2595 308 2653 finierat
325 2597 411 2669 virgo
429 2610 540 2664 sancta,
558 2605 588 2652 et
608 2615 679 2654 ecce
697 2598 799 2670 puella
819 2599 858 2655 de
876 2599 968 2655 fluuio
985 2615 1054 2654 cum
1073 2596 1226 2655 volumine
1242 2609 1271 2660 25

74 2685 164 2741 illeso
183 2683 302 2757 prodiit,
316 2693 345 2741 et
364 2685 443 2741 trina
456 2684 522 2742 vice
540 2701 681 2742 sermone
699 2685 835 2743 absoluto
852 2685 1025 2758 respondit:
1046 2685 1141 2743 ‘Ecce
1161 2702 1226 2756 ego,

74 2789 149 2828 ecce
171 2787 238 2843 ego,
260 2789 330 2827 ecce
354 2789 410 2843 ego
434 2771 556 2828 domina
579 2774 664 2828 mea!
702 2772 800 2842 Quam
824 2783 929 2829 sancta
954 2773 1135 2829 Modwenna
1158 2787 1226 2828 cum

75 2875 188 2932 magna
200 2859 384 2917 exultatione
396 2859 574 2933 suscipiens,
587 2867 618 2916 et
630 2859 740 2932 gratias
757 2860 921 2917 immensas
934 2861 991 2916 deo
1003 2877 1105 2932 agens,
1119 2858 1227 2916 Edithe

75 2947 160 3003 illam
174 2944 312 3016 reddidit,
323 2955 353 3003 et
365 2956 480 3005 retento
494 2963 598 3004 secum
609 2947 762 3004 volumine
774 2948 812 3003 ad
825 2947 931 3004 cellam
944 2946 1097 3004 remeauit.
1129 2946 1227 3003 Locus

75 3041 180 3090 autem
193 3031 243 3088 ille
255 3033 292 3088 ab
306 3042 416 3092 euentu
428 3049 538 3091 nomen
551 3033 682 3103 sortitus,
695 3034 733 3090 ab
745 3033 853 3096 incolis
864 3035 1037 3107 ‘Nunpole'
1050 3033 1226 3107 appellatur.
1241 3048 1273 3096 30

75 3119 317 3192 verumptamen
335 3121 475 3178 monialis
485 3131 556 3179 tunc
574 3139 634 3178 non
648 3120 751 3190 extitit,
764 3122 833 3180 licet
850 3121 936 3194 nigro
952 3122 1045 3195 pallio.
1058 3120 1139 3177 illam
1157 3129 1227 3177 tunc

76 3209 220 3265 amictam
239 3207 333 3265 luisse
351 3209 500 3268 credatur.
574 3197 651 3266 Post
668 3209 828 3266 transitum
839 3227 912 3266 vero
930 3218 1033 3266 sancte
1047 3208 1227 3265 Modwenne

77 3298 168 3353 beata
187 3294 294 3352 Ositha
312 3297 349 3353 ad
368 3307 509 3370 parentes
531 3297 662 3366 reducta,
681 3296 791 3354 virtute
809 3305 840 3354 et
858 3297 991 3353 moribus
1009 3297 1141 3369 quotidie
1160 3313 1227 3370 pro·

77 3384 208 3441 ficiebat.
245 3383 381 3456 Cumque
394 3384 515 3454 nubilis,
525 3385 671 3458 temporis
679 3402 832 3458 processu,
846 3402 914 3441 esse
926 3385 1160 3458 conspiceretur,
1173 3402 1227 3441 rex

76 3471 201 3544 quidam
227 3471 425 3528 Orientalium
451 3471 605 3529 Saxonum
630 3473 777 3545 Sigherus
800 3472 931 3538 nomine,
955 3481 1097 3545 parentes
1127 3472 1228 3546 puelle
1242 3485 1272 3534 35

76 3559 252 3626 sollicitans,
270 3559 418 3632 virginem
440 3559 497 3617 sibi
518 3561 603 3633 petiit
621 3561 685 3616 dari
706 3560 738 3616 in
756 3559 924 3632 coniugem.
960 3560 1027 3629 Que
1048 3577 1117 3616 cum
1138 3577 1156 3616 a
1177 3577 1227 3633 pa-

77 3645 216 3704 rentibus
238 3655 479 3704 commoneretur
497 3665 656 3704 assensum
675 3648 812 3721 prebere,
830 3665 935 3704 eorum
953 3647 1104 3704 blanditiis
1125 3646 1228 3704 fauere

76 3741 234 3804 recusans,
247 3734 347 3792 animo
364 3742 394 3792 et
410 3743 477 3792 actu
489 3734 666 3808 virginitatis
683 3734 740 3791 sibi
757 3735 875 3807 placere
888 3734 1046 3808 puritatem
1058 3733 1227 3792 insinuauit.

78 3820 231 3880 Renitens
244 3831 344 3878 tamen
357 3829 387 3878 et
399 3822 492 3878 inuita
504 3822 583 3879 dicto
596 3823 669 3896 regi,
679 3823 791 3895 nuptiis
803 3823 894 3895 regali
908 3831 1052 3896 apparatu
1065 3821 1227 3892 instructis,

76 3911 266 3982 desponsata
277 3909 411 3966 traditur.
441 3909 577 3967 Affectus
586 3928 658 3968 vero
669 3919 698 3966 et
710 3909 859 3967 desideria
871 3927 925 3967 sua
937 3927 1050 3982 sponso
1059 3926 1114 3966 suo
1124 3909 1226 3965 celesti
1240 3930 1274 3978 40

78 3997 309 4066 commendans,
316 4013 385 4054 cum
398 3997 540 4053 orationis
552 3997 693 4054 instantia
704 3999 811 4070 preces
823 3999 880 4055 deo
893 3997 999 4053 deuote
1011 3996 1153 4054 fundebat
1165 4005 1196 4052 vt
1208 4014 1227 4052 a

75 4083 158 4144 virili
177 4083 335 4141 concubitu
354 4101 421 4141 eam
440 4085 658 4143 immaculatam
676 4093 876 4142 conseruaret.
914 4084 1048 4157 Cumque
1067 4085 1227 4142 multorum

76 4173 199 4231 dierum
219 4171 388 4230 euolutione
412 4171 494 4246 regis
514 4173 696 4231 desiderium
719 4173 857 4230 laudabili
875 4172 992 4242 fallatia,
1011 4181 1040 4229 et
1065 4172 1225 4228 multarum

76 4259 273 4320 occasionum
291 4259 491 4332 oportunitate
508 4259 564 4318 viri
583 4261 628 4318 sui
641 4261 793 4318 desideria
804 4260 998 4336 reprimeret:
1017 4277 1054 4316 eo
1073 4261 1226 4317 ardentius

152 4357 210 4408 ιΕ.
223 4363 405 4422 expauentem.
450 4353 453 4358 “
484 4356 539 4408 Ἐ.
552 4357 676 4410 Rectane.
690 4359 719 4409 T.
732 4359 857 4422 Rectene.
935 4357 1162 4408 ⁸T.transmisisi.
