3062 4888
119 307 180 360 us.
190 306 264 358 sou
274 307 344 374 us]
379 290 454 384 Ut
474 288 534 379 ὓ.
552 289 770 380 dumuttuu
791 307 886 396 τιμε
906 299 946 379 et
966 299 1157 396 martura
1200 302 1269 387 631

169 505 220 559 Da
237 517 374 562 vrcroun
392 517 490 561 sacra
508 518 545 562 nt
563 507 783 564 Hnauauuuu
800 519 985 568 monacnum
1003 519 1227 564 uxrucrurau

125 599 282 644 caursmu
302 591 331 646 S·
349 590 509 644 Eouuunr
528 601 569 645 ur
587 601 824 647 osmnnnurnu
842 601 965 648 roruuo
983 604 1026 646 ao
1045 603 1269 658 oscumunuu.

155 750 298 821 Sampson
310 750 394 806 abbas
502 713 617 771 ¹Uidam
632 716 788 771 monachus
807 715 895 774 sancti
911 715 1054 771 Edmundi
1071 717 1186 771 nomine
1201 719 1273 772 Her-

394 791 401 807 '
543 815 672 867 mannus,
685 798 763 854 verbi
782 798 870 854 diuini
888 799 1054 868 predicator,
1069 815 1132 854 cum
1146 800 1191 854 die
1204 817 1274 871 qua·

118 874 188 929 dam
205 886 381 945 pentecostes
398 881 436 934 ab
453 879 546 937 edito¹
563 891 762 952 congregatam
778 881 985 936 multitudinem
1002 881 1195 952 alloqueretur,
1209 899 1274 952 pro·

118 957 179 1012 lata
191 958 352 1013 summatim
365 971 408 1016 est
418 964 501 1018 theca
513 963 589 1033 regis
598 973 625 1018 et
638 963 759 1020 martiris
772 963 893 1034 insignia
906 961 1053 1018 continens
1066 975 1231 1019 ornamenta
1245 965 1273 1020 in

117 1037 221 1110 quibus
235 1057 286 1111 pro
306 1043 420 1100 Christo
436 1044 551 1102 viriliter
566 1046 716 1116 agonizans
735 1046 821 1102 armis
840 1045 983 1117 paciencie
1001 1047 1099 1101 mundi
1118 1046 1273 1118 principem
1288 1055 1302 1106 5

118 1121 227 1190 strauit,
241 1139 328 1194 eaque
341 1126 452 1198 populis
464 1128 600 1184 miuersis
614 1129 788 1200 stupentibus
800 1139 829 1184 et
847 1129 931 1184 deum
949 1129 1128 1184 laudantibus
1141 1131 1273 1186 ostendit.

118 1204 206 1273 Quod
222 1205 337 1276 quidam
354 1225 388 1264 ex
403 1211 506 1279 Anglie
522 1211 689 1282 primoribus
708 1211 836 1280 audiens,
853 1211 945 1266 tercia
959 1211 1119 1267 ebdomada
1138 1225 1274 1285 sequente

117 1286 246 1343 concitus
257 1288 344 1358 affuit,
357 1308 414 1346 non
428 1291 481 1347 sibi
494 1294 626 1364 denegari
639 1295 784 1365 quodiam
796 1294 870 1365 plebi
884 1311 1049 1350 concessum
1061 1295 1150 1352 luerat
1164 1313 1274 1352 summa

117 1369 275 1426 deuocione
299 1371 473 1444 deposcens:
504 1375 584 1432 cuius
608 1377 792 1447 postulacioni
816 1379 916 1433 fratres
944 1395 1090 1433 assensum
1114 1381 1274 1449 prebentes,

118 1452 253 1508 semotim
267 1454 297 1509 in
313 1457 403 1527 cripta
419 1474 473 1528 que
490 1458 660 1530 deposcebat
677 1469 792 1516 ostensa
808 1471 881 1528 sunt,
895 1460 994 1531 quibus
1012 1461 1175 1533 suppliciter
1191 1463 1273 1518 deos·
1290 1479 1320 1517 to

116 1534 228 1602 culatis,
247 1539 467 1606 gratulabundus
487 1539 658 1612 ab[s]cessit.
695 1543 835 1597 Discurrit
853 1543 964 1598 interim
983 1543 1055 1598 vltra
1075 1545 1200 1615 citraque
1218 1562 1274 1616 qua

118 1617 210 1673 nichil
230 1619 258 1675 in
277 1621 359 1677 rebus
376 1623 452 1680 fama
470 1623 599 1679 mobilius
607 1622 626 1680 ².
663 1626 855 1694 Conglobatur
876 1625 1003 1696 protinus
1023 1643 1105 1682 sexus
1123 1628 1274 1697 promiscui

117 1701 230 1756 infinita
249 1705 403 1774 congeries,
426 1705 538 1777 exigunt
561 1705 668 1764 itineris
688 1709 817 1776 fructum,
839 1705 923 1780 quia⁸
948 1725 1029 1763 casso
1048 1710 1159 1778 regredi
1178 1710 1274 1766 labore

116 1785 303 1856 erubescuut;
321 1788 443 1845 martiris
462 1789 636 1862 triumphum
653 1791 776 1847 subhac
792 1793 920 1860 obtentu,
935 1807 1070 1862 suamque
1089 1790 1273 1848 deuocionem

117 1880 277 1924 memorant
301 1888 386 1941 posse
411 1872 532 1928 dilatari.
581 1873 657 1942 Quid
682 1875 781 1944 plura?
810 1883 852 1928 tot
878 1883 1031 1928 turmarum
1054 1874 1273 1943 populositatem
1289 1893 1318 1944 ¹5

117 1949 234 2006 inanem
256 1952 395 2009 dimittere
419 1955 551 2012 nonfuit
575 1957 741 2012 consultum.
777 1957 898 2027 Aptatur
922 1973 989 2025 ergo
1010 1954 1039 2009 in
1061 1956 1159 2011 abside
1180 1957 1273 2012 medio

116 2033 214 2089 altaris
224 2033 313 2091 instat
324 2036 432 2106 ligneus
442 2037 555 2108 gradus,
566 2037 787 2110 sup[er]ponitur
796 2039 928 2094 scrinium
941 2038 1009 2092 illud
1022 2038 1113 2093 sancti
1127 2040 1272 2095 Edmundi

116 2116 243 2187 reliquiis
255 2118 470 2174 accumulatum.
507 2121 624 2176 Accedit
637 2121 798 2177 iamdictus
811 2123 1000 2186 Hermannus,
1013 2121 1127 2191 exponit
1140 2132 1204 2192 post
1216 2123 1273 2178 alia

117 2200 266 2256 camisiam
279 2201 363 2269 illam,
375 2204 474 2273 agonis
492 2205 673 2260 acerbitatem
691 2204 853 2260 euidencius
869 2212 1058 2273 attestantem,
1071 2204 1176 2259 crebris
1196 2203 1271 2260 iacu-

117 2283 211 2338 lorum
223 2286 425 2356 punccionibus
441 2287 610 2357 perforatam
625 2305 660 2343 ac
676 2285 812 2358 preciosi⁴
829 2285 951 2341 martiris
968 2303 1065 2341 cruore
1081 2297 1271 2358 purpuratam.
1288 2309 1319 2345 ro

120 2368 207 2423 Hauc
230 2385 297 2438 ergo
321 2385 379 2424 non
403 2370 572 2437 summatim,
592 2380 622 2426 vt
646 2371 731 2442 prius,
752 2387 817 2424 curn
841 2369 965 2442 reliquiis
989 2368 1061 2437 aliis,
1082 2378 1126 2424 set
1150 2371 1273 2440 capsella

118 2466 233 2519 prorsus
250 2463 407 2522 exemptam
427 2453 604 2508 cernentibus
626 2453 717 2508 cuntis
737 2453 886 2523 explicans,
907 2451 1005 2507 inuitat
1024 2451 1062 2506 ad
1080 2453 1271 2508 osculandum

120 2533 197 2587 Huic
215 2530 348 2590 intererat
366 2536 527 2606 spectaculo
545 2553 609 2590 cum
626 2535 721 2590 multis
739 2535 802 2592 aliis
820 2535 965 2606 sepedicta
983 2535 1070 2605 virgo,
1083 2553 1194 2591 summa
1207 2553 1271 2591 cum

117 2615 303 2672 veneracione
316 2616 362 2672 dei
375 2617 557 2688 magnificans
570 2617 726 2688 magnalia;
746 2635 800 2689 que
812 2635 877 2674 cum
889 2619 926 2673 ad
939 2618 1123 2674 osculandum
1141 2636 1173 2674 os
1191 2637 1272 2674 suum

118 2697 279 2769 porrigeret,
287 2709 366 2754 tanta
375 2700 531 2771 fragrancia
540 2699 830 2756 suauitatisvtfateri⁶
840 2701 986 2756 consueuit
995 2701 1083 2756 sensit
1093 2718 1123 2756 se
1132 2701 1271 2773 perfundi,
1287 2717 1316 2766 ²⁵

118 2791 149 2836 vt
162 2782 300 2838 humanos
311 2785 445 2839 excellere
457 2801 541 2854 posse
559 2801 658 2840 sensus
673 2794 823 2855 putaretur.
861 2783 925 2838 Hils
938 2783 977 2839 ita
988 2783 1092 2852 gestis:
1112 2783 1212 2838 eadem
1225 2784 1270 2839 die

120 2865 303 2920 Hermannus
322 2866 542 2937 presumpciouis
556 2866 667 2923 vindice
680 2867 778 2922 morbo
790 2865 944 2937 corripitur.
982 2864 1094 2920 Deinde
1106 2877 1189 2920 nocte
1202 2867 1268 2920 sub·

118 2959 216 3004 secuta
228 2947 284 3003 iam
297 2949 372 3004 dicto
383 2949 462 3004 fratri
471 2949 589 3005 Edwino
601 2950 712 3004 nomine
725 2950 847 3020 prefatus
855 2947 985 3018 apparuit
994 2947 1117 3011 Tolinus‚
1127 2958 1154 3001 et
1167 2948 1270 3002 minaci

119 3031 198 3085 vultu
209 3048 243 3086 ac
252 3031 345 3086 verbis
358 3031 475 3087 austeris
485 3034 666 3088 vehementer
674 3048 738 3088 eum
750 3039 778 3086 et
788 3041 894 3086 ceteros
906 3028 1106 3099 [con]sratres⁶
1118 3046 1184 3083 suos
1195 3030 1271 3100 cepit

119 3115 266 3185 increpare
273 3113 293 3170 ⁷.
331 3115 432 3184 ‘Quid
449 3114 548 3186 inquit,
566 3115 682 3185 egistis?
720 3115 777 3169 Cur
795 3113 836 3168 sic
854 3112 1025 3181 necligenter
1042 3121 1070 3166 et
1088 3111 1270 3166 irreuerenter
1285 3139 1318 3188 30

118 3199 275 3254 reuerentia
300 3199 461 3254 tractastis?
501 3200 595 3254 Deum
620 3197 734 3269 eiusque
755 3195 897 3251 martirem
919 3194 978 3264 spei
1003 3203 1097 3249 uestre
1121 3205 1270 3265 patronum

120 3280 267 3336 bntastb:
293 3282 361 3353 quia
380 3282 448 3336 dum
466 3281 528 3337 beri
546 3281 691 3337 camisiam
711 3279 837 3336 eiusdem
858 3277 948 3333 sancti
970 3276 1088 3348 publicis
1112 3277 1271 3347 aspectibus

119 3363 291 3434 opposuistis
305 3375 332 3419 et
349 3364 459 3419 incaute
476 3363 623 3434 minusque
639 3363 789 3432 diligenter
805 3361 974 3432 explicastis,
987 3377 1068 3415 sacer
1080 3359 1203 3430 sanguis,
1216 3377 1271 3432 quo

119 3446 223 3502 infecta
240 3447 292 3502 luit
301 3445 321 3516 ⁸,
334 3465 368 3502 ex
385 3457 464 3518 parte
482 3446 558 3501 humi
576 3445 681 3502 decidit
698 3455 726 3501 et
745 3445 834 3516 periit.
873 3446 940 3499 Hoc
955 3461 1022 3498 vero
1034 3442 1071 3498 ad
1083 3443 1272 3514 penitenciam

118 3545 170 3584 vos
183 3527 316 3586 inuitasse
328 3530 463 3585 debuerat
480 3529 556 3601 quod
575 3529 620 3584 ille
635 3545 684 3598 per
699 3527 777 3583 cuius
794 3527 950 3583 neclectum
966 3528 1023 3582 boc
1038 3526 1160 3596 contigit,
1174 3525 1270 3581 diuino
1286 3547 1317 3598 35

119 3611 177 3667 iam
189 3613 304 3668 verbere
316 3613 480 3684 flagellatur,
493 3611 572 3667 cuius
584 3613 667 3666 dolor
677 3610 890 3666 irremediabilis
908 3621 951 3666 est
963 3619 991 3665 et
1005 3611 1064 3665 uita
1076 3609 1271 3680 desperabilis.

121 3695 171 3750 Set
183 3704 212 3750 et
225 3711 275 3750 vos
287 3712 374 3766 quarn
386 3693 459 3750 cito⁹
471 3694 567 3750 diuina
582 3704 677 3749 manet
689 3693 770 3762 vicio,
783 3693 837 3748 nisi
853 3693 940 3748 cicius
958 3709 1011 3763 per
1020 3708 1174 3761 congruam
1191 3690 1271 3746 satis·

118 3776 276 3833 {accionem
289 3777 446 3833 auertatur!
483 3779 622 3844 balatus,
635 3776 779 3846 disparuit.
817 3777 858 3831 Et
874 3775 1008 3830 Edwinus
1025 3773 1158 3828 fratribus
1176 3773 1272 3828 audita

118 3860 255 3916 reuelauit
262 3858 284 3892 ¹⁰
296 3859 439 3928 maturius,
450 3861 631 3915 Hermannus
640 3875 707 3914 vero
718 3857 883 3928 egritudinis
891 3866 1006 3926 vrgente
1016 3855 1146 3910 molestia
1154 3855 1241 3909 tercio
1249 3852 1270 3885 ¹¹

119 3943 247 4015 proximo
261 3952 394 4015 sequente
407 3943 491 4006 obiit,
519 3943 602 3997 Vnde
615 3941 731 3996 solerter
743 3938 979 3995 considerandum
992 3947 1034 3992 est
1046 3947 1153 4008 quanta
1165 3936 1269 3991 sanctis
1284 3957 1317 4008 40

117 4026 289 4096 reuerencia,
301 4035 408 4098 quanta
426 4027 454 4081 in
473 4025 655 4082 veneracione
674 4023 710 4080 sit
728 4021 885 4078 exbibenda
903 4019 1060 4090 diligencia.
1097 4019 1177 4088 Quos
1195 4018 1271 4074 enim

153 4208 163 4240 ¹
182 4209 236 4260 MS.
248 4209 337 4262 edicto.
469 4206 480 4237 ¹
496 4207 550 4259 MS.
562 4207 679 4258 nobilius.
810 4206 820 4238 ⁸
836 4205 870 4255 al.
881 4219 933 4255 om.
1060 4201 1069 4233 ⁴
1087 4201 1138 4252 Tit.
1151 4201 1270 4268 precioso.

119 4273 131 4305 ⁸
148 4273 203 4324 MS.
215 4273 274 4326 lieri.
398 4272 409 4304 ⁶
424 4275 455 4325 T.
468 4273 608 4326 eoolratrea
732 4268 742 4300 τ
759 4270 813 4322 MS.
826 4283 981 4336 nuncupare.
1094 4267 1105 4297 ⁸
1122 4267 1176 4318 MS.
1189 4267 1269 4319 luerit.

119 4339 129 4370 ⁸
146 4341 182 4392 al.
193 4341 252 4392 cita.
351 4339 370 4371 ²⁰
385 4339 440 4392 MS.
451 4339 612 4391 muebcione.
710 4337 731 4369 ¹¹
748 4337 803 4388 MS.
814 4337 899 4388 tercia.
