3012 4898
252 311 326 388 350
562 287 1084 394 flmtmmmungttt

250 489 340 561 tibus,
360 487 495 564 iugerum
517 489 679 550 inultorum
701 491 848 550 babentes
866 509 992 567 coptam,
1010 501 1100 566 atque
1123 493 1221 549 dense
1245 491 1423 550 bominum

250 577 440 636 habitatione.
514 565 617 636 Finita
640 579 741 654 itaque
761 581 851 637 tertis
870 579 919 638 die
939 589 1061 638 mettis
1082 579 1286 638 Rumwaldus
1307 579 1424 638 emisit

250 665 309 722 deo
317 664 521 738 gratimum
531 667 680 741 spiritum,
689 667 777 724 tertio
786 685 884 725 nonas
897 670 1081 738 nouembris,
1088 668 1230 726 manibus
1242 678 1424 742 susceptus

250 753 425 825 angelorum
438 773 446 811 :
465 763 504 824 et,
515 763 547 812 vt
565 755 702 826 iusserat,
715 755 747 812 in
761 755 892 829 [eodenss
903 757 912 788 ¹
924 757 990 813 loco
1008 756 1144 830 sepultus
1157 765 1216 812 est.
1254 755 1424 813 Defuncto

223 841 373 908 ademurn
401 841 564 899 Edwoldo¹
587 843 764 915 presbitero,
788 843 952 900 translatus
976 853 1024 900 est
1043 843 1075 900 in
1096 843 1187 899 aliurn
1213 843 1319 900 locum
1345 861 1425 917 pre-
1495 849 1496 912 ζ

252 927 382 986 intuma
403 927 569 986 Wederino
588 931 767 1004 presbitero.
804 931 911 988 Finitis
932 941 1033 988 autem
1050 931 1148 988 tribus
1167 930 1270 998 annh,
1291 931 1424 988 delatus

251 1025 299 1073 est
311 1017 391 1089 apud
404 1015 611 1090 Bukingham:
630 1019 679 1074 vbi
689 1035 785 1092 nsque
795 1019 887 1077 hodie
900 1017 931 1075 in
944 1036 1053 1092 magna
1060 1018 1258 1076 veneratione
1272 1019 1424 1076 babetur.
1495 1051 1496 1062 .

254 1103 298 1161 lbi
311 1105 392 1163 enim
405 1116 436 1163 et
445 1103 476 1162 in
489 1105 592 1163 multis
604 1105 677 1163 locis
688 1105 845 1164 innotatus
853 1115 968 1181 prestat
977 1105 1087 1164 multa'
1095 1105 1245 1162 beneficia
1254 1123 1293 1163 se
1305 1117 1423 1180 peten-
1495 1173 1496 1180 ἵ

252 1191 341 1262 tibus,
365 1193 445 1250 cecis
468 1191 577 1264 visum
601 1193 714 1252 claudis
734 1211 882 1267 gressum,
902 1195 974 1267 (et)‘
998 1195 1127 1252 diuersis
1154 1194 1361 1266 languoribus
1390 1205 1422 1250 et

210 1297 240 1333 io
252 1279 366 1336 morbis
387 1280 519 1354 grauatis
542 1281 696 1356 sospitatis
720 1299 840 1354 munus,
860 1290 1015 1340 annuente
1039 1281 1163 1338 domino
1188 1291 1301 1340 nostro
1321 1282 1420 1340 ihesu

252 1367 379 1424 Christo.

289 1486 367 1562 [MS.
380 1487 445 1546 Tib.
458 1491 552 1548 adds:
740 1489 906 1548 Nanolrb'.

289 1589 425 1678 Quidam
442 1603 534 1661 irater
545 1603 663 1661 iuuenis
680 1621 749 1662 curn
763 1604 890 1663 uidisset
902 1605 1049 1678 quosdam
1062 1619 1153 1660 senes
1166 1601 1224 1660 iter
1236 1613 1376 1677 agentes
1390 1615 1420 1661 et

253 1689 424 1748 laborantes
442 1692 472 1748 iu
492 1692 681 1763 ambulando,
694 1693 816 1766 onagris
829 1691 917 1750 iussit
930 1702 963 1749 ut
974 1691 1112 1748 uenirent
1125 1699 1156 1747 et
1168 1700 1334 1764 portarent
1353 1711 1421 1750 eos.

254 1776 300 1835 Illi
318 1787 417 1836 autern
437 1795 528 1836 senes
546 1778 717 1837 indicabant
735 1781 791 1836 hoc
810 1779 908 1837 abbati
927 1778 1069 1847 Antonio,
1082 1778 1133 1852 qui
1145 1777 1239 1835 dixit:
1262 1777 1422 1836 ‘Videtur

211 1886 240 1936 ¹⁵
253 1865 345 1923 michi
358 1865 523 1923 monachus
535 1866 593 1924 iste
605 1867 711 1924 similis
723 1885 793 1925 esse
810 1869 879 1924 naui
897 1875 1020 1924 onerate
1031 1865 1171 1923 omnibus
1183 1866 1284 1936 bonis,
1299 1868 1345 1924 de
1357 1885 1421 1941 qua
1496 1913 1497 1916 η

253 1954 399 2012 incertum
419 1963 465 2010 est
484 1963 584 2010 utrum
602 1955 765 2028 peruenire
783 1956 879 2028 possit
897 1956 936 2013 sd
955 1955 1092 2028 portum!
1129 1952 1167 2008 Et
1186 1961 1255 2026 post
1271 1954 1421 2028 aliquan·

253 2041 347 2099 tulum
370 2040 516 2115 temporis
537 2041 636 2098 subito
655 2042 735 2116 cepit
753 2043 847 2100 abbas
865 2041 1019 2099 Antonius
1038 2041 1123 2112 (flere
1142 2045 1183 2110 et)
1207 2041 1338 2100 trahere
1359 2043 1418 2100 ssoi

253 2129 377 2202 capillos
395 2139 425 2186 et
443 2128 554 2204 lugere,
567 2129 672 2187 dicens
689 2129 845 2203 discipulis
863 2128 945 2187 suis:
966 2127 1092 2203 ‘Magna
1104 2128 1266 2201 columpna
1279 2130 1418 2188 ecclesie

253 2217 383 2290 ce(cidit)
397 2217 494 2274 modo.
534 2216 578 2274 lte
590 2218 628 2274 ad
641 2217 764 2274 fratrem
777 2217 861 2274 illum
874 2215 1014 2274 iuuenem
1033 2225 1064 2272 et
1082 2214 1182 2272 uidete
1195 2216 1279 2287 quod
1294 2215 1416 2274 iactum

211 2327 242 2363 ιο
253 2309 316 2362 est!
352 2304 412 2376 Qui
436 2313 598 2378 pergentes
622 2303 811 2366 inuenerunt
830 2305 1011 2362 monachum
1041 2303 1126 2360 illum
1156 2318 1249 2375 super
1281 2314 1416 2362 mattam

254 2393 411 2451 sedentem
432 2401 462 2449 et
480 2391 602 2450 lientern
622 2401 777 2466 peccatum
797 2393 877 2467 quod
898 2391 1018 2448 iecerat
1057 2390 1094 2447 Et
1115 2389 1222 2447 uidens
1238 2389 1415 2464 discipulos

253 2479 378 2538 Antonii
396 2479 455 2538 ait:
477 2479 594 2538 ‘Dicite
613 2479 680 2538 seni
698 2489 730 2537 ut
748 2481 886 2538 obsecret
904 2481 995 2537 deum
1014 2479 1120 2536 decern
1145 2486 1261 2534 tanturn
1287 2477 1415 2538 dierum

254 2569 326 2626 dare
339 2567 429 2624 michi
441 2567 584 2636 inducias,
597 2577 627 2626 et
640 2585 730 2644 spero
743 2585 792 2626 me
804 2567 1026 2626 satisfacturum
1039 2567 1084 2623 ei.’
1110 2565 1170 2637 Qui
1182 2563 1259 2622 inira
1272 2567 1414 2641 quinque

254 2655 321 2713 dies
332 2664 470 2714 mortuus
482 2655 550 2729 est]

392 2843 486 2916 nDa
505 2871 621 2914 smero
640 2841 810 2916 Suasoris
828 2869 971 2912 nnscoro
990 2869 1028 2912 ετ
1045 2851 1268 2910 conressonn‘.

212 2981 241 3031 ²5
258 2961 426 3092 SAnctus
451 2960 611 3035 Sampson,
631 2962 670 3018 de
695 2959 850 3017 Britannia
871 2957 986 3026 Maiori,
1009 2957 1203 3014 nobilissimis
1226 2957 1411 3030 parentibus

345 3049 491 3122 originem
504 3047 647 3119 habens',
659 3047 738 3105 beati
753 3045 890 3121 Maglorii
902 3047 1145 3119 consanguineus
1163 3043 1268 3101 extitit.
1308 3043 1412 3104 Huius

256 3137 398 3208 (autem)⁸
412 3144 507 3193 mater
514 3136 613 3206 Anna,
623 3153 691 3192 curn
705 3135 817 3192 sterilis
830 3142 993 3208 putaretur,
1008 3135 1169 3208 desperato
1181 3133 1242 3189 iarn
1254 3131 1327 3193 fetu.
1340 3151 1410 3192 curn

255 3227 361 3281 marito
378 3241 433 3280 suo
451 3223 589 3281 Amone'
601 3223 719 3280 ieiuniis
738 3231 768 3279 et
786 3222 961 3280 elemosinis
979 3220 1188 3295 frequentibus
1207 3218 1410 3280 incumbebat

255 3311 312 3370 Cui
341 3321 428 3369 nocte
459 3311 625 3385 quiescenti
654 3329 711 3384 per
737 3310 837 3368 visum
862 3311 1003 3366 dominus
1028 3309 1087 3365 ait:
1119 3307 1166 3364 ‘O
1188 3307 1298 3364 mulier
1322 3308 1410 3366 firma

211 3419 244 3469 30
255 3399 285 3456 in
312 3399 381 3470 fide,
408 3398 523 3456 stabilis
550 3399 582 3455 in
607 3397 658 3456 dei
685 3398 854 3468 dilectione,
880 3415 915 3455 ac
946 3395 1189 3470 perseuerans¹⁰,
1214 3411 1254 3453 ne
1281 3395 1407 3454 timeas:

255 3488 325 3561 quia
343 3487 458 3560 prolem
478 3487 612 3557 habebis,
630 3503 720 3560 quem
738 3486 940 3559 Sampsonem
959 3483 1089 3541 vocabis.
1129 3481 1187 3539 Hic
1207 3483 1265 3539 erit
1286 3493 1408 3542 sanctus

255 3591 357 3632 coram
379 3575 445 3644 deo,
470 3583 499 3632 et
524 3575 701 3632 sacerdotali
726 3573 824 3630 officio
848 3572 1034 3646 condignus!
1080 3571 1183 3643 ltaque
1208 3569 1319 3628 mulier
1342 3589 1407 3629 cum

255 3663 363 3737 gaudio
382 3661 528 3736 concepit,
548 3671 578 3719 et
599 3661 726 3736 peperit,
747 3670 778 3718 et
797 3660 902 3718 inianti
921 3659 1072 3733 baptizato
1097 3675 1209 3715 nornen
1228 3657 1407 3732 Sampsonis

256 3750 408 3824 imposuit.
444 3750 581 3823 Cumque
604 3759 721 3822 septem
740 3758 822 3806 esset
843 3763 1000 3816 annorum,
1025 3747 1063 3802 ad
1090 3755 1227 3802 sanctum
1256 3744 1406 3803 Iltutum¹¹

212 3865 243 3917 ³⁵
257 3841 396 3897 abbatem
416 3837 551 3896 discendi
574 3838 669 3911 gratia
690 3836 864 3894 adducitur:
892 3833 944 3909 qui
962 3834 1071 3892 videns
1095 3848 1232 3908 puerum,
1258 3834 1406 3890 osculatus

290 3979 298 4010 ¹
316 3995 365 4028 om.
379 3979 404 4026 in
418 3977 447 4028 E.
538 3975 549 4005 ¹
565 3976 595 4026 E.
608 3975 734 4026 edwaldo.
824 3973 883 4024 ἀἱ
897 3989 947 4024 om.
1039 3973 1048 4002 ‘
1066 3989 1117 4022 orn.
1130 3973 1156 4021 in
1168 3971 1199 4021 T.
1284 3971 1405 4022 ‘Exim

258 4046 327 4096 Patr.
338 4059 396 4108 905·
479 4042 619 4091 ‘Derived
636 4043 701 4090 irom
719 4041 825 4090 theold
843 4040 903 4090 Vita
920 4041 946 4088 in
965 4038 1087 4088 tlabnlon
1108 4039 1126 4086 l.
1147 4041 1202 4098 165,
1222 4037 1255 4086 Α.
1272 4037 1321 4088 SS.
1342 4039 1404 4088 Boll.

258 4114 291 4161 aa
301 4112 363 4173 July
374 4110 418 4158 Vl.
432 4123 488 4171 571,
500 4109 552 4157 and
564 4109 609 4157 the
625 4108 787 4170 abridgment
807 4107 834 4155 in
844 4105 920 4155 Vinc.
933 4105 991 4154 Bell
1013 4105 1088 4155 XXI.
1103 4118 1158 4165 105,
1170 4103 1223 4152 and
1234 4103 1301 4152 irom
1312 4105 1355 4153 the
1365 4105 1405 4154 life

258 4179 284 4226 in
303 4177 358 4226 Lib.
376 4176 488 4226 Landav.
507 4191 531 4238 p.
545 4176 578 4237 85
599 4174 665 4236 (also
678 4174 784 4222 derived
799 4172 863 4220 irom
879 4173 924 4220 the
940 4171 984 4219 old
994 4169 1076 4228 Vita).
1111 4169 1167 4218 The
1180 4168 1224 4217 lile
1241 4169 1268 4217 in
1286 4169 1328 4218 Du
1343 4170 1404 4219 Bosc

260 4242 324 4292 Bibl.
334 4242 441 4291 i'loriac.
451 4257 477 4303 p.
487 4243 536 4302 464
550 4240 611 4304 (and
621 4239 723 4304 Surius)
732 4239 805 4301 gives
813 4245 872 4300 part
880 4238 911 4286 oi
919 4237 964 4286 the
975 4235 1018 4285 old
1031 4234 1074 4285 iiie
1080 4235 1144 4284 with
1154 4235 1254 4296 ioreign
1265 4236 1404 4294 additions,

259 4307 336 4359 aliie
352 4308 387 4370 by
405 4307 524 4356 Balderic
540 4308 570 4355 ol
584 4305 651 4354 Dole
668 4305 690 4355 is
707 4305 852 4367 unprinted.
946 4300 956 4330 '
972 4301 1001 4352 T.
1015 4309 1103 4361 ortus;
1121 4299 1150 4350 F„
1162 4301 1293 4362 originem
1304 4303 1403 4352 babens

258 4375 333 4423 ‘om
348 4375 374 4422 in
386 4373 415 4422 T.
481 4372 539 4422 ⁸1¹2.
550 4386 650 4422 amone.
716 4371 737 4403 ¹⁰
756 4371 805 4419 Vit.
819 4385 844 4432 p.
856 4369 882 4418 in
894 4383 979 4432 prece.
1047 4368 1064 4398 ²¹
1081 4366 1109 4416 T.
1124 4367 1242 4417 eltutum.
