3044 4878
307 293 382 387 vc
406 289 571 382 sanctu
594 292 767 396 bunum
792 291 985 394 muman.
1173 315 1221 386 43

80 501 173 550 autem
187 493 269 552 sama
286 494 341 552 vin'
355 495 404 553 dei
416 496 455 552 ad
467 511 557 552 aures
571 495 652 568 regis
668 493 794 551 Henrici
806 493 919 567 Anglie
927 493 1127 567 peruenisset,
1140 491 1223 548 misit

77 581 195 638 nuncios
208 582 430 653 Canusiam,vt
441 601 511 640 eum
525 583 660 656 priorem
668 582 841 651 Withamie,
854 582 885 639 in
898 584 1072 655 episcopatu
1086 580 1222 638 bathoni-

78 671 145 740 ensi,
160 672 367 730 constitueret
404 672 463 742 Qui
475 671 577 730 statim
590 671 731 728 iratribus
743 670 801 728 ait:
822 670 876 728 ‘In
888 671 988 730 medio
1000 679 1100 727 vestre
1113 667 1222 726 sandi-

76 759 138 814 tatis
161 767 222 816 tarn
254 759 308 816 diu
333 769 540 828 conuersatus,
565 758 686 816 monitis
716 767 747 815 et
777 757 926 832 exemplis
951 758 1062 816 vestris
1094 758 1223 825 adiutus,

78 861 223 918 nunquam
235 847 329 920 [uel]¹
341 865 398 920 per
407 864 501 904 vnum
514 847 595 904 diem
607 846 740 903 animam
753 863 852 902 meam
865 847 1016 903 custodire
1029 843 1103 902 sciui
1116 863 1123 900 ε
1142 843 1223 900 vnde
1238 858 1252 909 ⁵

79 931 165 989 miror
172 937 327 1006 quomodo
339 936 378 992 ad
390 934 542 1007 regendas
554 933 681 991 aliorum
694 933 812 990 animas
824 933 901 990 mitti
912 933 1033 1006 longius
1042 931 1223 990 debuissem.

80 1018 207 1088 Qualiter
219 1023 383 1080 instituere
399 1039 509 1079 nouam
528 1024 651 1078 domum
667 1021 847 1089 sufficerem,
864 1021 915 1094 qui
934 1020 1124 1093 antiquorum
1141 1018 1223 1076 insti·

79 1115 136 1164 tuta
153 1127 278 1167 seruare
297 1109 439 1183 nequiuit
476 1109 608 1166 Puerilia
623 1117 694 1166 suut
711 1109 767 1165 ista
780 1127 838 1182 que
851 1108 948 1178 audio,
961 1117 991 1166 et
1008 1125 1064 1164 nec
1076 1106 1224 1163 delibera·

79 1193 161 1252 tionis
178 1205 262 1254 tante
284 1197 387 1271 spacio
404 1197 594 1270 aliquatenus
613 1196 719 1269 digna!
755 1196 892 1252 Tandem
912 1213 994 1266 vcro,
1012 1195 1081 1252 licet
1096 1195 1224 1250 multum

79 1284 215 1352 renitens,
233 1285 320 1359 prior
337 1285 502 1342 Withamie
519 1283 614 1342 sactus
634 1293 688 1340 est.
763 1271 891 1341 Factum
912 1292 959 1340 est
979 1291 1079 1340 autem
1095 1291 1127 1338 vt
1150 1280 1224 1338 defi·
1241 1301 1271 1338 ro

81 1371 194 1428 cerent¹
212 1380 357 1445 sumptus
370 1373 407 1430 ad
420 1371 538 1429 edificia
550 1371 770 1428 construenda:
789 1379 819 1426 et
832 1370 954 1428 mittens
968 1370 1059 1442 Hugo
1072 1369 1168 1426 semel
1180 1378 1225 1425 at-

81 1473 135 1529 que
144 1459 251 1516 iterum
262 1459 372 1516 iratres
381 1460 419 1516 ad
428 1476 540 1531 regem,
550 1458 642 1530 [cum]
652 1458 662 1490 ³
672 1457 746 1514 nihil
755 1468 859 1532 preter
868 1458 1085 1531 promissiones
1095 1467 1124 1513 et
1131 1457 1225 1514 verba

81 1555 274 1617 reportarent,
293 1547 469 1620 assumpt0⁴
489 1547 620 1618 quodam
640 1545 730 1602 fratre
749 1545 873 1603 nornine
896 1545 1031 1603 Gerardo
1051 1545 1088 1600 ad
1111 1544 1225 1601 curiam

81 1632 226 1702 profectus
246 1643 303 1692 est.
341 1633 425 1704 Quos
445 1651 500 1691 rex
521 1633 651 1705 benigne
680 1632 844 1706 excipiens,
867 1633 976 1690 blanda
1000 1633 1125 1700 locutus,
1145 1632 1225 1689 bona

83 1719 232 1793 pollicitus,
254 1739 378 1779 causam
400 1715 551 1778 dilationis
576 1737 735 1792 excusans,
756 1720 885 1778 celerius
909 1719 1011 1778 omnia
1039 1718 1225 1792 perficienda
1241 1738 1270 1791 ¹⁵

83 1809 263 1882 promittens,
276 1819 418 1882 sumptus
430 1817 531 1866 umen
544 1825 605 1865 non
619 1807 750 1876 contulit,
763 1825 820 1865 nec
833 1809 952 1881 quando
965 1817 1047 1864 esset
1063 1807 1225 1865 collaturus

83 1895 186 1952 certius
199 1896 358 1954 intimauit.
394 1896 480 1954 Tunc
492 1895 746 1954 fraterGerardus
762 1912 866 1968 regem
879 1895 983 1952 durius
996 1894 1075 1968 cepit
1088 1911 1223 1966 arguere,

84 1981 155 2040 inter
177 1995 277 2042 cetera
299 1984 422 2044 dicens:
451 1984 575 2054 ‘Totum
595 1982 681 2040 vobis
705 1999 832 2056 regnum
851 1991 995 2051 vestrum,
1013 1981 1136 2038 dominc
1161 1998 1225 2050 rex,

84 2070 213 2141 quietum
234 2074 311 2130 cedo
331 2080 362 2130 ct
382 2073 420 2130 ad
445 2080 579 2129 nostram
599 2069 699 2144 potius
720 2071 939 2129 cartusiensem
962 2070 1119 2126 heremum
1140 2069 1226 2126 vobis

82 2157 254 2217 valefaciens
266 2177 341 2218 mox
354 2160 467 2217 redibo.
504 2159 619 2216 Putatis
626 2175 680 2215 vos
689 2159 816 2231 gratiam
829 2158 917 2215 nobis
927 2157 1071 2214 exhibere
1083 2156 1110 2214 si
1121 2166 1224 2213 vestro
1243 2179 1275 2218 ao

85 2261 135 2302 nos
154 2248 201 2302 vel
226 2265 308 2320 pane
332 2247 517 2317 sustentetis,
541 2263 610 2304 cum
635 2263 672 2303 eo
695 2246 817 2319 penitus
842 2261 903 2302 non
928 2249 1073 2318 egemus?
1109 2244 1226 2302 Verum

86 2332 352 2392 melius³nobisest
362 2336 400 2390 ad
410 2351 483 2395 saxa
493 2342 664 2390 nostrarum
674 2332 836 2406 confugere
844 2333 978 2406 Alpium,
986 2349 1077 2406 quarn
1087 2333 1125 2388 ad
1135 2332 1226 2388 talem

87 2418 230 2479 bominem
239 2423 353 2480 habere
361 2421 532 2478 conflictum
542 2421 593 2494 qui
602 2429 697 2478 totum
706 2422 787 2494 quod
796 2437 852 2494 pro
860 2437 915 2478 sua
925 2420 1227 2493 suggeritur⁸salute,

85 2514 220 2581 tanquam
233 2511 387 2584 perditum
399 2508 568 2566 arbitratur.
600 2508 719 2566 Habeat
729 2507 837 2582 igiturl
850 2508 937 2565 citius
948 2508 1124 2578 amissurus,
1137 2516 1167 2565 et
1179 2507 1227 2564 cui

88 2597 175 2653 nescit
193 2598 310 2671 ingrato
328 2597 495 2668 relicturus,
508 2615 583 2670 opes
595 2614 671 2670 quas
690 2605 806 2654 tantum
824 2605 922 2666 amat;
941 2613 998 2653 nec
1011 2596 1151 2653 Christus
1169 2595 1227 2652 hiis
1243 2619 1272 2670 ²5

87 2681 225 2754 dignatur,
238 2703 296 2742 ncc
308 2685 468 2759 quisquam
485 2687 583 2742 bonus
600 2684 788 2753 christianus,
801 2683 990 2757 participari!
1029 2682 1096 2740 Hcc
1111 2691 1141 2741 et
1153 2683 1227 2740 satis

87 2767 197 2828 duriora
220 2773 358 2831 Gerardo
388 2782 600 2846 prosequente,
618 2781 701 2828 tanto
718 2771 783 2829 vice
808 2773 889 2843 regis
910 2771 1000 2844 Hugo
1025 2770 1158 2828 suffusus
1181 2779 1228 2827 est

89 2857 197 2927 rubore,
209 2870 241 2916 vt
252 2869 334 2918 totus
348 2861 568 2917 inhorresceret
577 2868 608 2916 et
619 2859 672 2916 vix
684 2859 890 2916 confusionem
904 2859 1004 2915 cordis
1016 2858 1063 2915 sui
1076 2859 1226 2917 toleraret.
1321 2927 1326 2938 ι

91 2941 223 3004 Monebat
234 2948 360 3006 fratrem
373 2948 540 3005 modestius
551 2946 644 3016 effari,
657 2946 767 3004 talibus
784 2963 909 3020 parcere
926 2955 978 3002 aut
997 2946 1118 3018 penitus
1130 2945 1227 3004 silere.

91 3027 195 3090 Verum
206 3035 256 3110 [is]
264 3035 286 3108 ⁸,
295 3045 327 3093 vt
339 3045 404 3092 erat
417 3034 599 3092 conscientie
612 3034 750 3108 purioris,
763 3034 823 3092 iam
836 3033 923 3091 dictis
932 3035 990 3090 alia
999 3043 1088 3108 atque
1098 3034 1155 3092 alia
1164 3034 1228 3107 qui·
1243 3051 1275 3101 3⁰

91 3117 143 3176 bus
154 3122 321 3197 principem
337 3123 501 3196 corrigeret
519 3130 569 3180 aut
588 3121 722 3180 erudiret
734 3121 917 3196 superaddit.
956 3121 1077 3180 lnterea
1087 3139 1160 3178 vero
1173 3139 1227 3180 rex

90 3221 142 3262 nec
157 3209 290 3268 vultum¹
307 3209 434 3267 mutauit
451 3228 508 3268 nec
525 3211 651 3268 verbum
670 3210 771 3280 edidit,
783 3210 877 3266 immo
888 3209 996 3266 tacitus
1008 3219 1038 3265 et
1051 3209 1228 3282 tranquillus

91 3293 230 3355 dicentem
243 3299 396 3368 sustinuit,
403 3314 561 3373 quousque
570 3297 712 3355 uniuersa
721 3316 780 3370 que
793 3306 895 3354 mente
908 3306 1086 3370 conceperat
1096 3314 1148 3354 ore
1159 3314 1228 3371 par-

92 3383 195 3442 turiret.
231 3387 347 3444 Habito
363 3395 432 3460 post
445 3387 500 3444 hec
514 3385 695 3460 aliquamdiu
709 3385 836 3452 silentio,
849 3386 949 3458 priore
961 3387 1076 3442 vultum
1090 3402 1145 3458 pre
1158 3403 1229 3442 con·

91 3466 199 3530 fusione
210 3474 410 3548 deprimente,
423 3491 478 3530 rex
489 3490 655 3530 conuersus
672 3475 710 3530 ad
727 3473 890 3546 Hugonem
903 3473 961 3530 ait:
982 3473 1026 3528 ‘N
1029 3472 1144 3546 unquid
1157 3473 1230 3545 [et]⁸
1242 3487 1273 3538 55

92 3563 120 3612 tu
130 3559 208 3618 abire
219 3559 358 3636 disponis
371 3570 401 3618 et
412 3562 522 3618 cedere
539 3560 627 3618 nobis
644 3578 770 3634 regnum
787 3570 924 3618 nostrum
935 3563 962 3617 i'
1002 3559 1040 3616 Et
1052 3560 1229 3632 complexus

92 3659 162 3716 eum,
174 3665 240 3706 cum
252 3651 422 3707 iuramento
435 3649 491 3707 ait:
512 3648 590 3706 ‘Per
607 3649 734 3706 salutern
752 3647 853 3705 anime
866 3665 942 3719 mee,
955 3648 1027 3705 dum
1040 3649 1152 3719 vixero,
1166 3658 1197 3704 tu
1211 3667 1229 3706 a

92 3745 322 3810 meoregnonon
330 3736 476 3794 discedes.
501 3736 614 3794 Tecum
625 3737 706 3794 enirn
714 3736 826 3810 partiar
834 3736 957 3792 consilia
966 3737 1116 3804 salutaria,
1128 3744 1228 3793 tecum

93 3827 120 3874 et
127 3824 219 3880 studia
232 3826 333 3882 anime
342 3841 410 3882 mee
419 3823 607 3882 necessaria!
645 3823 683 3881 Et
691 3825 814 3882 mittens
822 3823 978 3881 confestim
991 3834 1138 3898 sumptus,
1151 3840 1229 3897 opus

92 3921 152 3964 eum
164 3927 279 3971 summa
291 3911 432 3968 instantia
443 3911 589 3986 compleri
602 3911 696 3968 iussit.
782 3900 920 3985 Contigit
933 3911 1014 3968 enim
1027 3928 1131 3984 regem
1146 3911 1228 3967 Hen·
1241 3928 1276 3975 4ο

92 3993 177 4054 n'curn
189 4016 255 4057 curn
268 4017 379 4074 magna
388 3999 485 4058 classe
497 4015 560 4070 sua,
569 4008 634 4056 orta
641 4007 819 4072 tempestate
832 3999 862 4056 in
874 3999 950 4056 mari
960 4017 1039 4072 pene
1052 3997 1228 4070 naufragari.

95 4081 221 4156 Aprima
240 4089 323 4146 enim
336 4087 437 4161 vigilia
450 4088 546 4145 noctis
561 4103 644 4144 mare
661 4085 876 4159 intumescens,
889 4087 1075 4144 seuientibus
1085 4086 1106 4116 ¹⁰
1120 4087 1228 4157 ventis,

95 4183 179 4229 naues
190 4193 267 4234 nunc
279 4175 370 4234 astris
389 4175 532 4246 inserere,
545 4192 625 4232 nunc
642 4175 824 4248 immergere
842 4174 942 4231 abisso
959 4173 1121 4230 laborabat.
1160 4173 1229 4231 Rex

122 4281 267 4342 ιοῐιιὶιιΕ.
328 4289 530 4342 ¹E.deliceret.
595 4288 651 4339 ΙΤ.
664 4289 694 4339 E.
705 4296 739 4338 et.
799 4287 1007 4350 ‘Eassumpta
1068 4286 1228 4338 'almatius

94 4344 255 4416 ‘alterium
320 4353 398 4406 'Vit
409 4356 465 4406 sibi.
531 4353 608 4406 'oua
674 4354 752 4405 ’Via
764 4354 857 4405 vultus.
923 4355 943 4384 n
959 4354 993 4405 cl.
1005 4353 1156 4406 furentibus.
