3028 4894
283 277 357 366 418
596 273 728 362 liuba
752 268 944 375 lutatus
967 269 1121 374 analo.

283 489 339 530 suo
356 471 387 530 in
406 473 576 530 baratrum¹
595 473 778 530 demersisse
788 470 807 530 ¹.
842 471 899 530 Vir
915 481 1016 530 autem
1038 471 1087 531 dei
1105 479 1196 546 caput
1213 471 1341 546 virginis
1356 475 1428 548 quod

282 561 363 618 lnter
382 577 489 619 manua
510 569 718 634 assumpserat
739 559 842 635 sepius
868 559 1056 630 deosculans,
1075 561 1211 618 turbatus
1232 561 1342 634 spiritu
1361 561 1428 618 llere
1503 559 1504 564 ’

282 647 480 721 compellitur.
518 647 589 705 Post
613 649 670 706 hec
694 665 768 706 vero
791 647 865 704 illud
890 650 1008 720 corpori
1033 665 1228 721 componens,
1248 649 1428 722 palliumque

283 751 372 793 suum
387 752 481 810 super
498 735 571 793 illud
590 743 741 806 sternens,
755 735 785 792 in
804 735 927 792 naribus
946 735 1026 792 illius
1044 735 1223 806 insulllauit;
1242 745 1274 792 et
1286 737 1428 792 accedens
1503 737 1504 764 ¹

256 833 270 884 ⁵
283 823 321 879 ad
333 823 429 880 altare
441 822 564 880 missam
577 823 748 880 celebrauit
773 822 840 894 Qua
852 831 982 896 peracta,
994 823 1033 879 ad
1045 839 1155 896 corpus
1165 822 1290 896 virginus
1302 824 1429 894 rediens,

283 925 456 968 sermonem
482 909 667 968 luculentum
691 909 804 984 populo
834 909 912 980 lecit,
937 909 1041 967 dicens
1071 909 1151 967 inter
1180 920 1289 980 cetera,
1314 911 1428 968 beatam

281 997 429 1071 virginem
454 1007 556 1055 votum
587 999 645 1056 deo
674 997 794 1066 iecisse,
825 999 879 1055 sed
910 1006 1007 1054 morte
1036 998 1235 1072 interceptam
1266 1015 1429 1072 congnuum

281 1093 402 1158 tempus
425 1085 602 1143 exsoluendi
626 1102 687 1143 non
713 1085 872 1155 habuisse;
899 1093 929 1142 et
951 1085 1019 1143 ideo
1045 1085 1166 1156 debere,
1189 1086 1331 1143 deuotius
1350 1086 1429 1144 humi

281 1173 524 1245 procumbentes,
548 1190 604 1247 pro
634 1175 855 1230 resurrectione
885 1173 965 1230 illius
999 1172 1112 1230 deum'
1141 1171 1345 1246 interpellare.
1395 1175 1430 1231 Et

240 1259 390 1318 rosactum
420 1270 467 1318 est
497 1261 546 1318 ita
592 1259 756 1334 Postquam
786 1260 878 1333 igitur
907 1261 958 1317 diu
983 1270 1101 1317 oratum
1126 1269 1179 1326 est.
1204 1261 1251 1318 vir
1277 1263 1386 1319 beatus
1414 1281 1431 1320 a
1503 1253 1504 1262 ¹

280 1356 361 1405 terra
391 1365 528 1423 surgens,
557 1365 665 1406 manus
689 1349 727 1405 ad
757 1349 856 1406 celum
881 1347 986 1416 tendit,
1010 1347 1134 1406 dicens:
1163 1348 1314 1406 ‘Domine
1341 1349 1430 1408 ihesu

281 1434 400 1494 Chn'ste
409 1437 429 1506 ⁴,
453 1453 510 1510 pro
535 1435 620 1494 cuius
649 1453 752 1493 amore
780 1436 836 1493 hcc
861 1435 946 1508 virgo
969 1445 1091 1493 terrena
1115 1436 1230 1509 respuit
1255 1447 1286 1494 et
1311 1437 1431 1496 celestia

281 1523 460 1598 concupiuit,
479 1541 535 1581 nos
556 1532 587 1581 tc
606 1523 725 1580 deuotis
751 1522 926 1580 inuocantes
945 1523 1054 1580 animis
1072 1523 1243 1581 misericors
1263 1525 1384 1596 exaudi,
1403 1535 1431 1583 ct

279 1609 397 1668 viscera
405 1610 525 1684 pietatis
537 1619 588 1668 tue
602 1628 695 1684 super
707 1628 764 1669 nos
777 1609 908 1679 effunde,
919 1621 1055 1668 votorum
1069 1621 1239 1668 nostrorum
1255 1612 1429 1670 effectorem

237 1715 266 1766 ¹5
280 1699 310 1755 in
324 1699 457 1772 presenti
470 1708 501 1756 te
514 1716 583 1756 esse
595 1699 782 1768 concedens;
803 1707 832 1756 et
845 1715 1028 1773 quamquam
1040 1697 1188 1772 virginem
1205 1699 1292 1769 hanc,
1305 1719 1363 1774 pro
1380 1711 1431 1757 tuo

280 1787 402 1844 nomine
414 1804 545 1860 passam,
559 1805 619 1845 non
638 1789 812 1860 ignoremus
830 1785 861 1843 in
876 1786 997 1844 celestis
1012 1787 1112 1859 gaudii
1129 1786 1245 1844 sinibus
1265 1789 1429 1861 repositam

280 1881 384 1930 nostro
402 1872 527 1928 ulterius
549 1889 609 1928 non
630 1871 767 1944 indigere
784 1869 989 1940 contubernio,
1008 1878 1040 1927 tu
1064 1879 1175 1939 tamen,
1193 1871 1431 1930 clementissime
1503 1869 1504 1888 ¹

279 1967 374 2032 pater,
382 1958 451 2016 filiis
459 1958 518 2016 tuis
526 1967 556 2016 te
564 1958 716 2016 humiliter
728 1959 959 2031 deprecantibus
971 1966 1001 2015 te
1013 1957 1177 2032 benignum
1188 1967 1217 2016 et
1227 1959 1430 2017 exaudibilem

278 2055 427 2119 prestans,
447 2045 715 2120 supplicationibus
735 2063 841 2104 eorum
861 2063 1020 2104 assensum
1041 2047 1144 2119 prebe.
1182 2045 1308 2120 Precipe
1330 2047 1430 2121 itaque

235 2154 266 2190 ro
279 2143 310 2191 vt
322 2133 423 2208 puelle
432 2133 627 2191 huiusanima
635 2134 752 2207 corpori
763 2151 818 2190 suo
830 2133 959 2204 inducta,
968 2133 1102 2207 regimen
1112 2141 1142 2190 te
1151 2143 1182 2192 et
1191 2133 1428 2193 dominationem

279 2229 340 2278 tam
361 2220 530 2280 animarum
551 2239 641 2294 quam
661 2238 820 2295 corporum
842 2221 956 2278 habere
976 2222 1185 2279 demonstret:
1210 2222 1355 2294 quatinus
1379 2233 1430 2281 tue

277 2306 393 2382 gratia⁸
404 2309 609 2366 misericordie
628 2309 763 2366 rediuiua
776 2325 887 2365 nomen
906 2318 991 2365 tuum
1009 2309 1190 2383 magnificet,
1202 2319 1233 2366 et
1250 2321 1321 2383 post
1341 2311 1430 2384 longa

277 2397 339 2454 vite
358 2397 468 2471 spacia,
487 2396 681 2470 multiplicato
700 2397 778 2453 bone
798 2396 1035 2454 conuersationis
1053 2395 1199 2465 feruore‘,
1218 2397 1256 2453 ad
1276 2406 1306 2455 te
1325 2401 1429 2456 redeat

278 2501 424 2556 sponsum
444 2501 541 2556 suum,
553 2486 674 2542 unicum
692 2483 831 2541 videlicet
847 2485 897 2541 dei
915 2485 1009 2558 patris
1028 2483 1131 2554 filium,
1144 2501 1213 2542 cum
1232 2503 1292 2558 quo
1310 2497 1343 2544 et
1361 2505 1428 2544 cum

234 2591 263 2642 ²⁵
278 2571 384 2645 spiritu
398 2571 521 2630 sancto⁷
532 2573 609 2630 viuis
622 2580 651 2630 et
664 2571 803 2644 gloriaris
816 2573 893 2630 deus
905 2590 961 2646 per
973 2572 1089 2630 infinita
1105 2571 1207 2629 secula
1219 2573 1392 2632 seculomm
1403 2575 1429 2631 ’Β

277 2659 413 2732 Cumque
422 2677 528 2717 omnes
536 2661 907 2734 respondissent‘Amen,’
917 2660 1017 2734 puella
1026 2659 1278 2733 quasiasompno
1288 2664 1430 2730 surrexit,

276 2758 458 2822 tergensque
468 2747 574 2805 faciem
584 2765 671 2806 suam
680 2757 770 2823 atque
782 2764 800 2805 a
812 2749 937 2822 puluere
947 2749 1117 2806 emundans
1126 2757 1156 2806 et
1166 2751 1285 2818 sudore,
1294 2760 1430 2808 astantes

276 2836 472 2895 admiratione
490 2843 520 2893 et
538 2837 646 2910 gaudio
666 2837 794 2910 repleuit
803 2839 822 2894 ⁹.
860 2835 953 2893 Porro
965 2835 1016 2893 vbi
1029 2844 1118 2909 caput
1136 2845 1327 2910 compactum
1339 2849 1430 2912 atque

276 2925 468 2982 resolidatum
487 2922 590 2992 suerat,
603 2924 711 2983 albedo
726 2925 857 2998 quedam
873 2924 1050 2982 tenuissima
1067 2925 1098 2981 in
1116 2925 1239 2981 modum
1256 2925 1298 2982 iili
1316 2927 1428 2984 collum

231 3034 263 3084 30
276 3012 425 3070 ambiebat
438 3022 467 3070 et
479 3012 577 3070 locum
590 3011 732 3070 sectionis
750 3013 934 3081 obducebat;
954 3022 984 3070 et
996 3012 1139 3086 quamdiu
1151 3011 1235 3083 vixit,
1248 3029 1377 3088 semper
1388 3015 1431 3073 sic
1503 3065 1504 3082 ,

275 3100 450 3173 permansit
470 3099 546 3158 Inde
556 3099 719 3158 scruntviri
729 3099 885 3175 prouincie
895 3099 1051 3157 illiuseam
1059 3099 1268 3158 Wenein’dam
1282 3100 1433 3176 [fuisseP'

274 3198 420 3258 vocatam,
429 3204 497 3244 cum
510 3196 606 3258 antea,
618 3197 651 3245 vt
667 3187 725 3261 ipsi
737 3196 879 3246 asserunt
888 3186 917 3257 ¹¹,
931 3187 1079 3245 Breuua²²
1092 3187 1244 3244 nominata
1256 3189 1304 3245 sit
1340 3191 1431 3261 Quod

275 3275 356 3332 enim
374 3275 431 3350 ipsi
452 3275 592 3333 Britones
610 3275 640 3332 in
661 3293 716 3333 sua
734 3276 836 3349 lingua
854 3275 966 3332 ‘Wen'
986 3275 1097 3344 dicunt,
1115 3276 1206 3332 latine
1226 3278 1431 3336 ‘candidum'

275 3371 380 3420 sonat:
400 3363 503 3436 sicque
515 3363 673 3420 occasione
691 3363 839 3420 albedinis
855 3363 964 3420 collum
979 3362 1200 3432 circumdantis,
1213 3380 1253 3420 ex
1266 3381 1301 3421 ne
1314 3383 1431 3424 nomen

230 3473 260 3523 3⁵
274 3450 387 3508 habere
411 3451 489 3508 dicta
513 3459 569 3521 est,
591 3451 706 3508 adiecta
725 3451 869 3524 particula
893 3468 953 3524 que
976 3459 1024 3508 est
1042 3449 1133 3519 Wen,
1158 3460 1247 3524 atque
1273 3454 1432 3526 euphonie

274 3555 364 3596 causa
387 3538 506 3612 pn'stini
531 3537 662 3596 nominis
685 3538 804 3596 duabus
814 3537 835 3570 ¹⁸
856 3537 962 3597 litteris
985 3537 1200 3608 transmutatis,
1224 3542 1432 3614 compositum
1503 3541 1504 3588 l

274 3625 408 3684 obtinere
421 3626 599 3683 vocabulum
618 3628 697 3699 quod
716 3623 904 3684 Wenesreda
921 3627 1036 3683 dicitur.
1110 3613 1223 3684 Fertur
1241 3626 1324 3684 enim
1346 3631 1432 3703 quod

273 3722 432 3788 postquam
445 3715 483 3770 de
496 3714 552 3770 hoc
565 3715 677 3771 mundo
690 3714 836 3786 migrauit,
850 3713 923 3771 nulli
936 3713 1058 3787 penitus
1076 3713 1233 3772 manifeste
1250 3717 1432 3790 apparuerit

273 3802 324 3874 qui
342 3802 415 3858 illud
423 3801 445 3833 ¹⁴
465 3802 625 3858 candidum
646 3801 765 3875 signum
788 3819 848 3858 non
869 3801 986 3859 viderit.
1024 3800 1121 3859 Locus
1139 3819 1212 3859 vero
1232 3803 1282 3859 vbi
1302 3808 1432 3879 sanguis

228 3889 351 3964 qoillius
373 3889 487 3949 effusus
508 3898 563 3958 est,
585 3907 645 3947 non
667 3890 757 3963 longe
779 3907 796 3946 a
817 3891 1000 3947 monasterio
1023 3889 1144 3946 nomine
1169 3888 1373 3963 Basingwerlr
1399 3893 1430 3948 in

274 3976 473 4046 Norwallia¹⁶,
485 3976 626 4051 primitus
639 3976 744 4035 ‘Sicca
757 3976 859 4034 uallis'
872 3977 1043 4047 dicebatur3
1063 3977 1118 4034 sed
1130 3985 1198 4051 post
1210 3977 1277 4035 eius
1294 3989 1430 4036 mortem

272 4083 368 4138 vsque
387 4067 418 4122 in
432 4065 611 4122 hodiernum
624 4063 705 4122 diem
719 4065 818 4122 ‘Fons
827 4064 849 4099 ¹⁸
861 4063 1062 4124 Wenefrcde'
1075 4064 1252 4138 appellatur.
1291 4065 1429 4140 Lapides

305 4170 361 4221 ¹13.
373 4173 511 4222 barchum.
555 4169 615 4222 'al
627 4172 781 4222 demersum.
826 4168 883 4222 Ἐ
896 4171 1001 4220 domini.
1046 4168 1102 4219 ‘E
1114 4169 1220 4220 Christi.
1269 4169 1328 4222 ¹E.
1340 4173 1427 4236 gratia

271 4244 323 4286 tue.
389 4236 451 4287 ⁸⁶1.
465 4238 563 4287 fenore.
629 4234 686 4288 ¹2.
698 4244 789 4287 aucto
800 4237 901 4299 spiritu.
962 4235 1017 4286 Ἐ
1030 4235 1282 4288 seculonrmsecula.
1345 4239 1427 4288 'om

271 4301 297 4348 in
310 4302 340 4350 T.
434 4301 453 4330 ²⁰
469 4303 558 4352 om.in
573 4301 601 4352 E
694 4301 712 4331 ¹¹
729 4303 758 4353 Τ.
772 4302 1146 4362 E.asserant,al.asseueraut
1236 4301 1256 4334 ¹’
1271 4303 1422 4354 Ebreuna

272 4363 291 4396 '⁸
307 4365 337 4414 T.
349 4365 457 4418 duobus.
523 4367 542 4396 ¹⁴
560 4367 589 4416 T.
601 4367 680 4418 illum.
746 4368 765 4398 ¹¹
782 4369 811 4418 E.
824 4369 952 4419 nowallia.
1020 4367 1041 4401 ¹⁸
1057 4367 1146 4420 Eius.
