3046 4902
72 330 136 381 us.
148 328 303 396 nuno-1
332 312 407 406 Dc
428 310 487 401 b.
506 310 723 399 marmot
744 326 838 416 ttae
858 318 898 398 et
917 318 1109 415 matuta
1156 319 1230 408 627

174 515 200 576 tl
218 515 269 570 Da
286 527 408 573 nonam
427 527 561 582 Quanau
580 527 658 572 cuca
676 528 712 572 ut
729 527 825 572 rusco
843 527 955 572 sancti
974 516 1133 572 Enuuum

554 611 760 656 rasurarum.

415 716 509 772 Odem
539 733 623 783 anno,
652 715 680 771 in
712 716 759 772 die
788 715 929 786 passionis
958 716 1048 772 sancti
1077 715 1232 785 Edmundi,

449 809 565 854 sanatur
584 799 706 870 quedam
725 799 819 869 puella
835 815 903 854 ceca
922 799 1036 854 nornine
1053 800 1185 870 Lyeueua
1202 799 1231 854 in

74 879 181 935 eadem
191 880 236 935 dei
246 889 274 936 et
284 883 373 938 sancti
384 884 469 938 domo
479 898 563 950 noua,
573 882 641 937 dum
651 882 720 936 hora
730 882 886 937 celebratur
898 881 1066 952 vespertina.
1090 881 1232 938 Amiserat

73 961 157 1017 enirn
177 963 291 1018 tormitu
309 965 409 1033 visum,
427 964 519 1034 magis
537 980 622 1036 quam
645 981 695 1034 per
715 981 837 1019 annum:
867 972 909 1018 set
928 963 1019 1019 fidens
1039 963 1067 1019 in
1089 965 1173 1020 deum
1195 983 1230 1020 ac

73 1043 224 1100 martirem
244 1047 434 1116 Edtnundum,
454 1065 517 1102 curn
539 1049 682 1118 parentela
702 1057 730 1102 et
750 1047 815 1102 ville
836 1063 885 1101 sue
904 1047 1043 1116 plebicula
1061 1057 1177 1102 venerat
1193 1049 1259 1109 ad5

74 1137 227 1193 sanctum
247 1129 349 1201 quam'
360 1131 482 1186 vidimus
499 1130 529 1185 in
546 1130 606 1185 solo
624 1129 780 1200 presbiterii
800 1128 976 1195 decubuisse,
989 1129 1056 1184 dum
1075 1131 1113 1184 ad
1132 1131 1231 1200 ‘Mag-

74 1208 191 1265 nificat’
206 1212 421 1281 procederemus
438 1231 502 1268 cum
519 1213 673 1268 thurribulo
692 1229 756 1268 cum
771 1211 930 1268 venerando
947 1211 1051 1267 abbate
1070 1213 1232 1269 Baldewino

75 1291 198 1348 sancto³
218 1305 377 1350 sanctorum
398 1295 605 1352 thurrificando.
643 1298 707 1352 Hec
728 1305 897 1390 pernoctans
919 1294 946 1349 in
967 1294 1090 1350 oratorio
1111 1295 1231 1351 merito⁴

76 1375 170 1432 sancti
183 1377 245 1432 visu
261 1388 382 1450 recepto,
399 1380 506 1435 sistitur
522 1379 550 1434 in
565 1378 690 1434 medium
705 1376 765 1449 [ad]
778 1379 864 1433 misse
879 1377 992 1433 maioris
1005 1378 1145 1446 officium3
1166 1388 1232 1450 post

76 1461 196 1514 verbum
210 1459 276 1516 inde
288 1462 393 1533 populo
404 1462 509 1517 lactum
523 1462 650 1516 redditur
661 1462 716 1516 deo
727 1460 900 1516 laudacionis
911 1469 1017 1516 votum.
1056 1461 1102 1518 Sic
1120 1461 1210 1517 deus'
1203 1479 1231 1517 m
1247 1473 1279 1512 ro

76 1542 186 1598 sanctis
197 1545 255 1598 suis
267 1544 448 1614 mirabilis,
426 1562 466 1601 src
479 1545 568 1600 sancti
580 1544 743 1600 mirabiles'
736 1561 764 1599 tn
777 1543 909 1615 operibus
921 1541 1004 1600 suist.

107 751 322 810 Hermannus¹.

86 1733 138 1787 DE
158 1743 292 1798 Quanam
310 1747 437 1791 cumea
455 1747 491 1790 IN
509 1746 605 1791 EESTO
623 1746 733 1790 sarton
755 1735 911 1788 IOHANNIS
930 1743 1080 1787 EAPTISTE
1098 1743 1233 1788 curtam.

928 1847 1042 1903 Uedam
1063 1847 1162 1902 mulier
1181 1864 1232 1902 no·

953 1931 1030 1986 mine
1044 1930 1232 2001 Bryghtyeua,

78 2027 115 2066 ex
127 2011 273 2068 cuiusdam
286 2013 432 2084 presbiteri
449 2013 559 2070 Odonis
574 2013 687 2084 lamilia,
701 2025 809 2085 septem
822 2024 849 2070 et
862 2033 896 2071 eo
910 2015 973 2086 plus
989 2011 1069 2068 annis
1090 2023 1233 2069 contracta

78 2095 122 2150 sic
134 2105 164 2150 vt
176 2096 266 2164 magis
273 2107 383 2168 reperet
389 2114 473 2168 quarn
484 2097 634 2165 incederet,
642 2097 761 2168 pedibus
769 2097 895 2152 clunibus
904 2095 915 2128 ⁸
923 2095 1078 2152 adiunctis:
1098 2094 1231 2151 instinctu
1247 2109 1278 2163 15

79 2177 179 2232 diuino
193 2179 357 2248 premonita,
369 2191 452 2250 rogat
463 2180 619 2252 predictum
632 2181 777 2236 dominum
789 2197 871 2235 suum
884 2179 1015 2236 Odonem
1028 2188 1058 2232 vt
1074 2178 1112 2234 ad
1128 2176 1232 2234 Christi
1312 2179 1318 2189 '

79 2260 225 2316 martirem
248 2263 430 2319 Edmundurn
445 2273 473 2318 et
491 2262 680 2318 consessorem
698 2263 868 2333 Botulphrnn
885 2262 981 2318 venire
999 2259 1086 2332 possit
1105 2277 1154 2331 per
1172 2260 1232 2316 eius

78 2343 221 2399 auxilitun.
258 2347 310 2406 Cui
323 2345 461 2416 presbiter
477 2344 594 2416 largitur
610 2345 766 2400 subsidium
782 2345 973 2416 equitacionis,
991 2344 1126 2398 famulum
1142 2343 1233 2398 eciam

81 2429 202 2498 prebens
217 2429 287 2484 tanti
303 2427 408 2485 itineris
423 2429 564 2485 comitem.
601 2429 663 2500 Que
676 2445 759 2499 super
770 2445 872 2500 equum
888 2427 981 2498 ligata,
995 2425 1072 2482 venit
1087 2427 1125 2481 ad
1137 2425 1233 2482 villam

81 2511 172 2565 sancti
189 2511 333 2566 Edmundi
347 2511 440 2568 Curris
451 2522 590 2580 vocatam,
604 2511 841 2582 descendensque,
858 2510 983 2582 pluribus
999 2508 1160 2564 videntibus
1176 2506 1230 2580 [se]
1248 2525 1283 2564 ao

81 2594 186 2664 recepit
200 2595 238 2650 ad
252 2595 408 2664 ecclesiam,
422 2612 519 2650 secum
535 2595 650 2650 trahens
667 2603 760 2664 partes
780 2594 905 2664 corporis
924 2593 1045 2648 vltimas.
1083 2593 1233 2648 Pernoctat

83 2675 110 2730 in
126 2677 246 2732 ecclesia
263 2677 365 2734 ieiunio
380 2694 486 2734 vacans
501 2687 529 2732 et
546 2675 704 2732 oracioni⁷:
729 2685 757 2732 et
776 2676 805 2732 in
822 2677 953 2740 crastino,
969 2675 1061 2747 priore
1077 2674 1130 2729 loci
1148 2674 1234 2730 misse

83 2759 245 2830 sollempnia
263 2762 429 2828 celebrante,
449 2760 590 2816 inuenitur
609 2759 665 2815 iam
683 2777 753 2815 sana
772 2760 867 2815 iacens
885 2761 922 2814 ad
942 2757 1115 2829 crepidinem
1131 2757 1233 2812 altaria

86 2843 204 2898 Miratur
222 2844 297 2912 prior
314 2855 342 2900 et
360 2844 510 2900 arbitratur
532 2843 561 2897 id
578 2852 691 2913 questus
710 2841 806 2912 gracia
827 2842 895 2907 fieri,
916 2851 943 2896 et
965 2840 1082 2895 mentite
1104 2839 1232 2896 sanitatis

83 2924 258 2982 umbratilem
279 2943 342 2982 esse
366 2924 567 2981 deuocionern:
599 2940 667 2980 voce
691 2924 856 2994 preconaria
879 2923 944 2979 lecit
967 2923 1118 2978 declamari
1137 2923 1160 2978 sl
1184 2922 1231 2993 qui
1247 2935 1277 2988 ²5

84 3007 213 3064 adessent
231 3008 291 3064 eius
312 3009 463 3078 agnitores.
501 3006 612 3064 Inuenti
634 3017 700 3062 sunt
720 3009 821 3078 plures,
840 3007 888 3079 qui
908 3014 1043 3062 testantur
1061 3022 1124 3060 eam
1143 3006 1232 3061 multo

83 3101 207 3162 tempore
228 3092 347 3148 iacuisse
371 3091 501 3148 clinicam
526 3108 611 3163 qnam
635 3107 733 3147 sanam
753 3099 847 3146 astare
871 3091 1031 3146 cernebant.
1068 3087 1156 3157 Igitur
1181 3104 1232 3157 pro

83 3185 161 3232 tanto
179 3175 314 3231 miraculo
331 3176 362 3231 fit
374 3175 551 3247 presentibus
563 3190 663 3240 senno,
676 3190 787 3232 necnon
799 3190 920 3246 ympnus
936 3171 1110 3232 laudacionis
1127 3170 1231 3226 decan·

83 3269 156 3314 tatur
168 3258 196 3313 in
209 3275 278 3314 voce
290 3257 479 3314 exultacionis.

116 1885 305 1942 Hermannus
323 1887 538 1944 archidiaconus
555 1889 677 1960 Arsasti
692 1889 820 1960 episcopi.

83 3447 107 3508 ἹῘ
126 3449 176 3502 DE
197 3457 457 3502 INOORRUPCIONE
479 3457 589 3501 sanct!
609 3446 775 3511 Ennunm,
794 3457 835 3499 ET
853 3457 896 3500 DE
917 3455 1055 3499 VLCIONE
1077 3454 1174 3498 FACTA
1196 3453 1232 3496 IN

152 3540 300 3585 nouauit
318 3539 503 3584 MONACHUM
522 3539 711 3583 PALPANTEM
732 3539 773 3583 ET
789 3539 955 3584 VIDENTEM
978 3538 1099 3583 CORPUS
1120 3537 1232 3581 sanem

153 3614 312 3667 Enuunm
331 3622 573 3667 INCORRUP‘I'UM.

119 3771 272 3844 [Sampson
279 3769 310 3843 ⁸.]
355 3730 427 3858 M
437 3732 498 3828 Ulti
507 3749 617 3868 mecum
626 3741 674 3825 aut
683 3731 759 3785 lama
768 3740 869 3867 ngrunt
879 3739 927 3785 aut
936 3730 1007 3864 iaEcile
1017 3729 1159 3864 quagdam
1166 3727 1232 3863 {eli-
1244 3754 1277 3804 30

83 3897 200 3955 celibem
209 3831 807 3968 actitantem,nomiridSsdidyaeritninilndcaddm
816 3823 1233 3963 daeiilitusliiiutnxdddedddAiigiffi

84 3998 144 4038 rum
154 3980 286 4053 prosapia
295 3983 402 4037 natales
412 3991 439 4038 et
451 3979 478 4035 in
489 3980 619 4035 domibus
628 3979 850 4050 patemisannos
857 3975 972 4048 [adhuc]
981 3984 1077 4045 ageret
1086 3974 1232 4045 puellares,

84 4063 195 4136 plurimi
213 4065 331 4135 nupcias
344 4065 405 4120 eius
422 4063 602 4135 appetebant,
616 4062 689 4118 inter
705 4077 775 4134 quos
788 4077 859 4116 vnus
877 4068 936 4114 erat
955 4067 1014 4113 tam
1026 4075 1130 4129 genere
1145 4075 1232 4130 quam

117 4213 181 4264 ¹Cl.
194 4213 253 4263 Tib.
266 4213 284 4264 l.
296 4215 337 4276 85.
454 4211 464 4242 ¹
481 4211 535 4263 MS
547 4227 629 4278 quem.
745 4211 755 4240 ⁸
773 4209 827 4260 MS
840 4216 932 4260 sanda.
1049 4207 1130 4258 *MS
1142 4208 1232 4259 meriti.

85 4281 95 4312 ⁸
113 4280 142 4329 ln
154 4279 211 4329 Tib.
224 4280 281 4328 bere
292 4279 391 4330 follows
401 4278 444 4329 the
457 4279 592 4343 beginning
607 4277 636 4327 of
648 4277 691 4330 the
702 4275 804 4327 misaele
815 4283 842 4325 at
853 4291 904 4332 sea,
915 4291 940 4340 p.
952 4272 1009 4338 631,
1022 4274 1066 4324 the
1076 4281 1134 4334 rest,
1145 4272 1232 4323 witto

84 4359 152 4396 more
163 4359 227 4404 rnrr
241 4361 262 4395 rs
275 4343 332 4396 lost.
414 4343 498 4394 ’ΜΞ
510 4343 624 4394 dinibus.
706 4339 788 4393 'MS
800 4343 925 4393 oracione.
1005 4338 1073 4390 ⁸C1'.
1086 4339 1137 4392 Tit.
1148 4338 1167 4390 l.
1176 4340 1232 4393 118.

84 4411 159 4462 ⁸T1a
171 4410 292 4475 Serapam
623 4484 695 4530 m
