3012 4898
368 327 443 422 Dt
468 324 612 417 &etun
636 325 725 420 Del
751 323 943 416 uolatu.
1161 348 1228 424 341

63 531 138 587 deo
163 527 341 596 effunderet,
366 538 475 603 petens
500 537 530 586 vt
558 537 712 601 acceptam
737 527 861 585 haberet
890 526 1067 584 seruitutem
1092 531 1234 583 suamet

63 618 206 674 fratrum
231 633 364 685 suorum,
384 625 415 674 et
440 616 563 673 nomina
584 631 689 673 eorum
712 615 743 672 in
765 614 841 671 libro
861 614 922 672 vite
943 614 1157 671 conscriberet.
1194 612 1233 670 Et

64 704 157 761 sacta
178 710 226 761 est
250 705 288 761 ad
310 721 380 762 eum
401 721 460 761 vox
486 703 525 760 de
550 703 622 770 celo,
643 702 765 760 dicens:
795 701 996 772 ‘Consortare,
1016 700 1068 772 fili,
1090 701 1231 774 quoniam

64 791 221 848 exaudita
238 801 284 848 est
300 791 472 863 deprecatio
489 800 557 848 tua:
579 799 608 848 et
625 791 747 846 nomina
764 789 892 846 filiorum
910 797 1039 860 tuorum,
1053 805 1107 862 pro
1124 788 1233 861 quibus

64 879 200 952 rogasti,
215 879 246 936 irr
266 879 338 936 celis
357 879 469 951 scripta
487 887 565 935 sunt.
603 876 666 935 Soli
685 877 767 934 enim
785 878 845 933 duo
864 878 903 935 de
920 893 1047 934 numero
1063 876 1183 932 illorum
1200 874 1231 930 in
1246 889 1261 942 5

64 975 160 1023 terra
182 965 286 1039 scripti
308 975 386 1036 sunt,
408 965 478 1038 quia
499 983 551 1022 cor
573 981 678 1022 eorum
702 982 721 1021 a
741 972 931 1022 terrenorum
953 981 1056 1022 amore
1078 980 1232 1036 nunquam

65 1053 223 1111 recessit!
261 1053 325 1110 Nec
350 1053 444 1110 multo
468 1062 537 1126 post
561 1053 621 1109 duo
645 1052 795 1122 conuersi,
820 1051 924 1108 relicto
948 1051 1063 1122 ordine,
1083 1051 1176 1109 vitam
1200 1050 1232 1107 in

66 1141 184 1198 seculo
199 1139 311 1198 misere
328 1140 478 1197 finierunt.
551 1128 636 1199 Cum
654 1147 754 1196 autem
775 1156 830 1212 per
844 1139 1110 1196 Nouum-castrum
1123 1138 1232 1196 transi-

65 1239 143 1285 tum
163 1227 285 1298 saceret,
298 1229 377 1285 inter
394 1229 538 1284 iuuenum
557 1227 675 1300 copiam
695 1227 849 1283 hominem
867 1225 948 1284 videt
967 1225 1093 1283 mirabili
1111 1225 1231 1282 curiosi·

65 1325 141 1373 tate
153 1315 210 1372 huc
224 1323 254 1373 et
266 1315 335 1372 illuc
347 1315 554 1385 discurrendo,
565 1315 683 1388 procaci
695 1314 777 1371 vultu
790 1313 927 1384 blandiri,
936 1323 965 1370 et
975 1313 1061 1387 quasi
1073 1313 1230 1386 negocium
1251 1327 1278 1364 ιο

67 1403 207 1460 arduum
231 1419 397 1476 suggerere
406 1401 422 1459 ¹.
472 1402 510 1458 Et
540 1401 737 1459 considerans
760 1401 807 1458 vir
831 1403 879 1459 dei
910 1419 970 1458 non
1001 1418 1070 1458 esse
1102 1401 1231 1458 hominis

67 1489 219 1557 officium,
232 1491 286 1546 scd
304 1489 416 1547 inimici
435 1488 605 1559 ludibrium,
618 1489 733 1562 potenti
749 1489 857 1546 virtute
873 1490 1037 1546 verborum
1056 1488 1185 1562 imperat
1199 1497 1232 1545 vt

67 1578 253 1634 societatem
266 1577 348 1634 illam
363 1577 536 1650 quantotius
553 1576 718 1649 relinquat;
738 1576 843 1634 ‘Heus
854 1585 895 1647 tu,
908 1575 1012 1650 inquit,
1025 1576 1231 1646 calamistrato,

68 1683 140 1721 non
156 1683 192 1722 es
204 1664 278 1722 viris
295 1665 353 1722 illis
370 1665 577 1722 necessarius:
597 1666 706 1722 recede
718 1664 869 1732 velociter,
882 1673 912 1720 et
928 1681 1056 1738 sequere
1069 1666 1135 1722 me!
1174 1664 1231 1734 Qui

69 1753 181 1810 statim
199 1753 332 1809 demisso
344 1752 426 1809 vultu
445 1751 561 1808 abbatis
572 1751 698 1824 vestigia
716 1769 773 1824 per
790 1752 885 1808 lutum
904 1751 1081 1824 platearum,
1092 1751 1175 1809 velut
1193 1753 1231 1808 ad
1248 1765 1277 1816 15

69 1840 190 1897 caudas
200 1856 345 1914 equorum
356 1839 471 1911 ligatus,
480 1839 596 1896 cunctis
607 1839 733 1895 mirabili
746 1849 869 1911 stupore
879 1838 1028 1911 perculsis
1041 1838 1231 1910 sequebatur.

72 1927 114 1984 ln
128 1925 304 1984 diuerticulo
321 1927 496 1983 semitarum
509 1935 595 1982 extra
607 1927 712 1982 vrbem
726 1925 800 1982 dixit
813 1925 841 1982 ei
853 1925 899 1982 vir
911 1925 978 1983 dei:
997 1925 1090 1996 ‘Quis
1102 1941 1136 1981 es
1148 1933 1190 1993 tu,
1202 1935 1232 1982 et

71 2015 151 2088 quid
173 2030 242 2070 cum
268 2012 437 2070 hominibus
461 2013 521 2070 illis
542 2015 725 2070 tractabasi'
763 2012 801 2069 Et
822 2013 891 2069 ille:
919 2012 1011 2083 ‘Quis
1032 2028 1109 2081 sum,
1128 2011 1232 2085 inquit,

71 2103 158 2159 bene
170 2101 258 2170 nosti,
271 2110 301 2158 et
313 2117 407 2174 opera
419 2118 487 2157 mea
499 2118 561 2156 non
573 2109 603 2158 te
617 2100 716 2159 latent
756 2099 866 2172 Nuptie
878 2117 947 2157 cum
960 2115 1071 2172 magna
1087 2116 1198 2173 pompa
1214 2116 1232 2156 a

72 2188 222 2246 diuitibus
237 2197 341 2262 parate
353 2187 384 2244 in
397 2187 463 2245 vico
476 2188 526 2244 illo
539 2188 747 2258 celebrantnr3
767 2203 945 2261 paraueram
957 2195 987 2244 et
1005 2205 1062 2260 ego
1081 2187 1231 2259 quomodo
1248 2203 1278 2238 ao

72 2293 212 2350 sponsus
223 2276 253 2332 in
266 2273 402 2332 conuiuio
416 2276 453 2332 ab
463 2276 572 2333 emulis
585 2275 649 2332 suis
661 2275 779 2333 occisus
791 2283 900 2344 rueret,
909 2283 939 2331 et
951 2273 1095 2348 indignati
1104 2273 1231 2332 conuiue

71 2365 107 2421 in
130 2363 277 2421 vltionem
299 2363 403 2436 sponsi
423 2362 610 2433 festinarent,
629 2372 658 2419 et
682 2362 727 2419 ira
747 2372 778 2421 ct
803 2362 947 2419 ebrietate
968 2361 1109 2432 excecati,
1129 2371 1232 2418 mutua

74 2452 155 2509 cede
177 2451 263 2507 multi
288 2450 440 2524 perirent;
470 2450 602 2508 futurum
621 2449 712 2507 etiam
731 2459 763 2507 vt
781 2451 855 2506 vrbs
879 2449 910 2505 in
932 2449 1113 2506 seditionem
1133 2465 1231 2517 versa,

71 2537 254 2596 intestinum
273 2538 385 2594 bellurn
404 2537 556 2608 conflaret,
582 2555 638 2610 per
655 2539 735 2611 quod
754 2536 916 2594 multorum
937 2537 1037 2593 anime
1062 2535 1141 2593 cesis
1166 2553 1231 2592 cor-

72 2626 203 2699 poribus
219 2625 250 2682 in
263 2634 377 2682 sortem
391 2634 527 2682 nostram
540 2625 726 2682 deuenirent.
765 2625 908 2682 Putabam
926 2640 976 2680 me
993 2623 1134 2697 gaudium
1151 2639 1229 2698 mag·
1246 2638 1276 2689 ²⁵

73 2729 152 2770 num
171 2714 209 2770 de
229 2712 338 2786 adepta
352 2711 476 2770 victoria
492 2713 635 2785 magistro
652 2729 720 2768 meo
737 2711 898 2768 nunciare:
918 2729 998 2768 nunc
1015 2710 1160 2785 dissipato
1177 2728 1233 2784 per

72 2811 106 2858 te
127 2799 251 2857 consilio
270 2817 338 2857 meo
349 2817 463 2858 vacuus
481 2801 582 2870 redeo,
596 2809 625 2858 et
643 2799 742 2856 inanis
760 2800 885 2856 recedo?
922 2798 976 2854 Vir
993 2807 1092 2855 autem
1109 2799 1232 2868 domini,

73 2888 222 2946 malitiam
240 2887 320 2944 illius
336 2905 492 2956 execrans,
504 2886 641 2960 precepit
658 2888 689 2943 in
709 2887 831 2943 nomine
848 2885 970 2957 domini,
982 2895 1014 2942 vt
1030 2885 1151 2942 deserta
1168 2885 1232 2941 loca

72 2984 196 3050 petens,
205 2975 329 3032 vlterius
342 2974 514 3031 hominibus
526 2975 652 3031 illudere
665 2991 726 3031 non
739 2981 935 3046 presumeret
972 2974 1022 3029 Ad
1036 2973 1113 3030 hanc
1124 2989 1230 3029 vocem

73 3061 256 3137 liquefactus
273 3061 413 3119 inimicus
429 3060 558 3131 euanuit,
571 3071 601 3118 et
618 3069 735 3118 tantum
753 3069 822 3134 post
838 3077 872 3118 se
889 3061 1044 3116 horrorem
1061 3058 1187 3132 reliquit,
1200 3068 1231 3116 vt
1245 3074 1277 3122 30

72 3150 156 3224 equi,
177 3149 304 3218 hinnitu,
324 3148 453 3219 fremitu,
473 3158 504 3205 et
524 3149 703 3222 ungularum
724 3147 856 3206 fossione
878 3147 1039 3216 seuientcS,
1058 3145 1109 3203 vix
1129 3163 1147 3202 a
1167 3163 1231 3203 ses·

73 3237 197 3296 soribus
210 3239 272 3294 suis
285 3245 423 3310 poterant
434 3236 575 3294 coerceri.
638 3225 783 3311 Quadam
792 3244 891 3292 autem
903 3243 989 3291 nocte
996 3232 1070 3291 vidit
1079 3233 1231 3289 diabolum

73 3341 167 3383 secus
177 3323 330 3380 introitum
340 3323 424 3382 chori
434 3323 608 3392 consistere,
616 3324 776 3394 volentem,
786 3322 841 3380 sed
854 3339 915 3378 non
925 3322 1086 3390 valentem,
1096 3320 1231 3378 introire.

75 3413 151 3472 Erat
170 3421 271 3470 autem
287 3411 373 3484 quasi
390 3411 519 3468 rusticus
532 3411 710 3480 succinctus
727 3411 817 3467 nudis
835 3419 866 3467 ct
884 3409 983 3484 longis
1000 3408 1088 3479 tibiis,
1105 3417 1231 3482 portans

74 3501 107 3558 in
116 3509 203 3573 tergo
214 3499 397 3572 sportellam,
406 3499 488 3572 ligno
497 3507 567 3556 ante
577 3507 683 3572 pectus
693 3497 813 3554 funibus
823 3497 990 3570 innex[am]
999 3497 1018 3554 ¹.
1039 3495 1078 3552 Et
1085 3497 1230 3570 producto
1244 3509 1275 3560 35

74 3587 162 3656 collo,
175 3595 272 3644 rotatu
290 3586 444 3644 oculorum
462 3587 542 3660 cepit
555 3585 680 3642 chorum
694 3584 828 3653 circuire,
841 3594 871 3642 et
888 3594 974 3642 acuto
987 3585 1094 3642 intuitu
1106 3594 1231 3642 cunctos

75 3673 279 3742 considerare,
298 3673 324 3730 si
349 3671 422 3747 quid
445 3671 500 3729 sibi
522 3672 681 3746 placitum⁸
699 3672 838 3730 inuenire
862 3675 1016 3745 potuisset
1053 3671 1125 3728 Viro
1149 3671 1231 3728 enim

75 3761 126 3820 dei
145 3761 306 3818 instantius
325 3769 438 3830 orante,
457 3769 486 3818 et
506 3760 614 3817 fratres
632 3777 650 3816 a
668 3770 789 3834 torpore
808 3759 966 3830 excitante,
984 3760 1056 3816 dum
1074 3758 1231 3831 improbus

76 3851 251 3924 explorator
268 3848 318 3906 diu
337 3848 448 3905 frustra
466 3857 632 3920 expectans
653 3847 726 3904 nihil
746 3848 915 3921 proficeret,
934 3863 1002 3904 cum
1024 3844 1230 3920 indignatione

76 3939 227 3996 recedens
239 3937 363 3994 chorum
377 3951 593 3993 conuersorum
603 3935 764 4009 diligenter
775 3935 924 3993 intuetur:
944 3934 971 3992 si
984 3951 1074 4008 quem
1087 3949 1229 4006 sompno·
1242 3947 1277 3998 40

76 4028 195 4086 lentum
206 4025 296 4094 videt,
310 4023 517 4080 cachinnando
530 4023 731 4097 contempnit;
750 4022 880 4096 siquem
892 4021 991 4079 noxiis
1003 4020 1230 4094 cogitationibus

75 4121 263 4186 occupatum,
288 4110 356 4168 huic
380 4119 442 4168 toto
466 4119 574 4168 conatu
598 4111 765 4185 tripudians
789 4111 952 4184 applaudit.
996 4108 1127 4166 Demum
1151 4107 1231 4165 inter

75 4201 207 4260 nouitios
227 4197 367 4258 iuuenem
389 4197 532 4272 repperit,
551 4200 642 4258 corde
663 4199 702 4257 ad
723 4197 825 4256 illicita
842 4205 968 4272 vagante
975 4196 996 4270 ⁴,
1014 4196 1079 4254 solo
1102 4212 1230 4270 corpore

108 4322 296 4384 warnere.
377 4319 432 4373 ¹T.
446 4321 476 4376 E.
489 4321 595 4372 innexo.
673 4321 729 4374 ¹E.
741 4322 769 4373 L.
781 4320 917 4386 placidum,
931 4319 958 4372 L
971 4336 1020 4372 orn.
1032 4320 1089 4372 sibi.
1169 4319 1229 4372 ‘'l'.

75 4401 204 4454 mgnum
222 4387 251 4438 E.
262 4393 408 4453 vagantem.
