3028 4894
285 305 358 400 386
596 303 728 390 filim
751 298 943 404 1,ωαὶῦᾶ
968 299 1121 404 stupha

283 501 500 564 cantuariensis
511 503 638 562 ecclesie
651 503 763 560 nostris
774 501 962 578 temporibus
977 503 1130 560 obfuscata
1142 513 1189 560 est
1201 502 1338 572 clariss
1350 505 1445 578 qnod·

284 591 356 650 libet
379 601 573 662 tormentum,
597 592 651 648 sed
675 601 706 650 et
732 591 815 650 mille
840 591 945 648 mortis
968 607 1090 664 genera,
1114 591 1140 648 si
1163 601 1208 647 tot
1231 605 1444 655 mmmm,

285 679 426 738 libentius
441 680 653 754 exciperemus
669 680 700 736 in
712 679 846 748 domino,
858 695 950 752 quam
967 681 1024 736 sub
1035 677 1296 736 dissimulatione¹
1309 681 1444 736 sustine
1495 711 1496 718 .

285 785 387 826 remus
405 767 463 826 hiis
475 767 581 824 diebus
597 767 676 825 mala
689 785 749 841 que
761 767 881 840 patitur.
918 765 1021 836 Porro,
1034 765 1244 824 aestuamur
1256 767 1384 824 curiose
1398 767 1443 822 vel

256 867 270 918 t
285 855 408 912 obtemu
421 871 498 912 vane
513 855 608 928 glorie
624 853 680 912 bec
697 854 866 924 inchoasse,
878 854 1001 928 expedit
1014 865 1045 910 vt
1060 855 1177 912 oculata
1192 853 1256 910 side
1270 865 1397 912 constet
1409 855 1445 909 de

284 941 392 1000 effectu
400 941 427 999 ¹.'
454 941 492 1000 Et
505 943 675 1016 producens
687 941 842 1014 scn'ptum,
851 941 881 998 in
894 959 954 1014 quo
967 941 1194 998 munnebanmr
1202 943 1446 1000 masremdmes

285 1029 334 1088 ille
352 1047 407 1104 pro
419 1029 528 1104 quibus
543 1029 694 1088 contentio
712 1029 789 1087 lacta
805 1040 861 1097 eat,
873 1047 942 1086 cum
959 1029 1109 1086 lachrimis
1125 1029 1237 1102 inquit:
1258 1030 1361 1088 ‘Eece
1372 1032 1445 1103 quid

286 1117 387 1176 statuit
404 1117 545 1176 dominus
562 1135 616 1176 rex
635 1117 745 1190 Anglie
763 1127 866 1174 contra
885 1117 1052 1176 libertatem
1072 1117 1216 1175 ecclesie!
1240 1117 1277 1174 Si
1296 1119 1359 1176 hec
1377 1120 1446 1174 lieet

286 1205 476 1264 dissimulare
493 1207 559 1264 sine
577 1205 737 1280 dispendio
754 1205 856 1262 anime
874 1221 952 1272 mee,
969 1223 1025 1262 vos
1044 1203 1195 1262 videritis!
1233 1205 1359 1274 Quibus
1378 1225 1444 1280 per·

242 1313 273 1350 ιο
287 1293 371 1352 lectis
391 1293 462 1352 moti
484 1303 555 1352 sunt
577 1311 685 1352 omnes
705 1309 802 1366 vsque
826 1293 864 1350 ad
889 1293 1057 1361 lachrimas,
1077 1309 1132 1350 nec
1157 1293 1198 1349 hii
1222 1293 1388 1350 continere
1413 1311 1445 1350 se

286 1391 423 1456 poterant
442 1381 493 1456 qui
512 1381 596 1454 prius
614 1399 671 1455 pro
683 1379 797 1438 viribus
814 1381 1069 1450 aduersabantur;
1088 1379 1240 1436 communi
1253 1398 1333 1438 voce
1351 1383 1444 1438 deum

286 1469 444 1527 laudantes
456 1471 528 1526 dum
541 1469 589 1526 vel
601 1485 694 1526 vnum
712 1468 770 1526 sibi
789 1467 956 1526 senmuerit
975 1467 1025 1540 qui
1044 1485 1100 1541 pro
1116 1467 1246 1526 ecclesia
1263 1487 1324 1524 sua
1342 1471 1378 1526 in
1397 1469 1445 1524 illa

287 1565 466 1630 tempestate
484 1573 576 1614 ausus
592 1555 681 1614 suerit
698 1573 738 1614 ex
754 1557 883 1614 aduerso
900 1557 1075 1614 ascendere.
1112 1555 1149 1612 Et
1167 1557 1348 1629 reprobauit
1366 1573 1444 1630 papa

287 1643 520 1702 consuetudines
536 1643 610 1712 illas,
622 1653 653 1702 et
666 1645 704 1702 ab
716 1643 852 1702 ecclesiis
867 1643 1053 1717 inposterum
1067 1643 1279 1716 &mpnandas
1296 1643 1445 1701 emanire

243 1751 274 1804 ις
291 1719 420 1790 Postera
437 1733 487 1790 die
506 1731 536 1788 iu
555 1731 709 1790 secretiori
728 1731 859 1789 thalamo
875 1749 975 1790 coram
989 1749 1069 1805 papa
1082 1731 1165 1788 affuit
1181 1731 1445 1806 archiepiscopus

287 1821 331 1879 sic
350 1819 508 1893 inquiens:
535 1818 658 1878 ‘Patres
677 1819 737 1878 mci
758 1829 789 1877 et
807 1819 930 1889 domini,
948 1837 1006 1892 ego
1024 1837 1150 1893 gemeus
1170 1819 1267 1877 fateor
1284 1823 1372 1893 quod
1392 1822 1445 1876 has

287 1907 444 1980 anglicane
460 1907 586 1964 ecclesie
603 1906 756 1964 molestias
775 1923 843 1964 mea
859 1906 946 1980 culpa
964 1907 1126 1964 suscitauit
1156 1907 1293 1964 Asoendi
1312 1908 1345 1964 in
1366 1909 1446 1964 ouile

288 1995 409 2065 Christi,
422 1995 476 2054 sed
489 2011 548 2052 non
562 2011 619 2068 per
630 1993 749 2062 ostium,
760 1994 842 2052 velut
854 2011 945 2068 quem
962 2012 1023 2052 non
1036 1993 1153 2052 uocauit
1169 1995 1317 2052 monnica
1334 1996 1444 2054 electio

288 2085 343 2140 aed
368 2093 466 2142 terror
489 2082 608 2156 publice
632 2081 788 2155 potestatis
811 2082 949 2152 intrusit;
977 2082 1045 2139 licet
1069 2083 1126 2139 hoc
1149 2099 1227 2140 onus
1252 2086 1444 2156 susceperim

242 2191 275 2230 ao
290 2171 409 2242 inuitus,
427 2179 529 2228 tamen
547 2171 585 2226 ad
605 2170 661 2227 hoc
679 2187 729 2228 me
748 2169 864 2228 induxit
886 2170 1025 2240 humana,
1043 2179 1074 2228 et
1092 2187 1152 2226 non
1172 2169 1275 2226 dimna
1294 2171 1445 2228 voluntas

291 2258 378 2318 Nunc
408 2267 509 2316 autem
540 2274 760 2331 recognoscens
790 2256 962 2330 ingressum
993 2274 1095 2314 meum
1120 2257 1220 2314 minus
1249 2257 1444 2324 catholicum,

289 2345 396 2404 videns
408 2345 499 2404 etiam
512 2345 594 2402 vires
612 2362 696 2404 meas
713 2344 798 2403 oneri
815 2345 948 2418 impares
959 2365 968 2414 ;
985 2361 1025 2403 ne
1041 2343 1124 2419 gregi
1141 2362 1268 2418 preesse
1280 2345 1393 2404 videar
1409 2347 1445 2404 ad

290 2433 408 2492 ruinam
433 2433 481 2492 cui
505 2434 592 2490 datus
616 2449 683 2490 sum
707 2431 952 2506 qualitercunque
976 2431 1008 2490 io
1034 2442 1196 2506 pastorem,
1214 2433 1246 2490 in
1268 2451 1364 2490 manu
1386 2447 1445 2500 ma,

290 2531 383 2596 pater,
405 2520 695 2594 archiepiscopatum
720 2519 958 2578 cantuariensem
984 2521 1120 2594 resigno!
1156 2519 1292 2594 Moxque
1316 2524 1444 2580 anulum

244 2627 276 2680 ss
292 2627 379 2668 suum
394 2611 432 2668 de
444 2609 537 2684 digito
550 2609 675 2666 trahens
689 2609 811 2682 rogabat
831 2607 958 2666 ecclesie
973 2609 1096 2682 dignum
1110 2617 1264 2682 pastorem
1277 2610 1444 2682 prouideri.

289 2697 516 2772 Compleusque
528 2696 694 2753 orationem
711 2695 742 2752 in
759 2695 920 2766 lachrimis,
932 2696 1087 2754 dominum
1100 2712 1209 2769 papam
1222 2705 1254 2752 et
1268 2714 1381 2755 onmes
1396 2698 1445 2772 qui

288 2787 414 2844 aderant
432 2783 506 2842 flere
524 2783 675 2858 compulit
713 2783 865 2844 Sedente‘
880 2801 952 2842 vero
966 2801 1104 2842 seorsum
1123 2801 1190 2841 cum
1209 2783 1274 2841 suis
1292 2785 1445 2862 archiepi-

290 2891 391 2946 scopo,
405 2873 484 2946 cepit
501 2888 580 2946 papa
598 2889 665 2928 cum
685 2871 886 2928 cardinalibus
903 2870 1048 2930 conferre.
1086 2870 1166 2928 Hinc
1186 2871 1257 2928 inde
1269 2873 1400 2930 diuersa
1418 2885 1445 2932 et

288 2961 370 3019 varia
380 2969 444 3018 orta
454 2968 500 3018 est
514 2959 670 3016 sententia
694 2958 881 3029 Quibusdam
891 2958 988 3016 visum
998 2969 1053 3028 est,
1063 2957 1351 3019 ablata⁸occasione
1361 2963 1444 3037 regis

243 3069 277 3120 30
289 3048 365 3106 iram
381 3045 479 3106 sedari
497 3063 589 3121 posse
606 3046 720 3104 facilius
735 3047 809 3104 dum
827 3046 858 3104 in
875 3045 931 3104 alia
949 3064 1079 3120 persona
1094 3047 1220 3104 ecclesie
1237 3050 1444 3107 cantuariensi

289 3135 504 3202 consuleretur,
524 3143 554 3193 et
577 3133 695 3191 Thome
720 3143 824 3208 posset
848 3133 920 3190 alias
945 3135 1163 3208 competentius
1186 3134 1352 3208 prouideri.
1392 3137 1443 3194 Hii

289 3223 438 3297 siquidem
451 3239 489 3280 ex
502 3220 651 3296 phariseis
663 3230 756 3278 erant.
791 3221 868 3280 Aliis
881 3231 980 3280 autem
990 3221 1087 3280 visum
1100 3231 1147 3280 est
1158 3223 1229 3296 quia
1240 3222 1267 3280 si
1281 3223 1375 3297 isqui
1388 3243 1444 3298 pro

289 3313 401 3372 tuenda
430 3309 556 3368 ecclesie
580 3310 715 3367 libertate
745 3327 866 3368 summo
891 3309 1075 3368 discrimini·
1099 3327 1160 3368 non
1185 3310 1286 3368 solum
1310 3313 1441 3381 diuitias,

289 3395 414 3470 gloriam
427 3404 457 3452 et
468 3393 653 3467 dignitatem,
665 3395 719 3452 sed
733 3403 764 3452 et
776 3395 867 3450 vitam
880 3393 1029 3467 exposuit,
1038 3396 1077 3452 ad
1090 3395 1171 3468 regis
1184 3395 1302 3454 libitum
1315 3399 1441 3457 deberet

244 3498 276 3550 ss
290 3501 347 3542 suo
365 3483 431 3542 iure
449 3483 578 3556 priuati:
597 3483 673 3540 sicut
691 3482 786 3540 forma
804 3483 890 3540 fieret
909 3483 975 3540 aliis
993 3483 1024 3540 in
1043 3483 1190 3542 consimili
1208 3501 1300 3541 causa
1319 3487 1442 3560 regibus

290 3571 451 3630 resistendi
469 3571 496 3628 si
515 3571 543 3630 ei
556 3570 672 3628 iusticia
684 3580 858 3629 seruaretur
869 3571 963 3642 illesa,
971 3571 1014 3629 sic
1031 3589 1068 3629 eo
1080 3573 1206 3630 cadente
1217 3574 1365 3630 caderent
1380 3575 1441 3632 vni·

290 3660 372 3719 uersi
394 3659 539 3732 episcopi,
559 3669 590 3716 vt
610 3659 709 3716 nullus
732 3659 838 3717 suturis
862 3661 1047 3732 temporibus
1066 3661 1190 3717 auderet
1210 3660 1335 3718 obuiare
1361 3663 1441 3736 prin·

293 3747 370 3821 cipis
387 3747 547 3806 voluntati:
568 3755 599 3805 et
616 3746 658 3804 sic
675 3747 824 3804 vacillaret
841 3755 937 3804 status
955 3747 1090 3818 ecclesie,
1107 3755 1137 3804 et
1154 3747 1269 3805 romani
1288 3750 1440 3820 pontificis

291 3844 425 3911 potestas
443 3835 606 3908 deperiret.
644 3835 792 3908 ‘Expedit
804 3835 894 3909 igitur
905 3844 937 3892 vt
954 3835 1067 3893 inuitus
1080 3836 1262 3903 restituatur,
1274 3844 1306 3892 et
1318 3837 1371 3909 qui
1386 3856 1440 3911 pru

245 3943 278 3992 40
293 3923 433 3982 omnibus
445 3922 567 3980 dimicat
580 3923 619 3980 ab
636 3923 776 3980 omnibus
788 3925 994 3980 succurratur!
1030 3922 1144 3980 Vocato
1156 3920 1245 3996 igitur
1257 3921 1387 3994 Thema,
1400 3925 1439 3982 ait

290 4028 386 4086 papa:
406 4009 512 4068 ‘Nunc
530 4011 662 4082 demum,
679 4011 780 4081 frater,
794 4009 882 4068 nobis
900 4011 993 4084 liquet
1011 4027 1101 4083 quem
1121 4009 1249 4066 habuisti
1267 4011 1368 4068 zelum
1387 4031 1440 4086 pro

290 4100 382 4157 domo
399 4097 522 4166 domini,
546 4099 586 4156 de
607 4107 658 4156 tuo
676 4099 814 4172 ingressu
834 4115 924 4171 quarn
945 4115 1052 4172 puram
1071 4096 1177 4155 seceris
1198 4097 1438 4158 consessionem:

287 4184 350 4244 iam
366 4202 472 4244 secure
485 4187 523 4244 de
536 4201 615 4243 nouo
631 4185 744 4260 poteris
757 4186 796 4243 de
808 4203 897 4244 manu
915 4195 1018 4244 nostra
1033 4185 1213 4259 pontificalis
1229 4185 1321 4242 officii
1338 4205 1437 4245 curam

324 4313 380 4362 ¹1².
394 4312 596 4362 dissimilatione.
695 4311 867 4363 'alaffectu
964 4312 1022 4363 ⁸13.
1034 4313 1140 4364 sensuit.
1241 4313 1437 4366 'leedente

290 4377 349 4426 ⁸a1.
362 4377 454 4426 oblata.
554 4378 609 4428 ⁸T.
623 4377 651 4428 E.
664 4379 819 4429 discrimine.
