3044 4894
418 312 493 405 De
517 305 681 400 sanctu
708 311 919 408 undum.
1220 321 1240 409 5
1291 291 1296 298 ’
1324 363 1327 372 ·

89 513 243 586 ‘Exurgat
262 514 339 570 deus
364 523 394 570 et
416 512 603 586 dissipentur
623 511 736 570 inimici
753 513 870 572 eius’¹:
900 512 956 569 Et²
976 531 1015 571 ex
1040 529 1099 586 quo
1118 529 1241 570 versum

89 600 176 656 illum
197 601 307 674 attigit:
336 601 427 658 ‘sicut
449 601 549 658 deficit
569 600 670 658 fumus
690 601 839 670 deficiant,
856 601 931 658 sicut
951 600 1015 657 fluit
1037 618 1106 657 cera
1126 618 1143 656 a
1167 599 1241 657 facie

89 687 187 760 ignis,'
201 697 261 745 tota
273 689 323 746 illa
335 689 486 746 horrenda
498 687 656 745 multitudo
671 705 739 744 curn
758 689 821 746 suis
840 688 1028 746 illusionibus
1040 688 1127 761 quasi
1141 687 1240 744 fumus

89 776 221 832 euanuit.
288 764 364 834 Erat
374 776 496 850 quidam
506 775 633 832 clericus
643 776 765 832 nomine
775 775 971 844 Bertelinus³,
980 775 1030 849 qui
1041 777 1097 833 sub
1106 776 1240 832 doctrina

89 862 170 920 beati
179 863 317 921 Guthlaci
326 863 436 921 diuinis
446 863 636 936 mancipatus
650 862 810 936 obsequiis,
820 865 879 921 deo
890 863 921 920 in
935 863 1140 937 spiritualibus
1153 879 1240 918 exer·
1254 883 1269 936 5

90 951 169 1008 citiis
187 951 339 1009 militabat.
376 952 491 1008 Videns
510 967 582 1024 ergo
601 949 726 1024 spiritus
743 951 876 1024 nequitie
889 953 969 1024 quod
981 951 1080 1008 virum
1097 950 1144 1007 dei
1159 950 1240 1006 nulla
1287 971 1290 978 ⁴

88 1047 196 1111 posset
208 1040 402 1112 temptatione
416 1040 600 1109 subuertere,
609 1039 639 1095 in
653 1038 712 1096 iam
726 1038 836 1096 dictum
844 1039 985 1097 clericum
998 1047 1112 1094 tantum
1125 1037 1240 1110 cupidi·

89 1125 169 1182 datis
188 1127 327 1184 ardorem
343 1125 474 1194 immisit,
487 1135 520 1183 vt
535 1125 690 1183 dominum
709 1143 744 1182 ac
763 1126 939 1199 magistrum
960 1143 1047 1182 suum
1066 1125 1146 1182 ferro
1159 1125 1240 1198 cogi-

89 1222 168 1270 taret
188 1223 340 1286 appetere,
358 1225 390 1271 vt
412 1213 567 1282 secretius,
586 1213 637 1270 illo
657 1213 846 1287 interempto,
865 1213 984 1270 labores
1004 1213 1084 1270 illius
1104 1213 1241 1270 introiret

88 1301 246 1374 ipsiusque
257 1301 470 1358 habitationem
481 1301 567 1375 quasi
580 1300 645 1358 iure
653 1301 840 1358 successorio
850 1301 1028 1374 possideret.
1057 1300 1129 1357 Pius
1138 1308 1239 1357 tamen
1257 1321 1287 1358 ro

89 1389 203 1446 Christi
217 1389 354 1459 famulus,
367 1389 509 1462 quicquid
522 1388 702 1446 moliebatur
715 1390 862 1446 aduersus
879 1406 949 1446 eum
968 1388 1118 1461 iniquitas,
1132 1387 1239 1460 spiritu

88 1486 195 1534 sancto
220 1477 373 1533 reuelante
399 1476 554 1549 cognouit:
582 1485 612 1532 et
634 1477 776 1533 clericum
802 1477 840 1532 ad
865 1493 899 1533 se
920 1493 1042 1546 vocans,
1061 1485 1239 1548 conceptum

87 1564 185 1622 animi
203 1564 250 1621 sui
272 1563 405 1622 seriatim
427 1563 586 1620 manifesta
603 1565 787 1621 reuelatione
803 1563 949 1637 depinxit,
968 1563 1087 1636 quando
1112 1565 1162 1620 et⁴
1179 1563 1239 1631 vbi,

87 1669 194 1724 quare,
214 1659 243 1708 et
263 1652 390 1725 qualiter
413 1651 528 1708 facinus
552 1651 625 1708 illud
647 1651 756 1724 exequi
776 1651 960 1709 decreuisset
982 1651 1139 1723 expressit.
1185 1650 1239 1708 Ille

87 1749 193 1797 autem
212 1740 436 1812 deprehensum
455 1757 489 1796 se
508 1739 652 1806 sentiens,
665 1739 831 1812 penitentia
850 1740 956 1796 ductus
975 1738 1103 1811 pedibus
1114 1737 1170 1794 viri
1190 1739 1238 1795 dei
1256 1754 1283 1804 ¹5

86 1827 244 1886 humiliter
262 1845 297 1884 se
315 1827 473 1900 prouoluit,
486 1826 608 1884 veniam
626 1826 720 1900 petiit,
734 1835 764 1885 et
782 1826 918 1883 obtinuit.
955 1825 1014 1896 Qui
1032 1834 1138 1898 postea
1151 1826 1238 1882 beato

87 1915 238 1973 Guthlaco
257 1914 356 1972 fidelis
367 1914 455 1971 valde
475 1914 537 1983 fuit,
550 1924 580 1971 et
601 1931 705 1972 secum
725 1932 821 1986 vsque
842 1915 879 1970 ad
902 1914 993 1970 finem
1012 1913 1073 1970 vite
1094 1930 1150 1970 sue
1170 1930 1239 1986 per·

87 2003 211 2070 mansit,
231 2011 260 2059 et
285 2019 355 2059 eum
380 2002 535 2075 sepulture
559 2003 679 2059 tradere
703 2002 819 2059 meruit.
894 1988 997 2058 Nocte
1018 2001 1147 2073 quadam
1169 2017 1238 2056 curn

86 2090 200 2162 vigiliis
212 2099 242 2146 et
254 2090 437 2147 orationibus
450 2089 588 2147 deuotius
601 2090 761 2158 insisteret,
774 2097 835 2146 tota
853 2087 950 2144 insula
963 2087 1104 2144 tremuit:
1124 2087 1239 2144 infinita

88 2181 255 2235 demonum
275 2178 441 2246 multitudo,
459 2179 624 2250 assumptis
644 2177 799 2234 brutorum
821 2176 994 2233 animalium
1012 2174 1124 2244 formis,
1139 2174 1237 2232 locum
1255 2197 1285 2233 20

87 2265 221 2334 intrauit,
229 2274 259 2322 et
270 2265 409 2322 intrando
419 2265 651 2338 circumquaque
661 2265 819 2322 concussit.
858 2263 1239 2336 Ingrediebanturdomum

88 2353 249 2410 innumere
266 2352 357 2410 facies
371 2352 543 2421 bestiarum,
559 2353 607 2408 leo
628 2353 759 2425 rugiens,
776 2361 879 2408 taurus
894 2351 1041 2424 mugiens,
1054 2368 1142 2406 vrsus
1158 2349 1239 2408 fren-

89 2443 178 2509 dens,
199 2458 274 2513 aper
298 2439 450 2512 gmniens,
471 2440 560 2512 lupus
580 2439 708 2510 vlulans,
729 2456 825 2512 equus
850 2438 998 2508 hinniens,
1021 2438 1099 2495 aries
1123 2439 1237 2507 balans,

89 2528 195 2586 asinus
208 2527 357 2598 rudiens⁵,
370 2528 493 2585 coluber
505 2527 637 2598 sibilans,
649 2528 882 2600 unumquodque
901 2526 1011 2582 animal
1030 2525 1113 2582 iuxta
1131 2535 1238 2582 nature

88 2633 147 2674 sue
160 2615 329 2672 facultatem
349 2614 490 2672 dentibus
502 2615 567 2671 siue
584 2616 712 2687 pedibus
730 2624 780 2672 aut
798 2615 939 2671 cornibus
952 2614 1049 2670 minas
1062 2623 1092 2670 et
1104 2614 1237 2671 terrores
1253 2635 1264 2672 a
1268 2637 1282 2686 5

89 2704 251 2760 intentans
300 2703 355 2758 Vir
379 2711 478 2760 autem
503 2701 551 2759 dei
579 2703 665 2775 signo
689 2703 786 2759 crucis
811 2719 844 2759 se
872 2701 1020 2770 muniens,
1045 2701 1138 2758 dixit:
1159 2701 1237 2758 ‘Cur

89 2809 151 2862 me,
169 2790 272 2864 inquit,
284 2799 424 2863 temptas,
443 2791 587 2846 sathana?
634 2789 779 2846 Dominus
805 2789 878 2846 rnihi
906 2789 1022 2846 adiutor
1046 2799 1100 2858 est,
1126 2797 1155 2845 et
1180 2806 1237 2860 ego

88 2879 256 2952 despiciam
277 2877 412 2936 inimicos
432 2895 516 2934 meos
525 2877 545 2934 ⁶.
582 2877 715 2935 Heccine
733 2886 780 2934 est
800 2877 961 2934 similitudo
983 2876 1128 2945 altissimi,
1147 2891 1237 2948 quam

88 2967 144 3026 tibi
163 2967 232 3024 olim
246 2983 392 3038 vsurpare
408 2972 500 3022 ausus
519 2981 554 3022 es
573 2965 604 3021 in
623 2965 738 3022 deliciis
757 2963 907 3038 paradisi?
944 2963 1003 3034 Qui
1021 2972 1091 3020 tunc
1111 2963 1236 3020 formam

87 3056 140 3114 dei
174 3064 205 3111 et
236 3053 459 3110 similitudinem
490 3053 520 3109 in
559 3052 699 3126 superbia
734 3054 939 3126 presumebas,
969 3067 1048 3108 nunc
1074 3051 1173 3107 viliter
1206 3061 1236 3108 et
1251 3073 1284 3124 30

87 3142 323 3215 dampnabiliter
340 3141 370 3196 in
390 3141 519 3213 effigiem
538 3141 694 3198 brutorum
715 3150 805 3213 atque
823 3139 1044 3196 immundorum
1064 3138 1235 3194 animalium

88 3242 120 3289 te
139 3229 356 3286 transformas?
394 3228 548 3301 Pauperes
571 3229 683 3286 Christi
708 3229 840 3300 dampno
866 3236 916 3284 tuo
937 3225 1145 3302 persequeris:
1166 3226 1236 3299 quia

88 3327 202 3392 quanto
225 3317 348 3390 grauius
370 3333 462 3389 supra
481 3318 603 3373 dorsum
629 3333 733 3372 eorum
757 3314 958 3384 fabricaueris,
978 3323 1060 3370 tanto
1082 3313 1236 3371 vberiores

87 3406 185 3480 glorie
206 3421 332 3461 coronas
357 3403 401 3461 eis
424 3404 454 3460 in
477 3414 559 3460 tuam
581 3404 744 3477 perniciem
765 3403 931 3459 fabricabis.
970 3402 1004 3458 In
1026 3418 1235 3474 quamcunque

87 3496 170 3552 enirn
189 3491 323 3566 speciem
342 3500 370 3547 te
387 3491 593 3562 transformas,
609 3499 709 3548 certus
731 3508 798 3547 snm
817 3490 887 3563 quia
906 3507 1004 3562 neque
1026 3505 1118 3559 mors,
1136 3506 1235 3561 neque
1249 3509 1281 3559 ³5

85 3581 215 3656 gladius,
236 3597 334 3652 neque
355 3578 423 3647 vita,
443 3596 542 3652 neque
564 3579 670 3652 angeli,
693 3595 791 3650 neque
813 3586 985 3651 potestates
1005 3594 1104 3648 neque
1126 3576 1235 3648 princi·

87 3679 185 3744 patus,
205 3684 305 3739 neque
326 3675 463 3723 creatura
482 3666 582 3738 aliqua
601 3665 710 3739 poterit
731 3683 781 3724 me
801 3682 943 3738 separare
966 3681 983 3720 a
1005 3664 1148 3720 charitate
1168 3663 1234 3721 dei?

88 3757 158 3814 Hiis
172 3755 266 3824 dictis,
279 3763 340 3810 tota
351 3754 402 3810 illa
413 3753 540 3810 fantasia
552 3754 706 3827 disparuit.
778 3741 833 3810 Ad
846 3753 942 3826 ipsius
954 3751 1035 3808 enim
1047 3751 1233 3809 vocationem

86 3843 266 3901 hirundines
278 3850 308 3899 et
324 3851 423 3898 cetere
441 3859 515 3899 aues
534 3841 657 3911 heremi,
670 3841 770 3914 pisces
788 3841 878 3898 etiam
897 3839 1004 3912 stagni,
1017 3847 1168 3912 gratanter
1186 3856 1234 3894 ac·

85 3939 252 4000 cesserunt,
277 3940 308 3987 et
337 3928 485 3986 siluestria
515 3929 629 3985 heremi
659 3937 882 3986 mansuescunt.
920 3927 954 3984 ln
979 3929 1077 4000 primo
1103 3927 1233 3982 aduentu
1249 3941 1282 3990 40

84 4019 289 4087 hirundinum,
302 4017 387 4090 quasi
400 4017 554 4090 prehabita
567 4017 675 4073 blanda
688 4017 863 4073 salutatione
880 4016 918 4072 ab
934 4015 988 4082 eis,
1000 4023 1083 4072 certa
1101 4012 1233 4070 nidifica-

85 4108 175 4165 tionis
197 4107 263 4164 loca
289 4105 414 4178 singulis
434 4103 604 4175 assignauit.
650 4103 705 4160 Ille
722 4121 795 4161 vero
814 4104 878 4161 eius
899 4103 1029 4175 scapulis
1050 4100 1234 4158 familiariter

86 4195 262 4261 insidentes
275 4193 404 4265 quodam
417 4191 623 4265 gratulationis
637 4192 784 4264 applausu
796 4191 851 4248 viri
867 4187 1146 4248 mansuetudinem⁷
1159 4188 1234 4244 fate·

118 4307 187 4358 ¹Ps.
201 4307 280 4357 lxviii
297 4321 319 4358 r.
407 4303 491 4355 'eius
503 4305 536 4354 Et
548 4321 597 4355 om.
609 4304 635 4354 in
647 4305 677 4356 T.
765 4304 821 4355 ⁸T.
834 4303 987 4354 beccelinus.
1076 4302 1130 4352 ⁴T.
1144 4303 1232 4353 eciam.

85 4375 248 4426 'mudena
347 4369 416 4424 ‘l’s
428 4372 511 4422 cxviii.
524 4387 546 4434 7.
647 4369 914 4424 'Emausuedinem
