3028 4894
253 299 325 390 448
562 291 693 381 ΒΜ
718 287 910 394 lapaut
934 289 1086 396 staffili.

252 494 375 552 castella
394 493 550 552 sedulitate
568 501 598 550 et
620 493 732 552 Christi
752 511 854 552 amore
878 494 996 552 illectus
1015 495 1209 568 predicando,
1232 497 1348 555 multos
1368 499 1406 554 ad

252 582 434 656 agnitionem
452 581 585 639 veritatis
604 583 737 651 adduxit,
756 581 901 640 ecclesias
919 584 1092 652 construxit,
1112 584 1170 640 deo
1192 582 1406 642 iammantium

251 671 372 744 agmina
388 669 573 728 coadunauit.
610 669 777 743 Susceptus
790 679 836 727 est
849 679 1062 743 autemarege
1077 669 1240 728 Rathbodo
1254 673 1406 746 benigne;
1508 718 1510 725 .

252 757 387 830 nequiuit
402 765 503 814 tamen
520 774 590 814 eum
606 774 624 813 a
638 756 753 814 cultura
766 757 924 830 ydolorum
936 767 1122 826 conuertere,
1135 757 1203 816 licet
1215 757 1249 816 in
1262 761 1406 817 comitatu

223 845 317 914 seius
341 853 423 902 esset
445 845 628 902 venerabilis
651 843 831 902 Wbmnnus
855 844 1036 902 senonensis
1060 845 1232 918 episeopus,
1260 847 1316 920 qui
1340 849 1408 905 illuc

252 942 375 990 venerat
395 942 426 991 vt
446 932 562 1005 aliquas
581 931 737 1006 gentilium
759 931 875 990 animas
899 933 956 989 deo
983 933 1159 1005 acquireret.
1198 933 1407 1002 Quamobrem

251 1016 357 1075 beatum
370 1017 591 1074 Willebrordus
603 1017 641 1074 ad
654 1015 858 1074 ferocissimos
868 1015 1023 1072 Danorum
1035 1016 1163 1090 populos
1175 1015 1234 1074 iter
1247 1021 1407 1090 conuertit,
1506 1012 1512 1040 ⁵

252 1105 300 1162 vbi
322 1105 465 1178 regnabat
486 1103 606 1177 quidam
628 1105 749 1162 nornine
771 1104 948 1176 Ongendus,
967 1102 1027 1177 qui,
1045 1103 1113 1160 licet
1132 1105 1216 1160 omni
1238 1105 1306 1164 iera
1326 1117 1408 1166 esset
1506 1102 1511 1157 ἑ

251 1193 400 1250 crudelior
423 1203 453 1250 et
477 1201 556 1250 totus
581 1191 727 1266 ydolatrie
752 1190 880 1260 deditus,
903 1199 1005 1249 tamen
1035 1192 1200 1251 honorilice
1223 1193 1328 1251 vinum
1360 1197 1408 1254 dei

208 1299 238 1336 ιο
252 1279 384 1354 suscepit
404 1287 435 1336 et
454 1279 584 1353 benigne
604 1279 750 1337 tractauit.
786 1278 880 1336 Cuius
899 1279 992 1336 animi
1012 1279 1252 1337 incredulitatem
1273 1281 1341 1339 vir¹
1360 1283 1407 1340 dei
1505 1304 1509 1324 ¹

251 1369 469 1425 considerans:
489 1367 621 1441 acceptis
633 1367 755 1440 triginta
767 1365 903 1424 eiusdem
917 1367 1013 1440 patrie
1030 1367 1142 1440 pueris,
1154 1385 1232 1441 quos
1250 1369 1282 1426 in
1298 1371 1407 1430 itinere

251 1455 418 1528 baptizauit,
432 1454 530 1512 redire
542 1455 693 1512 festinauit
705 1456 743 1512 ad
758 1454 922 1512 Franciam.
948 1454 1067 1511 Etcum
1080 1463 1261 1529 tempestate
1275 1461 1407 1530 quadam

251 1543 365 1615 ingenti
384 1543 509 1600 iactatus
522 1551 603 1600 esset
616 1543 647 1600 in
659 1543 811 1616 quandam
823 1543 953 1600 insulam
966 1543 1085 1600 cuidam
1098 1545 1225 1600 deorum
1244 1563 1408 1604 eonsecra-

250 1637 320 1698 tam,
334 1647 392 1703 que
405 1629 435 1687 iu
449 1639 532 1688 tanta
542 1633 736 1689 veneratione
748 1631 785 1688 ab
798 1630 904 1688 incolis
921 1631 1087 1688 habebatur
1098 1641 1129 1688 vt
1146 1631 1188 1688 nil
1205 1632 1236 1689 in
1254 1651 1294 1690 ea
1312 1636 1408 1707 [vel]¹

208 1735 216 1770 ι
222 1735 236 1786 5
250 1717 423 1776 animalium
445 1717 485 1775 ibi
507 1719 695 1792 pascentium
714 1719 763 1776 vel
785 1719 908 1776 aliarum
932 1736 1035 1776 rerum
1059 1718 1217 1792 quisquam
1244 1723 1406 1794 gentilium

250 1815 375 1879 tangere
387 1807 520 1876 auderet,
534 1823 590 1862 nec
603 1807 692 1864 etiam
705 1807 743 1864 de
756 1805 837 1863 sonte
850 1806 909 1864 illic
928 1817 1085 1864 manante:
1106 1808 1216 1866 mansit
1234 1809 1278 1866 ibi
1291 1811 1340 1868 vir
1358 1813 1406 1870 dei
1503 1844 1510 1863 .

250 1911 305 1968 per
318 1894 428 1967 aliquot
440 1893 515 1964 dies,
528 1895 624 1950 donec
641 1903 822 1968 oportunum
840 1903 960 1967 tempus
979 1894 1140 1967 nauigandi
1156 1897 1329 1955 adueniret.
1370 1900 1406 1956 Et

250 1983 475 2056 paruipendens
499 1982 666 2039 accolarum
691 1982 816 2040 stultum
847 1999 982 2040 errorem
1013 1981 1154 2056 regisque
1178 1983 1406 2046 ferocissimum

250 2069 392 2141 animum,
404 2069 455 2143 qui
467 2069 626 2127 violatores
639 2086 793 2128 sacrorum
805 2069 885 2126 illius
901 2069 1088 2128 atrocissima
1105 2072 1275 2144 dampnare
1287 2075 1405 2132 solebat
1511 2109 1512 2120 ³

205 2182 238 2219 ao
250 2167 357 2228 morte,
370 2168 434 2216 tres
447 2159 528 2215 viros
541 2157 571 2214 in
584 2157 706 2215 nomine
721 2167 824 2214 sancte
841 2157 981 2214 trinitatls
999 2158 1030 2214 in
1048 2157 1130 2216 sonte
1148 2159 1218 2215 illo’
1230 2161 1405 2234 baptizauit,
1509 2224 1512 2234 ,

250 2247 390 2305 animalia
414 2246 445 2303 in
467 2247 524 2304 ea⁴
542 2245 697 2319 pascentia
720 2245 751 2301 in
775 2245 885 2302 cibaria
904 2262 1027 2302 suorum
1050 2247 1172 2303 mactari
1197 2246 1276 2305 lecit.
1313 2249 1404 2320 Quod

249 2335 387 2394 videntes
399 2336 518 2408 pagani,
531 2334 752 2391 arbitrabantur
761 2351 815 2390 eos
823 2333 870 2390 vel
884 2333 915 2390 in
928 2333 1059 2390 furorem
1071 2333 1137 2392 sine
1145 2351 1230 2392 mora
1241 2340 1404 2396 mutandos

250 2424 298 2481 vel
320 2423 419 2481 subita
439 2433 535 2479 morte
554 2421 712 2497 perituros.
750 2421 812 2478 Sed
831 2438 900 2478 cum
919 2421 961 2477 nil
980 2421 1050 2478 mali
1073 2431 1235 2480 cernerent
1254 2442 1311 2482 eos
1332 2428 1404 2498 pati,
1512 2483 1513 2498 ,

250 2519 372 2584 stupore
391 2510 505 2568 attoniti
525 2509 683 2567 Rathbodo
701 2508 766 2582 regi
784 2510 864 2581 quod
883 2507 993 2566 sactum
1013 2507 1108 2566 luerat
1128 2511 1306 2568 retulerunt
1343 2515 1404 2585 Qui

206 2620 235 2668 ²5
249 2597 341 2656 nimio
360 2597 460 2656 lurore
478 2614 651 2667 succensus,
665 2597 695 2652 in
715 2597 901 2653 sacerdotem
919 2595 977 2664 del,
990 2596 1115 2653 deorum
1135 2614 1259 2654 suorum
1278 2599 1403 2661 iniurias

249 2684 352 2742 vlcisci
364 2685 519 2758 cogitabat.
556 2683 686 2742 Vocatus
698 2692 799 2740 autem
812 2683 857 2740 vir
875 2693 998 2742 sanctus
1016 2685 1054 2740 ad
1073 2701 1185 2757 regem,
1198 2685 1403 2761 interrogabis

248 2781 295 2830 est
321 2790 374 2828 cur
397 2789 482 2830 sacra
506 2789 562 2829 sua
583 2773 732 2831 violasset.
769 2771 824 2829 Cui
850 2773 900 2829 ille
925 2771 1073 2829 constanti
1097 2771 1199 2829 animo
1223 2778 1403 2848 respondit:
1512 2819 1513 2858 3

249 2861 336 2918 ‘Non
361 2869 408 2917 est
431 2862 506 2918 deus
530 2877 621 2933 quern
644 2860 726 2928 colis,
748 2861 802 2916 sed
827 2859 981 2933 dyabolus,
1003 2859 1054 2932 qui
1078 2868 1107 2916 te
1133 2860 1268 2933 pessimo
1298 2881 1404 2924 errore

249 2947 376 3018 seduxit,
390 2965 408 3004 o
421 2966 483 3005 rex.
521 2946 588 3004 Non
602 2957 649 3004 est
662 2948 737 3004 deus
750 2947 807 3004 nisi
821 2965 906 3018 vnus,
920 2946 971 3020 qui
985 2947 1098 3004 creauit
1115 2947 1214 3005 celum
1232 2959 1263 3006 et
1279 2961 1404 3021 terram,
1512 2969 1513 2984 ¹

204 3057 236 3106 30
249 3053 331 3094 mare
339 3035 359 3108 ⁸,
372 3046 401 3092 et
419 3035 591 3108 omniaque
604 3035 635 3091 in
648 3035 693 3092 eis
706 3044 785 3092 sunt.
823 3035 912 3092 Hunc
926 3035 1097 3108 quicunque
1109 3051 1181 3093 vera
1193 3037 1254 3094 lide
1266 3039 1404 3108 coluerit,

249 3125 340 3182 vitam
357 3123 573 3196 sempiternam
593 3122 721 3180 habebit,
758 3122 858 3180 Huius
876 3141 933 3194 ego
946 3139 1054 3180 seruus
1073 3123 1163 3180 hodie
1182 3124 1236 3181 tibi
1256 3127 1404 3185 testificor

249 3221 280 3268 vt
309 3213 347 3269 ab
376 3209 489 3283 antiqui
515 3211 626 3267 erroris
650 3209 781 3267 vanitate
810 3211 931 3267 tandem
961 3210 1123 3283 resipiscas
1150 3221 1180 3268 et
1210 3214 1342 3272 credens
1371 3216 1402 3272 in

249 3302 349 3373 ipsum
374 3301 464 3355 deum
489 3297 724 3370 omnipotentem
749 3296 919 3370 baptizeris,
940 3306 970 3354 et
995 3299 1112 3355 abiecta
1134 3299 1218 3355 omni
1244 3299 1402 3374 iniquitate

249 3386 365 3444 seruias
389 3386 418 3442 ei
443 3385 561 3442 sincero
585 3387 685 3456 corde,
709 3393 742 3441 vt
762 3385 855 3442 vitam
875 3394 1010 3443 eternam
1035 3385 1134 3458 possis
1158 3388 1404 3460 apprehendere.

204 3497 235 3546 35
249 3473 364 3544 Quodsi
378 3491 427 3530 me
439 3473 665 3545 contempseris,
679 3471 753 3530 scito
770 3490 826 3546 pro
842 3483 923 3530 certo
939 3473 1009 3546 quia
1020 3491 1115 3546 penas
1127 3484 1277 3547 perpetue
1295 3478 1404 3534 mortis

248 3578 316 3619 cum
335 3561 453 3618 diabolo
472 3560 651 3618 sustinebis!
687 3561 737 3617 Ad
753 3560 809 3617 hec
825 3578 881 3618 rex
900 3561 1025 3618 miratus
1044 3563 1215 3634 respondit:
1236 3563 1354 3621 ‘Video
1372 3575 1404 3623 te

249 3649 346 3707 minas
359 3657 478 3705 nostras
491 3665 551 3704 non
565 3647 681 3718 timere,
695 3658 724 3704 et
736 3650 829 3705 verba
841 3657 892 3704 tua
904 3665 973 3706 csse
986 3647 1063 3705 sicut
1075 3658 1105 3705 et
1117 3653 1226 3722 opera!
1251 3649 1403 3725 Verump-

248 3747 349 3795 tamen
367 3735 506 3810 quamuis
524 3735 604 3792 idem
623 3753 679 3793 rex
697 3736 790 3792 nollet
808 3735 1001 3809 acquiescere
1021 3753 1095 3794 sane
1113 3737 1249 3794 doctrine
1267 3741 1326 3795 viri
1343 3743 1402 3812 dei,

248 3835 347 3882 tamen
358 3841 426 3881 cum
441 3823 553 3880 honore
563 3840 672 3894 magno
680 3823 797 3880 remisit
808 3841 876 3880 eum
885 3826 924 3881 ad
935 3823 1076 3897 Pipinum
1086 3825 1194 3882 ducem
1206 3824 1403 3886 Francorum.

202 3939 235 3988 40
250 3912 397 3970 Defuncto
422 3911 542 3968 tandem
569 3909 684 3983 Pipino,
710 3910 835 3968 Carolus
866 3911 1035 3968 filiuseius
1059 3913 1235 3982 succedens,
1262 3912 1403 3982 Frisium,

248 4000 366 4058 deuicto
399 3997 566 4069 Rathbodo,
589 3997 645 4054 sibi
670 3999 860 4072 subiugauit:
891 4016 952 4072 qua
975 4000 1007 4056 in
1031 4009 1122 4072 gente
1146 4008 1269 4056 sanctus
1292 4000 1403 4060 Wille·

249 4089 377 4144 brordus
395 4085 564 4160 predicator
585 4085 701 4158 positus
723 4094 778 4152 est,
798 4098 829 4144 et
850 4085 882 4142 in
903 4087 1026 4144 castello
1046 4085 1218 4144 traiectensi
1237 4090 1402 4164 episcopus

249 4177 412 4250 delegatur.
449 4171 507 4245 Qui
525 4173 629 4230 maiori
647 4173 873 4247 euangelizandi
887 4173 1024 4232 facultate
1041 4183 1171 4248 accepta,
1184 4192 1285 4249 nuper
1301 4178 1401 4252 gladio

305 4367 428 4418 lliniri.
495 4367 654 4420 'omina
720 4367 838 4422 ¹E.illa.
904 4367 1158 4420 ‘Maiaeaterra
1224 4368 1353 4425 'alm

1509 3625 1512 3708 l

1508 3747 1512 3894 ⁴

1506 4071 1512 4294 i

1509 4335 1512 4503 i
