3036 4878
278 316 351 405 646
705 305 907 413 appennis
934 308 986 387 ΙΙ.

277 513 479 570 meliorandum
497 509 699 583 repromittunt
737 512 781 566 Ex
799 510 941 581 insperato
959 509 1043 580 igitur
1060 509 1161 566 eadem
1176 519 1259 566 nocte
1276 508 1428 574 conualuit,

277 607 305 654 et
330 597 377 668 qui
402 595 515 666 gemina
539 603 671 664 grauatus
696 593 857 650 infirmitate
881 595 918 649 ad
943 603 1071 649 sanctum
1096 601 1210 649 venerat
1230 595 1427 657 Edmundum,

277 681 414 751 integram
427 679 568 752 professus
581 688 624 734 est
637 679 665 734 in
678 677 801 734 crastino
813 693 843 734 se
855 677 994 750 recepisse
1007 677 1166 732 sanitatem

340 875 390 930 DE
408 883 634 930 CONUERSIONE
652 883 816 928 CUIUSDAM
835 882 962 937 tt1L1‘t‘tS,
982 883 1038 937 QUI
1058 883 1101 926 DE
1119 883 1238 926 SALUTE
1256 883 1364 925 sittim

725 967 981 1011 Dusrssttsuuttt'r.

558 1077 585 1130 D
605 1077 716 1132 laudem
735 1075 781 1131 dei
799 1075 876 1132 alind
895 1075 1044 1130 innectitur
1062 1075 1227 1132 miraculum
1248 1076 1285 1131 de
1304 1076 1432 1147 quodam

593 1160 681 1216 milite
690 1159 737 1230 qui
746 1157 841 1214 multis
849 1169 908 1214 eret
916 1157 997 1214 terris
1005 1159 1434 1230 terrarumquepossessionibus

280 1244 402 1314 locuples
425 1255 454 1300 et
479 1245 550 1301 sicut
576 1243 605 1298 in
627 1243 750 1298 extemis
773 1243 855 1310 longe
879 1241 1030 1312 prouinciis
1054 1241 1095 1296 sic
1119 1243 1196 1312 apud
1217 1242 1328 1312 Anglos
1350 1244 1434 1298 diues

280 1343 425 1397 possessor
444 1327 613 1394 orientales,
625 1335 668 1380 set
680 1335 721 1379 tot
735 1324 897 1380 criminibus
913 1334 942 1379 et
957 1323 1148 1379 illecebrarum
1167 1325 1311 1395 voluptate
1330 1341 1434 1380 carna·

280 1409 348 1464 lium
366 1410 516 1480 depressus
536 1419 603 1476 erat,
623 1407 774 1480 quodiam
797 1407 834 1461 de
855 1406 1037 1463 conuersione
1058 1406 1265 1477 desperauerat.
1312 1409 1436 1479 lamque

252 1159 266 1210 5
317 1119 456 1174 Ostertus.

280 1493 352 1548 adeo
373 1493 497 1563 pessima
519 1493 655 1564 peccarim
678 1491 832 1546 incaluerat
853 1489 1035 1558 consuetodo,
1054 1499 1084 1546 vt
1103 1489 1170 1546 nulli
1190 1507 1239 1562 pre
1261 1493 1437 1547 verecundia

238 1592 268 1628 to
280 1585 398 1646 peccata
409 1593 461 1631 sua
474 1577 614 1646 detegere,
628 1573 788 1646 neminique
804 1574 965 1629 confitendo
982 1575 1096 1630 auderet
1113 1589 1148 1629 ea
1163 1575 1317 1631 denudare.
1355 1575 1436 1631 Tan·

281 1659 347 1714 dem
365 1659 395 1714 in
413 1676 442 1714 se
461 1675 598 1732 reuersus,
611 1659 755 1730 oculisque
772 1657 964 1713 misericordie
982 1657 1028 1712 dei
1046 1667 1205 1728 respectus:
1224 1659 1318 1728 ‘Heu
1332 1659 1437 1730 inquit,

281 1758 365 1814 quam
378 1744 483 1799 multos
496 1753 609 1799 sanctus
621 1743 667 1798 dei
685 1741 783 1796 martir
799 1741 967 1796 Edmundus
982 1751 1063 1796 senat
1082 1741 1112 1796 in
1127 1755 1253 1812 corpore,
1267 1743 1315 1813 qui
1328 1744 1437 1799 cotidie

282 1826 411 1882 videntur
423 1827 459 1882 de
472 1825 564 1883 carnis
576 1825 635 1880 vita
646 1825 798 1896 desperare
809 1829 816 1878 l
844 1825 881 1879 Et
893 1825 1071 1895 quantoplus
1080 1833 1122 1880 est
1131 1825 1254 1880 enimam
1263 1827 1439 1884 resuscitare

282 1927 300 1964 a
312 1910 442 1980 peccatis,
454 1927 539 1982 quam
552 1909 639 1964 vitam
652 1908 785 1963 membris
798 1907 915 1963 reddere
928 1907 1053 1976 mortuis,
1071 1917 1151 1962 tanto
1168 1908 1257 1962 maior
1269 1921 1436 1966 sanctorum

240 2008 269 2062 ¹⁵
284 1991 472 2063 predicabitur
482 1991 581 2062 gloria,
590 1991 613 2046 si
627 2001 766 2045 mortuam
780 1991 809 2044 in
821 1989 984 2045 criminibus
996 1989 1120 2045 animam
1132 1991 1297 2047 retraxerint
1310 2010 1328 2048 a
1341 1995 1438 2064 culpa.

284 2078 348 2146 Ego
370 2076 463 2147 itaque
484 2075 530 2146 qui
553 2073 676 2145 peccatis
698 2073 769 2128 meis
791 2073 966 2142 exigentibus
985 2073 1114 2142 grauiore
1134 2075 1231 2130 mortis
1254 2091 1357 2146 urgeor
1376 2079 1438 2132 dis-

283 2160 398 2214 crimine
414 2175 498 2230 quam
515 2159 585 2214 elter
600 2155 733 2229 quilibet¹
753 2170 870 2228 corpore
885 2167 1019 2224 mortuus,
1032 2159 1069 2212 sd
1082 2167 1211 2212 sanctum
1224 2158 1269 2214 dei
1288 2160 1439 2215 martirem

285 2244 467 2298 Edmundum
481 2259 538 2296 non
551 2241 671 2296 tardabo
684 2255 851 2311 percurrere,
864 2249 893 2294 et
906 2241 943 2295 ab
956 2239 1003 2294 illo
1021 2240 1146 2296 remedia
1157 2241 1249 2296 anime
1262 2259 1326 2298 mee
1339 2253 1440 2313 postu·

284 2327 349 2382 lare.
387 2327 466 2382 Sicut
478 2327 553 2382 enim
565 2325 681 2380 claudos
694 2333 775 2378 sanat
788 2333 816 2378 et
828 2339 911 2378 cecos
923 2323 1059 2378 illuminat
1077 2333 1104 2380 et
1119 2325 1289 2380 demonibus
1305 2326 1440 2396 imperat,

242 2427 272 2465 ro
285 2409 326 2465 sic
336 2427 400 2464 meo
412 2419 571 2465 succurrere
584 2417 675 2480 potest
692 2405 899 2477 incom[m]odo
916 2417 944 2462 et
956 2407 1080 2462 animam
1092 2424 1186 2464 meam
1197 2426 1215 2464 a
1227 2409 1440 2479 dampnacione

285 2493 418 2549 liberare’
457 2495 521 2548 Hec
539 2509 636 2548 secum
649 2493 776 2562 loquens,
797 2490 849 2546 iter
866 2507 949 2547 sunm
965 2491 1003 2545 ad
1021 2491 1166 2547 basilicam
1181 2493 1271 2548 sancti
1288 2493 1439 2549 Edmundi

285 2577 444 2631 accelerare
460 2575 581 2632 festinet.
618 2576 657 2631 Et
675 2591 739 2630 cum
756 2575 880 2630 venisset
897 2574 936 2628 ed
953 2575 1054 2644 locum,
1067 2591 1131 2630 orm
1148 2577 1270 2630 maximo
1289 2578 1438 2647 ingressus

284 2671 327 2716 est
341 2665 459 2714 tremore
476 2658 686 2714 monasterium.
724 2659 905 2713 Peccatorum
923 2675 1045 2728 namque
1061 2675 1173 2714 suorum
1189 2661 1352 2716 recordacio
1369 2679 1437 2717 eum

284 2743 420 2799 reddebat
438 2741 581 2814 pauidum,
598 2743 664 2812 quia
683 2742 799 2797 timebat
817 2741 937 2813 nequid
955 2741 1009 2796 sibi
1026 2743 1148 2798 deterius
1165 2744 1337 2813 contingeret
1354 2745 1379 2800 si
1394 2755 1437 2801 tot

242 2847 272 2898 ²5
286 2826 447 2884 criminibus
459 2825 595 2882 obnoxius
607 2826 697 2882 sancti
716 2825 789 2882 illius
807 2825 862 2880 loci
879 2827 1089 2882 tabernaculum
1105 2827 1228 2882 intraret
1266 2827 1323 2898 Spe
1340 2838 1436 2884 tamen

286 2913 362 2967 bona
384 2921 412 2967 et
436 2927 502 2966 vere
525 2909 697 2966 credulitatis
721 2909 777 2964 fide
800 2919 946 2980 concepta,
969 2909 1105 2966 audacter
1128 2910 1290 2980 ingreditur,
1315 2922 1344 2967 et
1367 2923 1437 2967 ante

286 2997 445 3065 sepulcrum
469 2995 582 3064 gloriosi
606 2993 727 3048 martiris
752 3003 781 3050 et
804 2992 876 3060 regis
901 2993 1045 3048 Edmundi
1069 3004 1233 3064 prostratus,
1257 3011 1360 3050 nomm
1390 2996 1434 3051 sui

286 3079 410 3134 criminis
437 3077 615 3148 gemebundo
642 3077 728 3132 corde
756 3076 920 3132 confitetur:
951 3086 979 3131 et
1002 3087 1084 3147 rogat
1115 3087 1173 3132 toto
1197 3079 1280 3134 oorde
1304 3089 1333 3134 vt
1359 3079 1435 3134 taeta

287 3161 469 3230 confessione,
490 3175 588 3216 secura
610 3160 664 3215 sibi
688 3160 784 3215 redeat
809 3159 994 3226 consciencia,
1015 3169 1045 3216 et
1068 3161 1202 3232 deinceps
1226 3163 1263 3218 ab
1290 3161 1434 3233 iniquitate

242 3255 413 3316 peresurgst
437 3255 465 3300 et
489 3244 576 3299 vitam
600 3259 681 3298 suam
705 3243 735 3298 in
758 3244 863 3299 bonum
887 3251 1048 3298 commutet.
1085 3243 1217 3314 Dumque
1242 3244 1432 3302 huiuscemodi

287 3329 417 3384 lumentis
436 3338 464 3384 et
482 3327 659 3382 oracionibus
673 3326 754 3382 miles
769 3335 901 3396 peccator
916 3325 1052 3382 instaret:
1072 3324 1112 3382 ita
1130 3343 1195 3382 eum
1208 3327 1304 3384 diuine
1323 3329 1434 3400 pietatis

287 3411 384 3482 gracie
404 3411 441 3466 ab
461 3427 545 3480 opere
566 3409 702 3480 nephario
722 3407 883 3476 custodiuit,
905 3418 935 3463 vt
954 3410 1061 3464 nuliam
1081 3411 1260 3482 postmodum
1282 3411 1435 3468 incurreret

288 3493 508 3564 intempernncie
526 3503 574 3548 aut
593 3492 746 3564 voluptatis
764 3509 898 3563 corporee
915 3491 1066 3548 leuitatem
1103 3493 1208 3549 Dicant
1226 3494 1272 3548 elii
1291 3497 1328 3550 de
1343 3497 1434 3551 excel·

288 3577 378 3634 lencia
396 3576 522 3632 miraculi
540 3576 615 3646 quod
634 3577 777 3631 senciunt:
794 3591 848 3646 ego
860 3585 954 3631 eutem
972 3576 1061 3632 maius
1079 3576 1208 3632 existimo
1224 3579 1301 3648 quod
1312 3579 1436 3634 animem

244 3677 275 3728 35
288 3659 494 3718 resuscitauerit
517 3660 615 3715 beatus
639 3659 736 3714 martir
759 3659 926 3714 Edmundtts
945 3661 982 3716 nb
1005 3659 1134 3730 operibus
1154 3661 1278 3728 mortuis,
1304 3679 1390 3734 quam
1413 3663 1435 3719 si

288 3761 390 3817 corpus
402 3760 546 3815 resurgere
558 3743 661 3798 iaceret
673 3759 691 3798 a
703 3743 799 3798 dolore
811 3742 916 3798 mortis.

318 3857 491 3930 Expliciunt
500 3861 628 3913 extracta
639 3855 673 3911 de
685 3855 833 3910 miramlt’s
844 3857 939 3911 sancti
948 3855 1100 3911 Edmunds'
1108 3853 1235 3928 scnjdta'
1245 3857 1281 3912 ab
1295 3859 1409 3916 Osderto

660 3941 761 4010 priore
778 3937 1062 3995 Westmonastmi‘.-

341 4065 402 4120 Hic
412 4064 490 4120 debet
500 4063 586 4120 rm'br'
595 4068 793 4133 consequenter
802 4061 973 4118 miraculum
985 4062 1020 4117 de
1030 4062 1196 4132 Eustochio,
1208 4079 1273 4118 curn
1284 4065 1393 4122 duodus

432 4148 618 4219 sequentibus,
631 4151 665 4202 ui
676 4145 848 4201 mirandum
861 4145 895 4200 de
905 4146 986 4218 ciplw
998 4148 1092 4203 sancti·
1101 4146 1294 4202 Edetani.—

562 4305 571 4334 ¹
589 4303 773 4370 usquelibet.
1002 4304 1014 4337 ⁹
1032 4321 1051 4356 r.
1063 4305 1168 4372 scriptis.
