3012 4898
264 288 335 378 3⁶²
574 283 707 372 Ruit&
732 279 921 386 [tutum
945 281 1097 388 flnpilt.

261 489 405 541 terrestre
429 483 602 558 despiciens
626 493 656 540 et
680 483 792 543 celeste
815 483 1003 555 desideretis,
1023 503 1063 542 ne
1086 483 1271 542 retineretur
1294 483 1412 550 innius.

261 569 392 630 indutu
416 571 585 646 posuhuir.
632 571 726 629 Nocte
749 571 889 645 sequenti
914 591 974 630 vox
996 573 1131 646 angelica
1154 573 1322 647 alloquitur
1347 589 1413 629 enrn

261 658 386 716 dicens:
418 659 517 718 ‘Ecce
546 669 612 718 asto
636 669 667 717 et
691 660 815 718 consulo
841 676 880 718 ne
910 669 1076 735 postpones
1105 661 1311 720 intentionenr
1336 671 1413 718 tnsm

263 746 410 819 primam
435 747 577 805 caducam
599 747 796 804 hereditatem
820 765 859 805 ne
886 747 1003 821 diliges,
1023 747 1171 806 infinitam
1195 749 1333 822 patriam
1358 765 1414 804 nou

234 833 390 896 seminas.
427 835 612 909 Querunque
624 835 711 894 vides
729 835 759 892 in
779 836 881 893 seculo
898 845 1082 894 coacescunt
1100 853 1169 894 cum
1187 837 1272 894 luctu
1288 847 1321 893 et
1340 835 1415 910 peri·

262 921 345 992 culo;
371 922 506 980 luctuose
526 925 667 981 vniuerse
688 941 748 997 que
769 923 864 994 audis,
884 924 1053 997 periculosa
1072 924 1174 982 omnia
1194 942 1258 997 que
1279 923 1414 997 respicis

262 1007 368 1080 Qualis
387 1009 469 1066 eninr
487 1021 518 1068 et
536 1021 665 1084 quantus
684 1011 775 1068 debet
793 1027 862 1068 esse
880 1012 966 1084 vigor
983 1010 1173 1082 intrinsecus,
1191 1021 1225 1068 vt
1245 1012 1349 1085 possit
1368 1028 1414 1066 ex·

262 1096 333 1169 pelli
346 1097 479 1155 occultus
492 1097 647 1156 insidiator
658 1108 688 1158 et
700 1098 857 1156 inimicus!
885 1098 942 1155 Die
953 1115 1027 1172 ergo
1039 1098 1169 1156 crastina
1181 1098 1370 1157 festinanter
1380 1099 1413 1154 ad

262 1200 346 1242 mare
371 1186 472 1254 tende,
485 1194 515 1243 et
539 1186 578 1242 ad
605 1185 790 1242 Britanniam
817 1185 942 1242 transito
966 1196 1058 1260 ponto
1081 1186 1140 1243 deo
1163 1187 1277 1242 comite
1304 1189 1413 1260 perge!

219 1287 249 1324 ro
263 1269 352 1330 blane
376 1283 485 1344 autern,
505 1273 669 1348 assumptis
693 1289 797 1331 secum
820 1283 888 1330 octo
911 1273 1073 1348 discipulis,
1095 1273 1177 1331 venit
1200 1275 1241 1330 ad
1264 1291 1366 1344 mare,
1386 1282 1413 1329 et

262 1358 430 1418 nauiculam
451 1362 601 1434 quandam
623 1361 689 1419 sine
711 1363 825 1434 remige
835 1361 854 1429 ¹,
873 1377 958 1418 remo
977 1370 1008 1419 et
1026 1361 1095 1418 velo
1113 1363 1239 1428 intrans,
1263 1378 1414 1435 prospero

262 1443 354 1504 {lente
365 1457 455 1505 vento
476 1447 658 1506 Britanniam
676 1449 840 1523 applicuit¹.
878 1448 996 1506 Relicta
1014 1457 1114 1506 autern
1127 1449 1164 1506 ad
1179 1447 1263 1506 littus
1279 1449 1354 1507 sine
1371 1467 1414 1506 re·

261 1533 391 1592 tinaculo
404 1535 549 1608 nauicula,
562 1537 634 1594 dum
647 1537 678 1594 in
691 1537 761 1594 ville
772 1535 910 1611 proximu
921 1536 1014 1610 quieti
1026 1537 1133 1594 fratres
1146 1537 1285 1593 membra
1297 1537 1414 1604 darent,

263 1621 374 1681 missus
398 1633 445 1682 est
469 1641 547 1682 vnus
571 1626 609 1682 ad
634 1643 718 1682 mare
738 1625 790 1699 qui
815 1625 982 1683 nauiculam
1007 1624 1135 1682 solutam
1161 1623 1310 1696 alligaret.
1357 1625 1414 1696 Qui

220 1726 248 1780 ¹5
263 1709 352 1767 littori
377 1713 534 1784 accedens,
554 1712 628 1771 vidit
647 1731 770 1772 ceruum
794 1729 879 1770 more
903 1712 1035 1770 humano
1059 1729 1127 1769 cunr
1152 1711 1282 1785 pedibus
1309 1712 1414 1770 runem

262 1798 443 1858 retinentem
465 1809 495 1858 et
518 1818 537 1858 a
561 1801 770 1859 submersione
795 1799 963 1858 nauiculam
987 1810 1223 1872 preseruantern
1269 1801 1416 1858 Adducto

261 1895 361 1946 autern
374 1889 412 1945 ed
425 1887 521 1946 virum
535 1889 584 1946 dei
596 1907 695 1957 cerno,
707 1889 802 1946 virtus
814 1888 862 1945 dei
881 1889 978 1962 coegit
994 1887 1120 1944 bestiam
1133 1885 1290 1944 interram
1303 1891 1415 1958 iecere,

260 1973 369 2032 collum
383 1976 563 2048 protendere
576 1986 605 2034 et
623 1975 742 2050 signum
760 1975 917 2034 occisionis
929 1977 1097 2034 ostendere.
1135 1974 1321 2032 Occiderunt
1340 1995 1414 2050 ergo

261 2079 331 2119 eum
355 2073 385 2120 et
409 2063 520 2121 cibaria
547 2064 688 2122 iratribus
712 2073 959 2139 prepersuerunt.
1054 2050 1128 2121 Rex
1150 2061 1307 2136 prouincie
1335 2064 1416 2121 illius

217 2169 249 2205 ιο
262 2149 383 2208 nomine
396 2149 557 2222 Credocus,
569 2152 669 2209 auditu
685 2150 742 2209 viri
754 2153 802 2209 dei
814 2150 902 2222 sarna,
915 2151 1031 2224 legatos
1042 2151 1080 2208 sd
1093 2149 1219 2223 fillumP
1231 2149 1326 2220 misit,
1340 2169 1415 2225 qun·
1496 2203 1497 2208 ,

261 2237 342 2294 tinus
359 2239 533 2312 euangelica
548 2239 735 2296 hortamenta
749 2239 787 2296 eb
804 2239 854 2296 illo
870 2239 995 2308 audiret,
1008 2249 1039 2296 ct
1053 2237 1154 2296 audita
1166 2237 1318 2295 retineres.
1360 2239 1415 2297 llle
1496 2243 1497 2312 ζ

261 2333 360 2382 sutem
380 2325 531 2384 humiliter
550 2327 657 2400 legatis
675 2326 849 2402 respondit:
869 2325 957 2385 ‘Rex
969 2335 1079 2396 vester,
1092 2326 1118 2382 si
1133 2325 1233 2399 cupiet
1249 2327 1330 2382 nos‘
1342 2328 1416 2385 visi·
1496 2315 1497 2322 ἵ

260 2423 334 2482 tare,
359 2413 417 2472 huc
441 2413 558 2485 veniam
589 2431 646 2489 ego
665 2424 766 2472 autem
790 2431 894 2488 regern
919 2415 1095 2484 secularem,
1115 2423 1145 2471 et
1167 2413 1322 2486 copiosum
1346 2415 1416 2472 eius

260 2498 413 2570 iarnilisrn,
426 2519 486 2558 non
498 2503 642 2560 visitabo!
679 2502 747 2572 Quo
762 2502 864 2560 audito
883 2519 946 2570 rex,
960 2500 1124 2576 assumptis
1142 2517 1245 2558 seeum
1265 2501 1415 2560 militibus
1495 2577 1496 2582 η

217 2607 246 2657 ²⁵
261 2588 370 2660 multis,
384 2599 521 2648 sanctum
535 2589 704 2648 Thatheum
721 2589 859 2659 visitauit,
872 2589 1030 2646 immensis
1048 2589 1188 2662 precibus
1206 2605 1318 2662 rogans
1338 2607 1414 2663 qua·

260 2675 341 2733 tinus
352 2675 383 2732 in
396 2678 470 2734 vrbe
482 2695 537 2735 sua
550 2678 697 2736 scolarum
711 2679 842 2736 studium
855 2686 982 2751 regeret
1019 2677 1078 2748 Qui
1094 2677 1239 2734 talentum
1254 2677 1312 2733 sibi
1328 2695 1415 2735 eorn-

260 2762 385 2821 missum
394 2764 545 2824 seminare
553 2765 686 2839 cupiens,
693 2763 1091 2838 [con]lluentibus⁶vndique
1100 2763 1414 2840 scolaribussdrogs-

259 2859 323 2910 turn
337 2851 418 2926 regis
430 2853 562 2910 studium
575 2870 681 2927 regere
693 2855 790 2926 cepit;
809 2862 839 2911 et
851 2853 958 2910 collato
970 2851 1028 2910 sibi
1041 2868 1141 2924 srege
1153 2868 1235 2925 agro,
1247 2853 1413 2910 ecclesiam

260 2947 363 2997 sancte
375 2938 514 2998 trinitatis
527 2941 641 2998 honore
653 2942 828 3010 construxit,
836 2950 867 2999 et
878 2942 917 2999 de
930 2940 1054 2998 consilio
1066 2938 1260 2996 laudunensis
1272 2939 1412 3016 episcopi

215 3041 248 3090 30
259 3026 418 3084 duodecim
437 3031 597 3085 canonicos
615 3027 726 3086 ibidem
744 3030 802 3086 deo
824 3027 991 3086 seruientes
1009 3027 1143 3086 instituit.
1214 3013 1302 3086 Cum
1320 3045 1414 3088 vaces

260 3113 314 3170 viri
334 3115 383 3172 dei
402 3113 433 3171 in
451 3125 537 3188 prato
556 3117 763 3186 custodiretur,
782 3125 1024 3191 superuenerunt
1042 3115 1182 3188 armigeri
1194 3115 1328 3188 quidam,
1340 3135 1411 3174 curn

258 3203 574 3277 quadragintaseptem
597 3204 694 3278 equis,
716 3203 767 3278 qui
791 3203 950 3262 incidendo
974 3213 1005 3262 et
1026 3203 1167 3260 calcando
1186 3211 1281 3260 toturn
1307 3221 1412 3262 corru-

259 3299 387 3362 perunt:
417 3301 447 3348 et
468 3291 534 3350 sine
554 3309 638 3348 more
658 3291 729 3366 equi
748 3309 856 3350 omnes
876 3291 1037 3348 interram
1061 3291 1213 3360 cadentes,
1231 3291 1344 3348 mortui
1366 3293 1412 3350 in·

260 3379 342 3434 uenti
364 3387 443 3436 sunt
481 3379 548 3450 Quo
568 3379 676 3448 audito,
695 3396 751 3437 rex
770 3379 837 3436 illos
857 3379 1023 3453 armigeros
1042 3377 1219 3436 verberibus
1242 3378 1411 3438 afflictosa

214 3479 245 3528 3⁵
260 3465 341 3524 curie
368 3483 424 3522 suu
451 3467 575 3540 expulit,
599 3476 629 3526 et
653 3467 741 3524 nudis
765 3467 902 3540 pedibus,
926 3465 1038 3524 familia
1067 3474 1221 3539 sequente,
1246 3466 1284 3523 ad
1309 3466 1411 3528 virum

259 3551 308 3609 dei
332 3554 460 3610 ueniens
469 3555 488 3624 ⁸,
512 3554 686 3627 genuflexit,
711 3564 740 3612 et
764 3555 884 3613 veniam
907 3554 1074 3628 postulans,
1097 3552 1238 3626 quicquid
1262 3553 1309 3610 sui
1334 3555 1410 3612 deli·

258 3649 393 3714 querant,
408 3643 446 3699 ed
465 3643 647 3699 voluntatem
665 3641 793 3700 Thathei
812 3641 1061 3700 satisfactionem*
1081 3640 1245 3715 pollicetur.
1283 3639 1323 3698 Et
1342 3643 1410 3700 data

260 3727 414 3786 humiliter
430 3745 448 3784 a
460 3746 549 3786 seruo
561 3731 610 3787 dei
622 3729 718 3798 venia,
731 3747 839 3788 omnes
851 3729 921 3803 equi
939 3731 970 3786 in
983 3737 1093 3786 statum
1106 3727 1266 3801 pristinum
1279 3729 1408 3787 restituti

259 3826 336 3874 sunt.
375 3815 442 3874 Hoc
454 3817 520 3874 viso
533 3817 685 3888 miraculo,
693 3817 775 3874 dedit
787 3817 815 3874 ei
828 3834 883 3874 rex
895 3825 988 3874 totam
1001 3815 1126 3873 vrbem·
1138 3831 1207 3872 curn
1220 3815 1334 3888 palatio
1347 3833 1408 3875 suo.

213 3925 246 3972 40
262 3891 365 3963 Nocte
383 3905 513 3979 quadam
532 3904 663 3962 latrones
681 3906 720 3962 de
737 3905 861 3979 regione
875 3903 1004 3961 Gundlei
1023 3902 1103 3977 regis
1115 3901 1272 3960 venientes
1285 3921 1407 3962 vaccam

258 3992 314 4050 viri
335 3991 384 4050 dei
409 4009 512 4050 secum
533 3992 571 4050 ed
592 3991 671 4050 illius
692 3993 805 4050 curium
824 3992 983 4050 adductam
1005 3990 1229 4060 interfecerunt,
1246 4001 1277 4048 et
1296 3990 1331 4049 in
1350 3993 1407 4051 cal·

291 4223 456 4288 ¹l2.remigi.
531 4222 750 4276 'sciquent
828 4222 1069 4284 morsuum
1148 4221 1272 4274 ‘nm
1353 4223 1405 4272 'E

258 4289 447 4406 :fflbtrgsm
486 4287 543 4342 ‘'i'.
556 4291 600 4341 dei
611 4290 736 4352 ueniens;
753 4289 944 4340 Edeueniens.
1027 4287 1264 4342 'Vitemeudxre
1352 4289 1402 4338 ⁸1.
