3008 4904
401 298 476 394 br
500 297 664 388 sanctu
690 297 882 391 banno.
1147 321 1214 397 271

53 518 154 558 erum
166 500 262 558 sancti
275 501 406 560 martiris
422 503 461 560 ab
473 501 629 576 episcopo¹
642 501 736 576 petiit,
749 512 779 560 et
791 511 909 576 partem
922 503 1096 577 capillorum
1116 502 1222 576 capitis

54 590 163 646 saneti
175 589 300 662 accepit
338 589 420 663 ignis
433 601 534 647 autern
547 591 704 648 adustione
716 591 793 664 pilos
805 592 934 665 probare
946 591 1049 662 voluit,
1065 609 1126 648 non
1138 600 1170 648 vt
1188 591 1220 648 in

55 677 168 750 aliquo
186 678 225 734 de
244 677 339 734 sancti
358 677 510 734 diffideret
527 679 651 748 meritis,
665 680 719 736 sed
736 688 768 736 vt
786 679 918 736 martiris
936 678 1076 736 meritum
1095 679 1221 736 circum·

56 782 187 837 quaque
208 781 265 837 per
285 766 342 822 hoc
364 765 508 824 extollere
530 775 641 840 posset
678 766 818 824 Accenso
837 767 937 840 itaque
958 767 1027 839 igne
1048 767 1170 840 copioso
1190 775 1222 824 et

57 852 184 927 capillis
205 853 330 924 iniectis,
350 863 418 927 post
437 853 526 910 vnius
546 854 620 911 hore
640 854 776 927 spacium
798 854 924 928 capillus
944 855 982 911 ab
1004 854 1074 928 igne
1094 854 1249 924 intactuss

57 939 211 998 omnino¹
222 949 253 997 et
271 940 477 998 incombustus
495 942 670 1014 permansit.
743 930 826 1001 Cum
844 941 924 999 enirn
943 944 1084 1000 sacerdos
1100 943 1221 1015 quidam

57 1045 165 1084 vanus
180 1038 210 1085 et
228 1029 368 1096 lubricus,
382 1029 499 1086 comitis
511 1029 605 1086 Tostii
617 1029 813 1100 consiliarius,
826 1030 978 1104 occupatis
991 1030 1221 1103 circumquaque

58 1115 215 1188 hospitiis,
232 1115 264 1172 in
283 1116 392 1174 eclesia
411 1116 510 1191 parari
529 1116 586 1174 sibi
605 1117 715 1174 lectum
734 1117 881 1187 iussisset,
895 1117 1085 1176 meretricem
1104 1127 1223 1176 secreto

59 1205 106 1260 ad
119 1221 156 1262 se
168 1203 316 1262 introduci
334 1205 412 1262 iecit.
450 1204 487 1262 Et
504 1222 572 1262 cum
590 1204 776 1279 iniquitatem
789 1217 968 1280 perpetrare
980 1223 1048 1264 cum
1061 1207 1112 1262 illa
1123 1207 1223 1276 vellet,

60 1294 149 1365 cepit
162 1291 260 1348 omnis
273 1291 399 1349 ecclesie
412 1291 523 1349 fabrica
536 1303 619 1350 motu
629 1293 786 1350 subitaneo
798 1311 816 1350 a
828 1294 957 1352 summis
966 1312 1061 1368 vsque
1071 1295 1222 1362 deorsum,
1238 1309 1269 1346 ιο

60 1379 157 1452 quasi
175 1389 333 1436 ventorum
355 1379 475 1436 flatibus
499 1380 631 1453 parietes
657 1381 784 1438 ecclesie
810 1381 865 1438 hac
888 1391 918 1439 et
940 1381 1008 1439 illac
1030 1382 1223 1458 impellendo,

61 1465 175 1539 agitari
192 1467 297 1540 suique
314 1466 431 1524 ruinam
450 1476 479 1524 et
498 1468 632 1524 omnium
650 1468 803 1525 interitum
820 1470 1004 1528 comminari.
1042 1469 1223 1528 Perterritus

62 1554 214 1612 sacerdos
226 1564 255 1612 et
269 1565 383 1612 reatum
396 1571 485 1612 suum
497 1555 677 1629 intelligens,
688 1557 878 1614 meretricem
892 1559 929 1616 de
942 1557 1068 1616 ecclesia
1078 1558 1162 1616 exire
1175 1575 1224 1614 co-

62 1641 141 1714 egit,
152 1651 182 1698 et
194 1641 293 1700 omnis
306 1643 355 1700 illa
368 1643 526 1700 commotio
537 1646 674 1701 cessauit
713 1632 796 1703 Cum
808 1662 903 1702 naues
916 1644 1130 1720 quinquaginta
1143 1645 1224 1720 regis

63 1729 217 1787 Willelmi
238 1731 318 1804 apud
340 1731 577 1804 Tynemutham³
595 1732 789 1806 applicarent,
809 1733 888 1790 bona
910 1733 1270 1807 loci,sanctonequa-15

63 1834 163 1890 quam
176 1827 344 1890 parcentes,
353 1818 537 1892 spoliarunt:
551 1820 701 1893 telamque
714 1821 870 1877 cuiusdam
884 1821 1017 1878 mulieris
1030 1821 1224 1878 abstulerunt.

66 1905 183 1962 Mulier
196 1915 295 1962 autem
309 1907 465 1964 ecclesiam
478 1906 603 1976 intrans,
613 1925 680 1964 cum
693 1908 845 1965 lachrimis
859 1917 996 1967 sanctum
1009 1909 1225 1981 deprecabatur

64 1993 212 2066 quatinus
225 1993 253 2051 ei
266 1994 357 2051 telam
368 1995 507 2052 redderet
519 2003 548 2052 et
561 1995 599 2052 de
608 1995 794 2068 predonibus
805 1996 968 2054 vindictam
980 1995 1099 2053 faceret
1128 1996 1224 2054 Naute

64 2100 145 2139 vero
164 2081 353 2155 nauigantes,
365 2081 466 2138 subito
484 2080 514 2138 in
532 2082 672 2156 scopulos
690 2085 805 2156 absque
825 2083 944 2141 turbine
956 2093 1124 2153 ventorum,
1138 2083 1225 2158 quasi

66 2169 189 2242 remige
212 2178 358 2240 carerent,
383 2170 581 2238 offendentes,
600 2188 671 2228 sese
695 2171 837 2228 collidere
862 2170 1032 2245 mutuisque
1057 2171 1224 2246 congressi-
1239 2188 1271 2226 ao

65 2259 128 2314 bus
159 2257 279 2314 sibimet
305 2275 463 2316 occurrere
489 2257 695 2332 [ceperunt]⁴:
728 2269 758 2317 et
788 2259 898 2316 fluctus
926 2259 1079 2318 seuientes
1110 2269 1225 2332 nautas,

65 2353 176 2419 preter
188 2362 308 2418 paucos,
322 2347 561 2418 submerserunt,
574 2356 604 2404 et
623 2347 660 2402 ad
678 2345 760 2405 littus
780 2347 906 2404 ecclesie
919 2365 1009 2421 quam
1021 2347 1225 2406 violauerant⁰

66 2432 170 2506 spolia
183 2433 349 2504 eiecerunt;
366 2443 396 2491 et
408 2433 541 2492 vniuersi
554 2451 623 2491 cum
635 2435 734 2492 vetula
746 2445 969 2504 concurrentes,
981 2437 1060 2493 bona
1077 2454 1131 2494 sua
1143 2437 1226 2495 iuxta

67 2522 172 2578 littora
185 2531 305 2594 reperta
319 2531 505 2596 receperunt
567 2509 703 2582 Sanctus
713 2524 794 2582 enirn
804 2522 947 2580 Oswinus
960 2523 1117 2582 mulierem
1127 2525 1226 2582 omni⁸

67 2609 280 2667 membrorum
299 2609 397 2666 officio
419 2610 594 2667 destitutam
613 2611 746 2668 sanauit:
772 2610 898 2668 militem
916 2611 966 2685 qui
985 2630 1054 2669 cum
1073 2630 1151 2687 equo
1171 2631 1226 2670 suo
1241 2635 1271 2686 ²5

67 2700 111 2755 de
129 2715 206 2770 rupe
219 2696 365 2754 altissima
381 2698 500 2768 corruit,
513 2697 694 2755 incolumem
713 2698 850 2758 reddidit.
889 2699 993 2772 Equus
1009 2701 1047 2757 de
1060 2701 1183 2774 scopulo
1195 2701 1227 2760 in

68 2783 251 2858 scopulum⁷
270 2785 382 2858 lapsus,
399 2804 460 2842 non
478 2786 576 2843 solum
594 2787 632 2844 de
653 2786 810 2860 precipitio
832 2787 972 2857 saluatur,
990 2805 1096 2845 verum
1121 2790 1227 2858 subito,

68 2871 177 2930 multis
201 2873 395 2942 intuentibus,
416 2875 593 2932 mirabiliter
613 2884 780 2932 reuocetur.
818 2875 944 2931 Cuidam
968 2875 1151 2933 incarcerato
1174 2894 1228 2949 ap-

69 2977 187 3036 parens
206 2959 342 3034 precepit
357 2971 389 3019 vt
403 2961 547 3019 velociter
565 2980 695 3036 surgens
713 2964 750 3020 ad
775 2962 1014 3034 Tynemutham³
1034 2973 1226 3036 properaret:

70 3049 133 3120 Qui
148 3065 258 3105 manus
270 3058 300 3105 ct
312 3050 407 3122 pedes
420 3051 532 3106 solutos
547 3050 706 3124 aspiciens,
720 3051 858 3119 surrexit,
872 3061 901 3108 et
920 3068 1019 3107 seram
1036 3051 1104 3108 ostii
1122 3051 1228 3108 leuiter
1240 3070 1274 3121 30

70 3136 242 3206 excutiens,
268 3135 349 3194 iussa
373 3138 503 3195 martiris
534 3156 603 3196 cum
627 3137 815 3196 festinatione
839 3137 984 3211 impleuit.
1019 3139 1135 3212 Auriga
1159 3157 1228 3197 curn

71 3226 173 3282 bobus
186 3225 225 3280 ad
239 3225 414 3298 quadrigam
428 3224 537 3283 iunctis
549 3227 588 3283 dc
601 3226 763 3300 supercilio
775 3226 887 3283 montis
900 3244 1053 3294 corruens
1065 3245 1083 3284 a
1095 3227 1228 3300 periculo

72 3313 228 3370 liberatur.
302 3299 438 3389 Quidam
451 3332 507 3387 pro
520 3314 667 3382 columba,
681 3331 771 3388 quam
791 3315 847 3371 sub
866 3313 977 3370 feretro
995 3325 1228 3389 presumptuose

73 3399 192 3471 occidit,
212 3399 385 3458 infirmitate
404 3411 570 3475 correptus,
589 3419 657 3459 cum
677 3419 710 3458 se
732 3403 920 3476 promitteret
941 3421 997 3476 pro
1014 3402 1122 3480 delicto
1141 3404 1228 3461 satis·

73 3490 235 3557 facturum,
257 3498 398 3546 sanatur:
427 3491 481 3546 sed
507 3507 576 3548 cum
600 3499 702 3548 votum
727 3490 855 3564 implere
880 3490 1054 3564 negligeret,
1078 3491 1228 3550 recidiua⁰
1242 3511 1273 3563 35

73 3576 252 3634 infirmitate
272 3576 411 3636 decessit.
449 3577 532 3636 Duas
558 3579 701 3635 mulieres
727 3595 813 3636 cecas
837 3577 1024 3650 illuminauit,
1044 3580 1229 3652 paralitieam

73 3663 202 3734 curauit,
215 3665 315 3721 surdis
332 3665 450 3722 dnobus
467 3665 599 3722 auditum
619 3666 757 3736 reddidit,
769 3667 901 3740 puellam
918 3684 936 3723 a
949 3667 1077 3725 demone
1089 3677 1229 3726 vexatam

73 3751 224 3812 liberauit
298 3739 418 3810 Mulier
429 3754 559 3826 quedam
571 3771 589 3810 a
601 3754 780 3812 demonibus
792 3771 847 3828 per
859 3771 971 3811 annum
984 3764 1099 3823 vexata,
1109 3773 1177 3812 cum
1190 3757 1229 3814 ad
1273 3755 1275 3762 ’

75 3839 238 3899 ecclesiam
257 3839 389 3898 martiris
407 3841 535 3898 adducta
553 3851 720 3910 sanaretur,
738 3859 807 3900 cum
826 3841 977 3900 lachrimis
999 3843 1130 3900 narrauit
1148 3845 1229 3916 quod

75 3939 217 4002 tempore
242 3927 431 3986 dormitionis
461 3947 516 3986 sue
546 3929 808 3987 circumdederunt
838 3947 905 3986 eam
936 3931 1082 3987 demones
1112 3930 1228 4002 infiniti,
1241 3955 1276 4008 40

74 4025 202 4091 aspectu
215 4014 365 4073 terribiles
378 4025 407 4074 et
420 4017 580 4074 horribiles
589 4018 685 4075 valde.
721 4017 856 4088 Quorum
868 4026 986 4092 septem
1000 4017 1130 4076 maiores
1142 4029 1229 4077 erant

74 4115 105 4164 et
117 4103 326 4176 terribiliores,
334 4103 458 4176 comuti,
472 4104 591 4178 hispidi,
599 4115 630 4163 et
641 4105 765 4175 caudati,
777 4106 879 4162 oculos
892 4106 1037 4164 habentes
1049 4106 1229 4180 teterrimos,

107 4303 330 4368 ¹sc.Egelwino.
438 4303 494 4358 ¹T.
507 4305 862 4357 intactusomninointectus.
981 4305 1036 4358 ⁸1.
1049 4307 1229 4370 Tyncmutam.

76 4375 148 4425 ‘om
211 4369 269 4422 Ἐ
283 4369 450 4422 monuerant.
516 4371 571 4422 ⁸E.
584 4372 704 4423 omniurn.
773 4371 828 4423 'E
841 4371 979 4437 sropulnm.
1047 4372 1103 4425 ⁸E.
1117 4373 1230 4424 recidua.
