3052 4896
432 305 507 398 Dc
531 301 697 393 &tntu
722 304 936 402 tantun
1183 331 1254 406 507

105 504 240 563 armillas
259 523 374 576 aureas
393 506 553 564 nobilitatis
573 506 725 576 indicium,
744 507 954 581 preferentem
993 508 1091 580 Quem
1109 527 1164 566 rex
1183 510 1256 582 bap·

105 593 192 651 tizari
212 594 290 662 fecit,
312 603 342 651 et
366 612 384 651 a
409 595 488 663 nido,
508 595 722 668 ‘Nestingum'
743 613 863 666 vocans,
886 596 1024 652 nobiliter
1046 599 1204 654 educatum
1225 599 1255 654 in

106 681 250 739 comitem
270 682 418 755 prouexit.
457 681 515 738 Hic
533 683 637 755 genuit
656 683 923 756 Witburdingum;
942 684 992 757 qui
1011 685 1114 758 genuit
1125 685 1257 741 Wlshel-

107 784 201 838 mum,
226 769 277 842 qui
300 787 340 826 ex
363 787 457 827 vxore
482 787 536 827 sua
560 770 671 827 liberos
692 787 865 843 procreans,
885 789 945 828 vna
964 789 1033 828 cum
1053 773 1179 845 coniuge
1203 790 1258 828 sua

107 858 216 914 decem
227 866 258 913 et
270 866 337 914 octo
349 857 436 914 annis
448 875 544 930 vsque
557 859 594 914 ad
610 868 785 930 prouectam
799 868 907 915 etatem
921 860 1046 916 celibem
1059 862 1151 917 vitam
1164 859 1257 916 duxit.
1271 877 1285 928 5

107 944 248 1016 Angelus
267 955 366 1003 autem
384 945 497 1001 domini
514 947 637 1002 tandem
656 945 733 1002 trina
751 945 867 1002 visione
885 955 1044 1020 vtrumque
1063 947 1197 1003 hortatus
1211 956 1258 1004 est

107 1041 141 1088 vt
160 1033 366 1101 conuenirent,
385 1033 455 1105 quia
472 1033 531 1089 iam
550 1033 668 1090 castiori
687 1051 745 1090 euo
763 1051 907 1106 sponsam
927 1034 1038 1091 Christi
1057 1043 1238 1106 generarent
1248 1055 1256 1102 ;

109 1127 141 1176 et
159 1119 299 1176 decetero
317 1121 506 1193 propositum
526 1129 750 1177 conseruarent.
789 1121 877 1177 Fiunt
893 1120 993 1194 itaque
1010 1121 1152 1178 certiores
1170 1122 1258 1179 alter·

108 1216 178 1263 utro
202 1207 382 1276 testimonio,
407 1225 462 1264 nec
493 1209 641 1266 rebellare
666 1210 777 1265 audent
802 1218 863 1265 tarn
889 1210 1010 1266 euident
1035 1209 1137 1266 celesti
1162 1209 1259 1266 edocti

109 1295 247 1368 imperio,
265 1295 344 1352 trina
362 1295 506 1352 inditione
524 1298 658 1368 probato.
696 1296 772 1354 Nata
790 1296 879 1370 igitur
898 1296 1050 1368 infantula,
1062 1305 1092 1354 et
1105 1298 1259 1355 Wllhildis
1277 1315 1306 1350 ιο

108 1392 222 1449 vocata,
235 1383 448 1455 ablactataque,
461 1383 628 1456 virginibus
642 1383 803 1440 Wiltonie¹
822 1385 949 1441 traditur
960 1387 1124 1442 educanda.
1161 1386 1259 1456 Quam

110 1486 180 1527 eum
201 1470 356 1526 interiecto
378 1479 516 1544 tempore
540 1471 677 1544 Edgarus
701 1489 755 1528 rex
776 1472 950 1546 fugientem,
971 1482 1001 1529 vt
1022 1473 1160 1529 columba
1183 1473 1260 1529 acci-

110 1558 230 1632 pitrem,
244 1558 325 1614 nullo
338 1568 514 1632 argumento
528 1559 737 1616 blanditiarum
745 1560 794 1617 vel
804 1560 1040 1633 promissionum
1053 1545 1262 1618 minarumue²

111 1646 260 1702 accersire
279 1647 317 1702 ad
337 1664 371 1703 se
389 1655 502 1718 posset,
521 1664 577 1703 nec
596 1648 634 1704 de
653 1647 766 1704 domini
784 1665 892 1721 rapere
911 1648 1038 1705 ecclesia
1056 1650 1188 1720 auderet,
1206 1667 1262 1722 per

111 1733 179 1790 eius
200 1734 322 1790 amitam
342 1734 463 1791 nomine
482 1735 684 1805 Wenlledam,
704 1753 762 1809 que
784 1736 827 1792 illi
845 1736 962 1809 apicem
980 1736 1065 1809 regni
1083 1737 1261 1810 consangui-
1276 1759 1305 1808 15

111 1827 215 1883 nitatis
243 1826 350 1883 affectu
382 1827 560 1900 concupiuit,
585 1827 721 1884 irretire³
745 1836 878 1900 temptat.
926 1828 967 1883 At
996 1827 1055 1897 illa,
1081 1827 1193 1883 callens
1224 1829 1261 1884 ad

112 1915 334 1988 decipiendum,
359 1915 369 1946 ⁴
376 1917 461 1988 graui
486 1932 520 1972 se
545 1916 680 1988 corporis
705 1917 750 1972 sui
775 1917 917 1988 languore
947 1917 1083 1972 laborare
1113 1914 1233 1972 simulat
1242 1915 1262 1982 ⁴,

112 2003 245 2076 puellam
265 2004 354 2060 adse
374 2002 406 2059 in
425 2005 547 2060 domum
569 2021 655 2060 suam
677 2005 759 2076 apud
784 2003 965 2060 Werewelle
989 2003 1102 2071 inuitat,
1121 2011 1153 2060 vt
1177 2002 1262 2075 quasi

113 2100 237 2163 neptem
257 2093 344 2148 unice
364 2090 502 2148 dilectam
524 2107 624 2147 rerum
640 2109 767 2147 suarum
789 2091 932 2148 heredem
956 2091 1101 2146 moritura
1125 2090 1262 2147 ascribat.

114 2177 183 2247 Quo
197 2194 265 2234 cum
278 2177 476 2250 peruenisset,
490 2196 559 2235 ecce
573 2195 628 2235 rex
640 2177 777 2250 Edgarus
787 2179 898 2234 sedens
908 2179 945 2234 ad
956 2177 1100 2250 conuiuia,
1111 2177 1262 2234 assidente
1278 2199 1310 2233 ao

113 2265 182 2338 ipsa
195 2264 356 2321 Wensseda
374 2283 436 2321 non
448 2265 588 2338 languida
607 2267 661 2322 sed
682 2267 832 2338 regalibus
850 2265 948 2338 epulis
968 2266 1102 2323 iocunda.
1140 2265 1264 2323 lubetur

113 2353 148 2408 in
172 2352 306 2409 cubiculo
331 2353 431 2425 puella
452 2353 592 2425 regaliter
612 2355 710 2426 parari
719 2353 739 2424 ⁸,
760 2362 789 2410 et
813 2363 984 2410 auratarum
1004 2353 1133 2410 vestium
1154 2354 1263 2412 decore

114 2441 237 2496 radians
250 2441 288 2496 ad
307 2457 409 2514 regern
428 2441 543 2497 adduci.
580 2440 677 2510 Quam
699 2459 753 2498 rex
772 2441 883 2515 colligit
900 2450 931 2498 et
950 2441 1035 2497 lateri
1052 2443 1117 2498 eius
1134 2451 1264 2499 amatam

114 2529 250 2585 assidere
270 2527 340 2585 lecit
361 2529 490 2585 mediam
510 2529 589 2584 inter
609 2546 643 2585 se
666 2528 780 2585 eteius
800 2529 943 2587 amitam:
977 2528 1128 2599 blanditie,
1151 2529 1264 2602 pollici·

115 2615 253 2684 tationes,
279 2616 443 2685 suasiones,
471 2615 583 2686 diuitie,
608 2633 735 2689 regnum
769 2625 799 2673 et
830 2617 991 2689 imperium
1021 2615 1133 2672 affatim
1157 2615 1264 2690 virgini
1279 2635 1309 2686 ²5

115 2703 337 2777 promittuntur,
358 2704 463 2776 regina
481 2712 511 2760 et
530 2705 650 2760 domina
668 2721 769 2760 rerum
793 2703 947 2760 Britannie
966 2705 1137 2777 prelibatur.
1172 2703 1265 2776 Virgo

116 2801 217 2848 autem
228 2791 338 2848 Christi
345 2792 433 2848 tacito
442 2809 502 2860 ore,
511 2794 565 2848 sed
574 2791 705 2848 clamoso
713 2793 803 2848 corde
816 2792 931 2864 respuit
943 2801 973 2847 et
980 2793 1146 2849 detestatur
1155 2793 1265 2862 omnia,

116 2888 148 2936 et
167 2879 222 2936 hee
241 2879 444 2937 blandimenta
457 2888 487 2935 vt
506 2879 714 2936 crudelissima
732 2880 825 2952 gemit
843 2888 1009 2935 tormenta:
1030 2880 1068 2934 de
1081 2879 1145 2934 sola
1157 2880 1266 2952 cogitat

118 2967 196 3038 luga,
222 2977 251 3024 et
273 2969 331 3024 alto
356 2967 474 3024 silentio
497 2967 556 3024 alta
580 2968 618 3024 ad
643 2967 795 3024 Christum
821 2975 851 3022 vt
880 2966 1023 3038 eripiatur
1047 2966 1172 3022 attollit⁰
1199 2984 1266 3023 sus·

116 3054 203 3128 piria.
241 3055 305 3111 lam
317 3065 378 3112 toto
391 3055 529 3112 conuiuio
548 3055 667 3127 fatigata
680 3054 717 3111 ab
736 3054 876 3110 omnibus
888 3063 919 3110 vt
938 3053 1119 3126 epularetur,
1132 3053 1267 3110 animosa
1281 3074 1312 3124 30

117 3142 297 3200 abstinentia
310 3143 409 3216 potius
421 3143 556 3200 dolorem
566 3159 654 3200 suum
662 3142 830 3199 vlciscitur:
848 3141 987 3198 simulata
997 3140 1077 3197 enim
1088 3139 1267 3208 infirmitate,

117 3229 192 3287 nihil
211 3247 336 3303 prorsus
354 3231 503 3303 acquieuit
521 3239 650 3303 gustare.
686 3229 822 3286 Tandem
840 3229 892 3286 vix
910 3229 1067 3301 impetrata
1086 3227 1268 3293 dimissione,

118 3319 158 3374 ad
170 3335 296 3391 pausam
309 3327 341 3374 vt
353 3319 473 3375 defessa
488 3317 648 3391 egreditur.
686 3317 755 3374 Rex
767 3335 839 3374 vero
852 3317 978 3389 virginis
996 3315 1193 3372 intentionem
1208 3315 1268 3372 iam

117 3405 237 3478 pridem
257 3423 435 3479 agnoscens,
454 3422 493 3462 ne
512 3422 632 3478 quoquo
649 3406 738 3461 modo
765 3405 892 3461 euadere
917 3413 1029 3476 posset,
1048 3402 1121 3460 soris
1141 3403 1268 3459 militum

117 3496 203 3568 ponit
222 3494 396 3564 custodiam,
415 3501 445 3551 et
463 3493 495 3548 in
513 3492 612 3565 ipsum
631 3491 800 3548 cubiculum
821 3492 992 3564 importuna
1013 3508 1081 3548 eam
1099 3491 1269 3564 assequitur
1282 3509 1312 3562 35

119 3582 264 3640 custodia.
301 3578 542 3653 Procedit[que]⁷
557 3580 680 3636 tandem
696 3579 781 3651 virgo
799 3579 884 3653 quasi
903 3581 942 3636 ad
961 3587 1078 3636 secreta
1095 3589 1201 3635 nature
1219 3579 1269 3636 vbi

119 3678 208 3742 turpe
220 3677 283 3726 erat
297 3669 414 3725 mares⁰
427 3668 528 3740 sequi:
549 3675 578 3724 et
591 3667 783 3740 presentibus
796 3669 912 3724 duabus
930 3667 1039 3740 puellis
1052 3674 1142 3723 exuta
1156 3683 1269 3739 pompa

119 3767 366 3814 omamentorum
385 3765 415 3812 et
433 3755 596 3823 monilium,
609 3772 665 3827 per
682 3763 814 3811 meatum
833 3754 961 3811 cuniculi
980 3755 1087 3827 angelo
1106 3755 1182 3810 duce
1199 3754 1269 3826 iuga

119 3845 269 3914 dilabitur,
282 3853 371 3918 atque
384 3843 415 3899 in
426 3843 496 3900 villa
508 3844 547 3900 de
560 3841 741 3899 Werewelle
761 3842 918 3899 cuiusdam
930 3841 1111 3916 paupercule
1124 3841 1241 3914 tugurio
1249 3841 1268 3911 ⁸,

117 3943 151 3992 vt
175 3932 321 4002 mendica,
347 3931 496 4004 hospitata
521 3939 574 3987 est
624 3930 653 3986 A
677 3931 837 3987 curialibus
860 3930 992 4002 undique
1017 3929 1268 3986 conclamantibus
1281 3951 1315 4000 40

120 4021 266 4094 queritur,
291 4020 345 4076 sed
368 4035 556 4092 nequaquam
577 4017 736 4090 reperitur.
782 4017 872 4074 Mane
892 4027 992 4075 autem
1011 4017 1096 4088 iacto,
1116 4017 1268 4074 accersitis

155 4244 162 4274 ¹
181 4245 211 4294 T.
221 4244 363 4306 Wiltonie;
380 4243 408 4293 E.
420 4243 564 4294 Wintonie.
692 4241 703 4272 ¹
720 4242 749 4292 E.
761 4243 928 4293 minarumne.
1057 4239 1067 4269 ⁸
1083 4241 1113 4290 T.
1126 4241 1155 4290 E.
1168 4241 1269 4292 irritire.

119 4311 161 4342 ⁴⁴
178 4311 209 4361 T.
220 4311 369 4372 languorem
381 4309 490 4360 simulat.
558 4309 613 4360 ⁸13.
626 4309 709 4372 parari
721 4310 849 4370 regaliter.
921 4306 976 4358 ’Β
990 4306 1082 4357 attolit.
1156 4305 1271 4368 'soT.;

122 4377 153 4429 E.
167 4391 216 4428 om.
229 4392 286 4440 que.
354 4375 410 4427 ’Β
424 4375 507 4428 maris.
572 4375 627 4426 'T.
640 4375 763 4440 tugurrio.
