3052 4896
278 309 351 398 496
590 301 722 388 lucta
746 293 937 401 [tamid
961 293 1115 400 fingite.
1241 301 1284 377 [1.
1296 313 1435 367 rensc

318 511 342 572 ‘l
362 509 449 582 Quod
463 511 502 567 de
514 507 621 582 quouis
634 517 805 565 sanctorum
819 507 923 565 ordine
935 507 1037 581 plures
1050 506 1109 564 illis
1123 508 1255 565 obuiam
1269 509 1400 567 veniunt

460 597 509 670 qui
522 597 638 654 animas
650 596 767 653 illarum
780 597 818 652 ad
831 595 955 654 celestia
967 594 1074 669 gaudia
1086 596 1259 668 perferant.

312 715 475 784 ‘Vniuersi
499 726 656 784 celestium
681 725 819 782 ordinum
843 725 936 794 chori,
955 733 1018 782 tam
1037 725 1218 799 augelorum
1245 743 1345 799 quam
1372 723 1438 781 reli·
1506 749 1507 760 ¹

276 831 403 889 quorum
417 823 598 884 sanctorum,
611 813 705 886 inquit
719 815 826 871 eadem
838 813 933 886 virgo,
946 814 984 871 de
997 813 1060 870 suis
1073 813 1228 870 consociis
1245 813 1341 886 plura
1353 813 1438 869 nobis

276 903 396 960 obuiam
415 902 496 960 milia
515 902 671 971 miserunt,
684 910 786 974 preter
797 900 933 968 thronos,
945 901 996 974 qui
1009 917 1121 975 paucos
1137 901 1178 956 de
1194 917 1256 956 suo
1270 903 1398 974 agmine
1409 900 1438 955 in

276 1007 434 1050 occursum
447 999 582 1048 nostrum
595 988 780 1047 direxerunt.
816 988 933 1046 Throni
948 1005 1078 1061 namque
1094 989 1134 1044 ita
1154 989 1186 1044 in
1207 989 1261 1046 dei
1281 989 1438 1063 presentia

248 1079 442 1148 sconlirmati
461 1087 540 1149 sunt,
559 1087 591 1134 vt
610 1077 695 1134 facile
713 1078 751 1133 ab
770 1094 806 1134 eo
824 1079 959 1149 separari
978 1094 1036 1132 non
1055 1076 1183 1148 possint.
1223 1077 1291 1134 Sed
1311 1096 1384 1135 cum
1404 1077 1437 1133 ab

277 1167 392 1242 augelis
402 1168 432 1224 in
442 1167 539 1224 celum
548 1164 770 1237 deser[r]emur,
780 1164 852 1238 ipsi¹
864 1165 957 1221 sancti
970 1166 1055 1222 nobis
1064 1165 1175 1237 vbique
1185 1163 1325 1222 letantes
1335 1181 1437 1222 occur·

277 1265 387 1314 rerunt.
424 1254 557 1312 Vicinius
574 1261 676 1310 tamen
692 1253 778 1310 nobis
794 1261 879 1310 erant
897 1253 1081 1328 propiusque
1098 1253 1136 1308 ad
1155 1269 1215 1310 nos
1236 1264 1438 1311 accesserunt

277 1342 467 1401 sanctarum*
489 1341 638 1414 virginum
669 1341 884 1409 multitudines,
913 1350 1002 1414 atque
1032 1340 1189 1397 beatarum
1221 1349 1437 1398 matronarum
1506 1381 1507 1384 η

276 1433 365 1500 acies,
384 1447 444 1504 que
463 1429 549 1503 quasi
567 1429 703 1486 certatim
722 1429 760 1486 ad
779 1446 834 1486 nos
853 1437 1052 1502 properantes
1072 1427 1254 1485 familiarius
1275 1431 1369 1486 nobis
1387 1431 1437 1486 ad·

233 1537 264 1574 ιο
277 1518 430 1576 heserunt.
468 1517 506 1574 Et
526 1534 594 1574 cum
614 1517 726 1590 apertis
749 1517 831 1587 celis,
851 1517 889 1573 ab
912 1517 1026 1590 angelis
1047 1515 1219 1588 ceterisque
1243 1520 1365 1574 sanctis
1388 1517 1437 1590 qui

276 1605 364 1664 nobis
382 1607 548 1679 gaudentes
567 1614 767 1673 occurrerant,
785 1621 854 1661 cum
874 1603 987 1677 ingenti
1005 1603 1136 1678 tripudio
1154 1603 1437 1674 introduceremus,

276 1693 408 1752 vniuersi
430 1693 525 1750 ferme
547 1692 641 1750 sancti
661 1691 712 1764 qui
732 1692 763 1748 in
785 1692 849 1749 celo
870 1700 1085 1760 remanserant,
1107 1708 1175 1748 curn
1197 1708 1328 1749 summo
1350 1695 1437 1750 nobis

276 1781 383 1856 gaudio
398 1789 591 1838 occurrerunt
603 1799 610 1850 ;
629 1781 730 1836 omnia
741 1781 878 1836 cantibus
897 1779 1059 1837 dulcisonis
1072 1797 1106 1836 ac
1119 1778 1299 1836 iubilatione
1314 1781 1437 1854 replent

276 1869 464 1938 suauissima,
477 1868 507 1924 in
520 1867 702 1942 presentiam
721 1867 834 1924 domini
853 1876 943 1940 atque
961 1867 992 1924 in
1011 1875 1207 1939 conspectum
1218 1865 1229 1897 ³
1242 1869 1359 1926 matris
1371 1869 1436 1926 eius

233 1975 262 2026 15
276 1958 406 2033 gloriose
420 1973 475 2012 nos
488 1956 663 2028 perducunt.
701 1954 759 2026 Qui
773 1965 874 2012 nostre
887 1955 1026 2013 continuo
1039 1954 1287 2028 congratulantes
1297 1957 1435 2023 victorie,

277 2047 379 2104 iubent
393 2042 532 2116 angeli[s]
549 2051 696 2116 quatenus
713 2043 797 2100 stolis
815 2043 973 2100 induamur
984 2042 1188 2116 virginalibus,
1201 2043 1329 2100 coronis
1344 2046 1433 2101 ador·

276 2131 580 2205 nemurpresulgidis.
618 2129 839 2187 introducimur
851 2129 998 2204 siquidem
1015 2130 1046 2186 in
1065 2129 1253 2186 mansionem
1275 2133 1432 2203 quandam

275 2239 293 2278 a
306 2221 413 2279 ceteris
422 2218 587 2292 virginibus
600 2217 694 2276 sacris
703 2217 714 2250 ⁴
724 2219 897 2286 seiunctam,
906 2219 964 2274 iam
974 2227 1042 2274 ante
1057 2217 1143 2274 nobis
1156 2235 1174 2273 a
1186 2217 1246 2274 deo
1257 2217 1270 2248 ⁸
1283 2236 1431 2292 prepara-

275 2319 346 2380 tam,
365 2307 415 2366 vbi
434 2306 547 2380 pariter
565 2324 620 2364 nos
638 2306 778 2363 vndecim
798 2305 880 2364 milia
891 2306 1040 2380 virginum
1059 2322 1126 2363 cum
1146 2306 1302 2380 perhenni
1322 2325 1429 2364 sumus

232 2415 263 2452 ao
276 2396 455 2454 iocunditate
464 2395 599 2452 letantes.
622 2393 741 2466 ⁸[luxta
749 2403 849 2450 autem
860 2411 915 2451 nos
924 2393 954 2450 in
963 2403 1049 2467 parte
1058 2411 1118 2450 vna
1127 2409 1215 2450 meus
1224 2403 1273 2449 est
1284 2412 1428 2467 sponsus,
1506 2401 1507 2456 l

276 2493 306 2542 et
322 2483 355 2540 B.
369 2483 450 2557 Papa
464 2481 612 2554 Cyriacus,
626 2499 694 2539 cum
709 2481 831 2554 reliquis
844 2481 995 2538 sodalibus
1009 2481 1120 2538 nostris
1129 2481 1212 2550 viris,
1221 2481 1252 2536 in
1267 2483 1427 2538 mansione

275 2572 403 2645 quadam
425 2569 586 2644 perlucida,
605 2579 710 2626 eterna
732 2568 824 2626 letitia
844 2567 1050 2643 gaudentes.]⁶
1087 2568 1133 2625 Ex
1151 2567 1247 2625 latere
1272 2587 1352 2627 sane
1370 2587 1427 2626 vno

275 2667 411 2715 matrone
430 2675 515 2714 sacre
534 2667 688 2715 consortes
707 2666 809 2714 nostre
829 2657 1001 2732 deputatam
1020 2655 1077 2712 sibi
1095 2656 1208 2714 habent
1228 2656 1425 2724 mansionem,
1506 2711 1507 2714 ,

274 2745 416 2802 ineffabili
436 2745 568 2802 claritate
595 2745 833 2814 choruscantem,
852 2743 883 2800 in
905 2761 965 2817 qua
982 2752 1014 2800 et
1035 2745 1100 2816 ipse
1123 2742 1200 2800 felici
1222 2746 1338 2816 gaudio
1359 2755 1425 2801 suut

231 2855 260 2907 25
275 2833 444 2892 exultantes
462 2841 617 2906 perpetuo.
655 2832 749 2889 Porro
768 2833 874 2890 beatus
894 2830 1022 2888 Michael
1039 2840 1070 2888 et
1098 2839 1221 2887 sanctus
1241 2833 1425 2905 euangelista

276 2922 434 2990 lohannes,
459 2919 510 2993 qui
535 2921 659 2978 comites
684 2919 786 2976 nobis⁴
809 2917 954 2976 indiuidui
979 2919 1098 2976 luerunt
1122 2935 1157 2974 ac
1188 2920 1335 2977 custodes
1366 2929 1423 2976 toto

275 3011 381 3068 itinere
395 3017 497 3065 nostro
516 3008 688 3075 extiterunt,
701 3006 918 3080 cumpluribus
936 3007 1112 3080 angelorum
1127 3007 1283 3079 obsequiis
1298 3017 1330 3064 et
1343 3025 1423 3064 sanc·

274 3111 383 3168 torum,
395 3114 463 3153 cum
480 3113 536 3169 ego
553 3095 617 3152 lere
636 3095 769 3152 omnium
783 3095 948 3152 nouissima
965 3095 1163 3162 interimerer,
1176 3095 1314 3151 animam
1329 3113 1421 3153 meam

274 3205 344 3244 cum
357 3201 475 3242 summa
486 3183 584 3240 leticia
600 3183 807 3255 suscipientes,
821 3183 944 3240 domino
956 3199 1070 3255 sueque
1087 3181 1224 3254 genitrici
1238 3184 1331 3239 beate
1344 3184 1422 3240 ‘eam

230 3291 262 3342 30
275 3273 404 3330 offerunt
416 3273 644 3345 presentantes!
668 3269 726 3326 Hic
740 3287 846 3328 reuera
858 3271 963 3327 beatus
975 3279 1057 3327 extat
1069 3268 1139 3326 finis
1148 3269 1301 3342 virginum
1317 3271 1422 3327 beatis·

274 3360 417 3419 simarum
431 3357 570 3416 vndecim
590 3357 703 3414 milium
716 3357 926 3432 sociorumque
939 3357 1057 3414 illarum
1070 3357 1225 3413 laudabilis
1239 3367 1273 3413 et
1285 3369 1422 3415 sanctus:

274 3465 333 3520 que
345 3446 486 3504 vniuerse
504 3445 693 3519 triumphalis
715 3444 797 3502 necis
813 3446 944 3518 palmam
966 3443 1190 3518 perhennisque
1202 3445 1265 3502 vite
1284 3461 1421 3502 coronam

274 3533 353 3593 rosei
365 3533 512 3590 effusione
527 3532 641 3590 cruoris
658 3535 766 3606 adepte
784 3543 854 3590 sunt
870 3533 1033 3606 gloriosam
1039 3531 1059 3600 ἵ,
1073 3542 1162 3605 atque
1179 3531 1303 3588 celestis
1322 3533 1421 3606 sponsi

274 3620 464 3697 amplexibus
493 3621 589 3677 beatis
619 3631 766 3693 perpetuo
796 3621 951 3678 associate.
1003 3619 1063 3676 Pro
1093 3619 1178 3676 cuius
1209 3619 1292 3676 dulci
1322 3639 1421 3677 amore

229 3733 260 3786 35
274 3711 410 3786 patriam,
418 3717 571 3782 parentes,
579 3707 699 3767 diuitias
711 3717 800 3781 atque
814 3707 938 3766 delicias
951 3707 1164 3780 relinquentes,
1178 3705 1287 3763 florem
1297 3708 1421 3782 virginei

275 3799 398 3874 pudoris
417 3805 447 3852 et
467 3795 648 3852 immaculati
664 3795 847 3852 mundiciam
861 3803 1118 3853 conseruauerunt
1134 3795 1286 3866 candoris,
1302 3797 1340 3852 ab
1359 3797 1421 3870 ipso

274 3905 348 3946 sane
370 3887 401 3942 in
423 3892 526 3941 eterne
546 3883 738 3940 beatitudinis
762 3883 925 3940 thalamum
953 3884 1131 3953 introducta,
1149 3883 1272 3956 perpeti
1300 3901 1369 3942 cum
1387 3903 1420 3942 eo

273 3975 382 4051 gaudio
395 3970 601 4030 iocunditatisl
614 3970 805 4044 perfruentur
815 3972 835 4029 ⁹.

307 4129 362 4178 ¹1.
374 4128 484 4191 ipsique.
601 4123 658 4176 'B.
670 4141 808 4176 sacramur.
925 4123 983 4175 ⁸1³.
995 4131 1145 4187 conspectu.
1265 4125 1342 4175 lom.
1355 4126 1417 4176 inu.

274 4196 285 4227 ³
303 4197 332 4247 B.
346 4194 460 4244 domino.
538 4189 574 4230 ⁰-“
590 4207 621 4242 so
634 4193 674 4254 Β.,
687 4207 736 4244 om.
750 4193 776 4241 in
789 4191 818 4242 E.
896 4189 907 4221 ¹
923 4191 955 4242 B.
966 4191 1080 4254 gloriam
1173 4189 1184 4220 ⁸
1200 4190 1234 4241 B.
1246 4192 1416 4243 iucundamaa

273 4261 283 4294 ⁹
301 4259 516 4324 spernuntur.
