3036 4878
289 298 361 388 658
719 286 921 390 flpptttuit
950 287 1001 362 ll.

288 495 358 550 libet
370 495 406 548 ad
419 511 483 549 eum
496 509 559 546 cunr
572 490 765 546 oblacionibus
777 489 939 546 veniemus!
976 487 1041 544 Hiis
1053 487 1163 555 auditis,
1176 485 1315 542 maturius
1327 485 1444 542 lauent¹

289 588 317 632 et
338 577 532 631 conclamant:
560 574 682 630 ‘Sancte
703 573 862 641 Edmunde,
883 572 986 627 adiuua
1005 573 1090 627 nosl’
1128 571 1258 624 Clamore
1278 579 1378 624 autem
1401 570 1446 622 iix

289 660 445 730 propalato,
463 674 529 712 ecce
550 655 723 726 tempestatis
743 657 866 726 procella
884 655 1007 725 undique
1025 653 1189 709 concutitur.
1228 653 1285 707 liic
1301 669 1372 706 vera
1390 653 1445 706 fide

289 739 379 810 magis
392 749 515 794 armatus
528 756 611 809 quarn
627 738 732 808 gladio,
745 737 874 792 fluctibus
888 737 1013 792 obiectus
1031 735 1123 806 signat
1141 753 1256 790 arenam
1274 737 1351 789 cirus
1370 745 1445 788 sect

259 833 271 880 5
289 821 388 889 socios,
407 821 540 876 circulum
560 839 647 890 agens
666 837 729 875 cum
747 820 851 890 gladio.
890 820 1006 874 Interim
1022 819 1122 873 fluctus
1141 818 1276 888 turgescit
1292 828 1323 872 et
1342 817 1444 872 crescit

290 903 319 958 in
342 904 438 968 altum,
464 913 639 974 mortemque
663 903 791 958 minatur.
837 901 936 972 Signat
959 903 1086 970 humum,
1111 909 1193 956 vocat
1221 910 1307 971 atque
1336 902 1443 955 deum:

289 987 444 1057 fluctusque
464 985 603 1040 resistunt.
642 987 831 1040 Concrescunt
853 994 956 1052 tamen,
977 985 1034 1038 alta
1055 994 1162 1054 petunt,
1183 983 1353 1054 signumque
1371 985 1444 1038 refu·

290 1079 357 1124 tant
396 1070 457 1124 Stat
480 1068 607 1122 marein
632 1067 767 1122 excelsis:
799 1067 838 1121 hii
865 1075 981 1121 cernunt
1009 1077 1094 1138 atque
1120 1075 1293 1136 stupescunt.
1332 1067 1444 1121 Crescit

290 1151 383 1206 adhuc
402 1161 521 1222 pontus:
552 1162 593 1206 set
613 1167 662 1204 eos
681 1166 737 1203 non
756 1149 865 1204 transiit
887 1149 971 1204 unda.
1008 1150 1181 1218 Expectant:
1209 1148 1336 1204 fenestra
1354 1163 1446 1220 patet,

248 1232 359 1288 rodant
381 1232 487 1286 lumina
509 1233 569 1287 celi.
608 1231 691 1286 Stetit
710 1243 738 1286 et
755 1232 830 1286 unda
848 1231 937 1285 fluens
956 1241 984 1285 vt
1004 1249 1107 1300 murus,
1126 1243 1153 1286 et
1173 1231 1297 1300 undique
1319 1245 1447 1298 constat,

290 1315 398 1384 Vixque
416 1313 511 1368 vident
528 1316 628 1381 celum,
641 1325 750 1368 tantum
769 1331 847 1368 mare
864 1314 951 1369 creuit
967 1313 995 1367 in
1011 1313 1107 1368 altum.
1145 1313 1195 1367 Hii
1207 1331 1275 1369 vero
1294 1316 1322 1368 in
1343 1315 1446 1384 spiritu

290 1396 454 1450 humilitatis
480 1407 508 1450 et
532 1397 628 1451 animo
649 1395 770 1450 contrito
794 1397 830 1450 de
851 1395 996 1466 profundis
1018 1395 1177 1450 clamabant
1198 1397 1227 1450 in
1248 1399 1396 1452 excelsum
1419 1413 1447 1454 et

290 1479 419 1534 exaudita
440 1489 482 1533 est
504 1495 602 1533 eorum
623 1479 724 1533 oracio.
762 1480 799 1534 Et
820 1477 949 1550 quamuis
969 1495 1049 1534 mora
1067 1479 1152 1547 longa
1173 1496 1286 1548 semper
1306 1481 1396 1534 deum
1418 1491 1446 1535 et

292 1573 420 1616 sanctum
446 1562 628 1616 Edmundum
657 1561 835 1627 inuocabant,
862 1561 908 1615 hic
936 1579 1000 1616 curn
1025 1561 1120 1630 gladio
1149 1561 1240 1630 signat
1264 1563 1389 1616 humum
1417 1564 1446 1616 in

249 1663 276 1712 ¹5
291 1644 403 1700 nomine
422 1655 518 1699 sancte
537 1643 676 1711 trinitatis,
695 1661 769 1698 nunc
789 1645 923 1699 circulum
943 1661 1030 1712 agens
1052 1644 1125 1698 circa
1147 1660 1178 1697 se
1198 1654 1226 1698 et
1246 1644 1349 1711 socios,
1368 1663 1445 1699 nunc

290 1727 446 1782 minacibus
464 1727 544 1781 undis
563 1725 615 1782 etsi
633 1726 775 1782 altissimis
790 1738 818 1780 et
838 1725 918 1796 quasi
936 1743 1022 1796 vsque
1040 1725 1078 1780 ad
1094 1725 1183 1780 nubes
1200 1725 1283 1780 elatis
1300 1727 1398 1780 obstat
1417 1741 1444 1781 et

291 1810 420 1864 minatur.
458 1811 585 1864 Tandem
599 1809 698 1863 fluctus
710 1825 787 1864 more
802 1808 908 1863 marino
921 1807 1055 1874 diffluere,
1067 1824 1172 1877 eosque
1184 1809 1254 1862 sicut
1267 1808 1346 1878 prius
1360 1826 1446 1879 super

292 1909 407 1947 arenam
417 1891 579 1964 relinquere.
613 1893 675 1945 Hec
685 1891 765 1959 inter,
774 1891 928 1961 piscatores
938 1889 1021 1946 solito
1031 1891 1170 1945 sulcantes
1183 1893 1280 1960 procul
1292 1909 1442 1961 aspexere:

291 1986 319 2030 et
342 1975 550 2045 appropiantes,
575 1983 727 2041 extraxere,
753 1985 780 2028 et
809 1974 847 2028 ad
871 1974 952 2028 litora
976 1974 1138 2044 perduxere.
1187 1974 1318 2044 Miraque
1343 1975 1444 2030 ricinis

249 2077 279 2112 ro
292 2057 475 2126 diuulgantes,
495 2057 579 2111 deum
598 2067 626 2112 et
644 2066 773 2111 sanctum
792 2056 974 2111 Edmundum
992 2056 1153 2122 laudauere,
1172 2057 1305 2127 precipue
1324 2057 1384 2112 itti²
1396 2059 1443 2129 qui

291 2141 388 2194 mortis
413 2139 536 2210 pericula
560 2150 618 2192 tam
643 2138 758 2194 mirifice
781 2155 905 2194 euasere.
948 2138 1012 2194 lliis
1037 2139 1119 2208 igitur
1142 2151 1202 2194 tota
1226 2139 1274 2194 illa
1298 2142 1443 2210 prouincia

292 2221 450 2290 diuulgatis,
466 2222 502 2276 acl
520 2232 648 2276 sanctum
668 2220 850 2276 Edmundum
870 2222 921 2276 iter
937 2239 1018 2276 suum
1036 2221 1209 2292 arripientes,
1227 2233 1255 2278 et
1274 2224 1340 2278 illuc
1358 2226 1442 2279 adue·

291 2304 410 2370 nientes,
419 2303 478 2360 eius
488 2303 634 2358 ecclesiam
648 2303 786 2358 intrauere
797 2313 825 2359 et
838 2315 904 2358 uota
917 2321 968 2358 sua
981 2321 1044 2358 cum
1057 2303 1251 2360 oblacionibus
1260 2306 1442 2362 deuotissime

292 2387 458 2456 persoluere
497 2387 607 2454 Quibus
629 2386 695 2440 visis
719 2397 747 2442 et
769 2385 880 2455 auditis,
903 2386 1035 2441 monachi
1058 2387 1097 2442 rei
1120 2387 1265 2444 veritatem
1288 2407 1322 2444 ex
1344 2391 1441 2444 ordine

249 2491 277 2539 ²5
292 2479 506 2537 perscrutantes,
531 2469 614 2522 laude
644 2469 810 2524 multimoda
839 2470 923 2524 deum
950 2479 979 2524 et
1007 2480 1136 2525 sanctum
1165 2471 1349 2528 Edmundum
1379 2491 1441 2528 curn

291 2549 403 2618 ympnis
422 2560 449 2604 et
468 2551 580 2620 organis
599 2551 757 2607 laudauere.

316 2765 365 2816 DE
383 2773 569 2818 PEREGRINO
588 2775 628 2817 ET
646 2775 755 2819 VXORE
773 2777 833 2820 SUA
852 2776 910 2820 SUB
927 2777 1024 2821 VNDlS
1043 2777 1141 2821 tintus
1159 2779 1179 2820 A
1198 2779 1425 2824 sunnnxstottr:

663 2858 873 2902 MIRABILITER
892 2860 1068 2904 Ltttttmts.

358 2967 429 3023 Liud
455 2967 608 3036 consimile,
630 2969 781 3023 iocundum
805 2979 833 3024 et
858 2969 968 3038 insigne
991 2970 1107 3039 contigit
1130 2970 1305 3038 miraculum,
1330 2973 1442 3028 diuerso
1509 2951 1510 2964 ἵ

391 3063 487 3108 tamen
509 3061 642 3122 tempore.
678 3052 730 3106 Vir
751 3051 865 3122 quidam
884 3053 1002 3108 deuotus
1024 3063 1106 3108 natus
1125 3055 1162 3108 de
1184 3055 1393 3126 Northfolchia,
1413 3059 1439 3111 in

292 3136 362 3190 mari
381 3136 504 3206 procella
523 3135 656 3203 seuiente,
675 3145 703 3191 ct
721 3135 786 3190 naui
805 3153 857 3190 sua
875 3135 1067 3206 naufragante,
1087 3139 1185 3192 ceteris
1204 3141 1388 3208 pereuntibus
1407 3141 1441 3194 ad

248 3240 279 3288 30
292 3215 447 3273 harenam⁸
464 3221 607 3274 subtracto
625 3219 696 3273 mari
713 3219 882 3274 exsiccatam
901 3237 964 3273 cnm
978 3237 1062 3274 vxore
1081 3238 1132 3276 sua
1148 3222 1326 3292 naufragium
1344 3225 1441 3279 euasit.

294 3303 365 3357 Cum
389 3313 482 3357 autem
506 3319 584 3356 mare
609 3303 790 3357 uehementer
817 3303 952 3370 reflueret,
978 3303 1076 3358 videns
1106 3303 1161 3358 sibi
1191 3317 1311 3360 mortem
1342 3307 1441 3362 iterato

293 3385 456 3456 proximam,
488 3385 615 3440 flebiliter
643 3385 689 3440 dei
720 3385 939 3440 misericordiam
970 3385 1129 3456 implorauit
1156 3386 1367 3460 gloriosumque
1399 3391 1440 3446 dei

293 3467 435 3522 martirem
455 3468 636 3523 Edmundum
655 3469 784 3540 precibus
803 3469 953 3535 inuocauit,
967 3478 996 3523 et
1015 3469 1043 3524 in
1058 3469 1119 3524 eius
1131 3470 1232 3525 virtute
1247 3472 1359 3541 plenius
1376 3493 1441 3530 con-

294 3551 392 3616 fidens,
406 3551 537 3606 circulum
557 3552 631 3606 circa
651 3569 681 3606 se
696 3563 724 3606 et
736 3569 848 3607 vxorern
861 3569 941 3606 suam
953 3569 1016 3606 curn
1030 3571 1079 3608 sue
1092 3554 1329 3623 peregrinacionis
1341 3557 1443 3612 baculo

248 3649 278 3697 35
293 3634 369 3701 fecit,
388 3651 456 3688 voce
476 3651 579 3703 magna
601 3635 727 3689 clamans
748 3636 785 3689 ad
804 3652 883 3690 mare
903 3645 931 3689 et
951 3635 1067 3691 dicens:
1088 3637 1096 3664 ‘
1107 3637 1139 3690 ln
1162 3637 1263 3692 virtute
1283 3640 1329 3694 dei
1352 3642 1441 3696 omni·

293 3717 417 3788 potentis
430 3727 457 3772 et
477 3735 511 3771 ex
530 3729 608 3787 parte
627 3717 741 3786 gloriosi
761 3718 834 3787 regis
854 3729 881 3772 et
896 3718 1017 3773 martiris
1037 3719 1180 3774 Edmundi
1192 3720 1244 3774 tibi
1258 3724 1397 3790 prohibeo
1409 3743 1442 3780 ne

293 3801 374 3856 nobis
390 3817 501 3867 noceas,
519 3817 572 3854 nec
591 3799 664 3854 infra
685 3801 818 3854 circulum
838 3801 923 3855 istum
939 3802 1041 3856 intrare
1064 3803 1184 3858 audeas.¹
1223 3805 1298 3858 Mira
1319 3807 1443 3864 dicturus

294 3902 365 3952 sum,
385 3895 428 3938 set
446 3900 527 3938 vera:
554 3899 632 3936 mare
652 3883 791 3938 seuienter
809 3884 1015 3954 superundauit,
1035 3903 1086 3940 nec
1102 3887 1234 3941 circulum
1259 3888 1384 3960 intrauit,
1402 3906 1442 3947 set

294 3968 373 4038 quasi
392 3984 487 4021 murus
506 3966 611 4020 solidus
629 3976 658 4019 et
677 3967 750 4021 altus
768 3967 890 4038 vndique
909 3967 983 4022 circa
1001 3969 1134 4024 circulum
1152 3971 1236 4036 stetit,
1255 3973 1349 4028 donec
1367 3993 1442 4031 more

248 4071 280 4117 40
293 4051 376 4104 solito
400 4059 584 4104 reuerteretur
612 4048 639 4103 in
664 4049 800 4118 abissum,
827 4050 939 4105 Christo
966 4052 1050 4106 lhesu
1075 4070 1138 4108 cum
1166 4065 1264 4108 sancto
1290 4056 1441 4114 Edmundo

293 4132 460 4202 prouidente
480 4131 711 4200 naufragancium
737 4132 827 4187 saluti.
865 4133 952 4188 Cuius
976 4135 1119 4204 magnalia
1142 4136 1225 4206 longe
1247 4139 1305 4192 late
1331 4143 1442 4212 uulgata

294 4225 449 4282 patescunt.

425 4353 433 4382 ¹
451 4369 470 4402 r.
482 4363 579 4404 vovent.
763 4355 773 4386 ²
791 4356 845 4406 MS.
859 4357 910 4408 ille.
1092 4359 1102 4386 ³
1119 4359 1173 4411 MS.
1183 4359 1314 4412 barduam.
