3054 4904
284 264 359 358 De
383 261 547 353 emta
572 263 728 366 loseph
755 265 806 354 at
831 263 1053 362 atalanta.
1199 271 1241 342 81

90 467 207 542 loseph
222 469 306 544 prius
318 469 499 544 baptizauit¹
512 469 543 528 in
558 469 677 530 ciuitate
694 469 811 543 Sara[z]
820 470 839 540 ¹,
852 488 920 528 cum
939 489 1011 544 rege
1025 470 1161 528 eiusdem
1173 469 1246 526 ciui·

87 556 164 614 tatis
183 559 231 616 cui
249 575 360 616 nomen
380 557 558 616 Mordraius.
595 558 650 616 Cui
668 558 809 616 dominus
827 568 933 632 postca
950 559 981 616 in
1000 559 1066 616 visu
1085 575 1246 632 apparens

89 662 204 704 manus
226 655 257 704 et
277 647 373 719 pedes
392 645 567 719 perforatos,
587 663 656 702 cum
675 646 769 704 latere
789 646 915 704 lanciato
939 647 1077 704 ostendit
1114 647 1171 704 Cui
1190 664 1246 705 rex

89 733 183 805 quasi
205 733 332 790 multum
351 734 539 807 compatiens
559 733 653 791 dixit:
683 734 728 790 ‘O
747 734 869 792 domine
889 735 966 792 deus
987 752 1082 806 meus,
1104 737 1172 807 quis
1194 734 1247 792 tibi

90 821 167 878 talia
190 821 304 878 inferre
328 823 548 895 presumpsitt’
585 821 623 878 Et
647 823 805 879 dominus:
833 821 916 879 ‘Hec
941 822 1023 890 mihi,
1049 822 1152 896 inquit,
1178 822 1276 880 secitt

91 909 234 981 perfidus
247 927 302 966 rex
316 909 497 978 Nortwallie,
511 911 561 982 qui
574 926 696 966 seruum
714 927 815 966 meum
833 909 953 983 loseph,
966 927 1077 967 nomen
1095 927 1197 968 meum
1215 911 1247 966 in

90 997 234 1068 partibus
255 996 319 1054 suis
339 998 554 1070 predicantem,
574 1013 643 1054 cum
665 997 754 1054 sociis
774 997 837 1054 suis
862 998 974 1054 carceri
996 999 1185 1070 mancipauit,
1204 999 1247 1054 in·

90 1084 270 1142 humanitus
283 1101 398 1158 negans
410 1084 455 1142 eis
468 1084 557 1142 victui
570 1085 749 1142 necessaria.
778 1085 825 1141 Tu
838 1102 911 1157 ergo
923 1086 1021 1158 gladio
1034 1095 1085 1142 tuo
1097 1087 1248 1144 accinctus

92 1172 135 1228 ad
149 1181 253 1244 partes
265 1171 332 1230 illas
344 1189 508 1245 properare
526 1187 565 1228 ne
578 1172 709 1240 differas,
721 1181 754 1230 vt
771 1172 934 1230 vindictam
953 1172 1045 1230 facias
1057 1175 1096 1230 de
1108 1183 1247 1246 tyranno,

92 1269 125 1317 et
140 1276 249 1316 seruos
262 1276 347 1317 meos
359 1260 461 1317 soluas
473 1277 492 1316 a
503 1259 648 1317 vinculis?
686 1260 755 1318 Rex
767 1269 868 1318 autem
881 1260 1027 1333 euigilans
1039 1270 1069 1318 et
1082 1263 1121 1318 de
1132 1261 1248 1319 visione
1265 1265 1295 1302 ¹0

91 1347 239 1404 exultans
256 1347 287 1404 in
305 1347 437 1417 domino,
455 1347 601 1421 disposita
617 1348 707 1404 domo
724 1357 823 1406 suaet
839 1366 942 1421 regno,
956 1350 1013 1405 iter
1031 1365 1099 1406 cum
1114 1349 1248 1406 exercitu

92 1452 153 1491 suo
167 1435 302 1508 arripuit,
314 1444 345 1492 et
356 1436 414 1492 deo
431 1437 559 1492 ducente
576 1437 614 1492 ad
632 1436 730 1492 locum
748 1439 940 1510 perueniens,
953 1439 1017 1509 regi
1034 1438 1150 1510 prefato
1166 1455 1248 1494 man·

92 1523 181 1578 dauit
193 1523 334 1595 quatinus
346 1541 453 1580 seruos
465 1523 514 1580 dei
526 1524 638 1580 liberos
648 1523 731 1581 abire
741 1526 936 1596 permitteret.
962 1524 1016 1581 llle
1025 1542 1098 1582 vero
1107 1526 1249 1582 mandato

93 1609 164 1666 eius
181 1611 353 1667 nullatenus
370 1611 573 1684 acquiescens,
587 1611 615 1668 ei
632 1629 700 1668 cum
717 1611 921 1684 indignatione
939 1612 1091 1669 mandauit
1108 1614 1249 1686 quatinus

93 1699 214 1770 absque
234 1715 318 1755 mora
336 1699 375 1755 de
393 1707 473 1756 terra
492 1717 547 1756 sua
565 1698 669 1757 exiret.
707 1699 774 1769 Quo
792 1700 901 1770 audito,
914 1717 969 1756 rex
986 1699 1155 1757 Mordraius
1166 1701 1249 1757 venit
1265 1706 1294 1756 ¹5

97 1795 206 1842 contra
223 1803 293 1843 eum
310 1803 378 1842 cum
397 1804 453 1844 suo
466 1787 599 1844 exercitu
618 1796 648 1843 et
665 1788 741 1844 duce
759 1787 890 1844 Naciano
903 1796 1178 1859 supramemorato:
1198 1788 1249 1860 qui

93 1875 199 1945 ipsum
214 1873 244 1930 in
262 1874 341 1930 bello
358 1874 436 1931 iusta
447 1874 558 1931 vltione
577 1876 712 1946 peremit
749 1875 834 1930 Tunc
849 1892 904 1931 rex
917 1858 1089 1931 Motdraius
1101 1875 1249 1932 accedens

96 1961 136 2017 ad
150 1979 314 2030 carcerem,
328 1961 439 2035 loseph
453 1979 522 2018 cum
535 1962 625 2018 sociis
637 1962 701 2019 suis
712 1964 744 2018 in
758 1978 867 2034 magno
880 1962 988 2034 gaudio
1000 1962 1113 2029 eduxit,
1121 1979 1250 2018 narrans

94 2050 124 2105 ei
137 2048 288 2106 visionem
302 2049 382 2122 [sibi]
397 2058 551 2107 ostensam
563 2067 581 2106 a
594 2050 715 2106 domino
727 2067 820 2122 super
832 2049 1006 2107 liberatione
1018 2067 1133 2106 eorum.
1164 2049 1249 2106 Tunc

96 2136 234 2194 vniuersi
246 2136 355 2210 gaudio
368 2137 605 2210 magno'repleti,
618 2138 783 2194 immensas
796 2137 958 2209 gratiarum
975 2135 1108 2193 actiones
1127 2136 1249 2193 domino
1265 2147 1297 2184 ²0

98 2225 326 2297 persoluebant.
401 2213 477 2282 Post
503 2225 559 2281 hec
581 2225 691 2297 loseph
711 2243 780 2282 eum
800 2225 861 2281 filio
883 2242 939 2281 suo
962 2223 1060 2282 losese
1085 2241 1119 2280 ac
1143 2225 1250 2281 decem

96 2312 166 2368 aliis
185 2311 283 2382 sociis,
299 2321 495 2385 peragrantes
516 2312 710 2382 Britanniam,
730 2321 875 2384 regnante
896 2321 966 2368 tunc
990 2311 1020 2367 in
1047 2313 1153 2368 eadem
1178 2330 1250 2384 rege

97 2399 260 2473 Aruirago,
277 2399 377 2456 'anno
398 2402 437 2457 ab
459 2399 661 2458 incarnatione
686 2399 800 2456 domini
825 2401 1015 2472 sexagesimo
1039 2401 1135 2468 tertio,
1157 2400 1249 2456 fidem

97 2487 213 2544 Christi
226 2487 405 2545 fiducialiter
416 2489 618 2561 predicabant.
650 2487 719 2544 Rex
731 2497 832 2545 autem
846 2488 991 2544 barbarus
1003 2505 1072 2545 cum
1085 2505 1140 2544 sua
1151 2496 1249 2560 gente,

98 2584 162 2631 tam
176 2591 256 2631 noua
269 2575 394 2632 audiens
407 2585 437 2632 et
453 2575 635 2642 inconsueta,
649 2593 705 2632 nec
721 2584 861 2649 paternas
875 2576 981 2632 volens
996 2575 1027 2631 in
1042 2575 1151 2632 melius
1169 2593 1250 2632 com·
1266 2583 1296 2634 ²5

98 2673 218 2719 mutare
238 2663 423 2733 traditiones,
442 2663 638 2737 predicationi
660 2681 764 2720 eorum
787 2663 958 2720 renuebat⁴.
995 2663 1072 2734 Quia
1091 2673 1191 2721 tamen
1212 2665 1249 2720 de

98 2751 192 2824 longe
209 2761 366 2820 venerant,
383 2753 447 2808 visa
464 2752 526 2809 vite
544 2769 649 2808 eorum
668 2752 823 2821 modestia,
841 2752 992 2824 quandam
1011 2752 1140 2807 insulam
1156 2751 1250 2819 siluis,

99 2839 194 2906 rubia,
213 2848 302 2912 atque
326 2839 485 2912 paludibus
507 2839 718 2908 circundatam‚
740 2839 778 2895 ab
798 2838 902 2894 incolis
922 2837 1117 2911 Ynswytryn,
1139 2838 1169 2895 id
1195 2847 1250 2908 est,

98 2927 215 2983 ‘insula
228 2927 339 2984 vitrea’
353 2936 564 3000 nuncupatam,
577 2928 608 2982 in
621 2926 765 2983 lateribus
782 2943 836 2982 sue
854 2927 986 2999 regionis
1002 2928 1039 2982 ad
1056 2926 1249 2983 habitandum

100 3013 369 3072 concessit-vnde
399 3017 520 3087 quidam
552 3014 714 3072 metricus:
749 3013 861 3070 ‘Intrat
891 3013 1080 3070 Aualloniam
1111 3015 1250 3070 duodena
1266 3023 1299 3072 30

99 3112 222 3159 caterua
230 3101 382 3159 virorum:
405 3101 475 3158 Flos
484 3103 640 3159 Annathie
651 3101 762 3175 loseph
771 3110 818 3158 est
828 3101 945 3173 primus
955 3119 1076 3159 eorum:
1096 3100 1251 3174 losephes,

101 3207 140 3246 ex
172 3189 283 3262 loseph
309 3189 439 3264 genitus,
464 3199 581 3263 patrem
612 3190 787 3246 comitatur:
822 3189 890 3245 Hiis
919 3189 1044 3262 aliisque
1073 3191 1179 3246 decem
1204 3191 1251 3246 ius

100 3276 258 3334 Glastonie
276 3277 464 3350 propt-latur!
503 3277 631 3334 Predicti
650 3277 739 3350 igitur
757 3277 851 3333 sancti
871 3276 902 3332 in
921 3278 1029 3333 eodem
1046 3278 1166 3334 deserto
1183 3294 1251 3333 con-

101 3374 269 3436 uersanteS,
289 3375 358 3438 post
377 3365 519 3438 pusillum
541 3364 689 3437 temporis
708 3381 766 3437 per
790 3364 1002 3436 archangelum
1028 3363 1198 3422 Gabrielem
1221 3365 1251 3420 in

101 3452 219 3509 visione
239 3452 384 3509 admoniti
405 3461 476 3510 sunt
497 3453 654 3509 ecclesiam
676 3454 707 3507 in
728 3452 842 3509 honore
863 3461 966 3509 sancte
984 3451 1032 3508 dei
1051 3453 1203 3525 genitricis
1222 3461 1252 3508 et
1266 3459 1297 3510 35

101 3549 248 3613 perpetue
261 3539 385 3614 virginis
404 3539 498 3596 Marie
515 3541 546 3596 in
562 3540 628 3596 loco
645 3538 708 3595 eis⁶
725 3539 830 3596 celitus
847 3541 1051 3596 demonstrato
1068 3549 1251 3596 construere.

103 3625 162 3696 Qui
194 3626 304 3684 diuinis
334 3627 587 3684 admonitionibus
617 3627 800 3696 obedientes,
832 3627 977 3700 capellam
1008 3628 1166 3700 quandam,
1195 3645 1252 3701 per

102 3713 256 3771 circuitum
269 3715 362 3787 virgis
374 3715 518 3788 torquatis
532 3731 634 3771 muros
650 3715 851 3787 perficientes,
864 3725 1158 3784 consummauerunu
1171 3732 1252 3770 anno

102 3811 171 3872 post
183 3803 358 3875 passionem
370 3803 483 3859 domini
497 3802 647 3859 tricesimo
658 3802 766 3876 primo,
775 3803 812 3858 ab
825 3802 1030 3876 assumptione
1041 3820 1114 3859 vero
1127 3802 1251 3875 virginis

104 3889 234 3960 gloriose
242 3889 473 3963 quintodecimo,
483 3890 590 3947 eodem
600 3891 712 3946 autem⁶
721 3908 801 3946 anno
809 3908 868 3963 quo
878 3891 916 3946 ad
929 3899 1067 3947 sanctum
1078 3889 1251 3962 Philippum
1265 3897 1300 3948 40

105 3978 274 4048 apostolum
287 3979 318 4034 in
333 3977 444 4035 Gallias
456 3987 602 4034 venerant
615 3986 645 4033 et
658 3978 695 4033 ab
709 3996 745 4034 eo
757 3978 789 4033 in
808 3977 993 4034 Britanniam
1010 3977 1095 4034 missi
1107 3985 1194 4046 sunt;
1214 3994 1253 4033 ex

105 4063 230 4120 deformi
243 4065 364 4138 quidem
378 4075 519 4134 scemate,
533 4067 586 4122 sed
600 4067 649 4122 dei
662 4065 864 4139 multipliciter
875 4066 1049 4121 adornatam
1061 4063 1177 4120 virtute.
1216 4063 1253 4120 Et

107 4167 173 4209 curn
187 4153 243 4210 hec
256 4155 288 4210 in
301 4154 356 4210 hac
369 4155 491 4226 regione
504 4153 602 4227 prima
618 4153 706 4210 suerit
724 4153 859 4223 ecclesia,
871 4151 1010 4225 ampliori
1028 4169 1095 4208 eam
1111 4151 1254 4224 dignitate

136 4275 197 4328 ¹H.
211 4279 393 4341 baptizauerat.
455 4277 513 4330 ¹1¹3.
527 4280 625 4331 Seram.
685 4279 788 4330 'From
801 4279 872 4329 Will.
882 4279 1050 4336 Malm,with
1061 4279 1106 4328 the
1118 4281 1255 4343 exception

107 4341 186 4392 nithe
198 4343 255 4394 four
266 4361 365 4397 verses.
431 4343 491 4398 ‘al
502 4347 651 4396 consentire
663 4361 718 4396 ren.
784 4345 917 4396 ⁶E.eius.
980 4343 1163 4397 ⁶H.scilicet.

139 4441 204 4484 VOL.
217 4443 248 4484 11.
672 4444 692 4484 G
