3054 4904
408 278 483 373 Do
506 276 670 368 sunm
697 279 930 368 liutmun
1172 308 1240 379 143

82 478 207 537 iusticia
227 490 256 538 et
277 479 426 553 iudicium,
447 480 562 538 furibus
581 489 610 538 et
629 481 799 554 raptoribus
820 482 981 540 atrociores
1005 492 1100 552 erant,
1122 493 1152 541 et
1177 503 1241 542 om-

82 568 180 624 nibus
199 568 367 624 senissimis
388 570 564 626 seueriores.
612 569 680 626 Rex
701 569 768 642 ipse
786 570 960 628 Willelmus
979 589 1047 628 cum
1065 574 1104 629 ad
1122 573 1240 630 firmam

80 667 186 712 terras
208 673 279 712 suas
298 666 410 728 quanto
431 657 548 714 carius¹
568 665 683 729 poterat
702 657 845 728 dedisset,
863 658 912 715 alii
932 659 1027 732 magis
1046 660 1192 730 offerenti,
1211 670 1241 717 et

80 744 234 816 deinceps
247 743 305 814 alii,
318 761 441 816 semper
453 744 610 817 negligens
623 754 742 817 pactum
758 755 788 802 et
806 746 844 802 ad
861 747 973 803 maiora
992 749 1126 817 studens,
1142 749 1240 819 dabat,

80 849 143 889 nec
158 841 223 888 erat
234 849 307 889 cura
319 841 429 905 quanta
441 831 550 889 iniuria
567 833 750 907 pauperibus
763 851 781 890 a
793 834 955 908 prepositis
967 835 1063 893 lieret.
1254 854 1268 905 5

154 1115 277 1188 ll'Dr
296 1145 411 1186 sancro
433 1117 619 1186 Laurenno
637 1145 879 1188 naeniarrscoro
898 1148 935 1188 rr
953 1131 1171 1191 conrassoaa⁸.

79 1281 297 1412 ASsunipto
322 1286 360 1342 ad
385 1285 506 1342 celestia
530 1286 588 1342 deo
612 1284 721 1342 dilecto
751 1294 838 1358 patre
868 1286 1039 1360 Augustino
1069 1287 1238 1361 Anglorum
1256 1305 1285 1344 ro

187 1371 331 1444 apostolo,
357 1373 489 1447 suscepit
514 1373 720 1447 episcopatum
745 1373 875 1431 famulus
905 1375 1018 1432 Christi
1050 1376 1238 1448 Laurentius,

79 1475 179 1531 quem
199 1459 265 1532 ipse
286 1460 393 1517 iccirco
413 1461 510 1519 adhue
531 1461 639 1518 vinens
659 1462 850 1534 ordinauerat
872 1481 911 1518 ne
931 1479 965 1520 se
984 1463 1125 1520 defuncto
1144 1474 1238 1522 status

79 1546 215 1604 ecclesie
234 1557 295 1605 tam
315 1549 398 1605 rudis
415 1548 472 1605 ad⁴
489 1549 593 1606 horam
610 1558 732 1622 pastore
745 1550 904 1607 destitutus
916 1551 1055 1608 vacillare
1073 1552 1237 1625 inciperet;

78 1635 112 1690 in
135 1653 197 1708 quo
216 1645 246 1692 et
266 1637 440 1710 exemplum
460 1637 644 1710 sequebatur
663 1637 741 1694 beati
765 1637 846 1694 Petri
871 1639 1009 1712 apostoli,
1029 1641 1089 1712 qui,
1115 1640 1238 1697 fundata

81 1721 187 1779 Rome
211 1723 321 1780 Christi
347 1723 481 1794 ecclesia,
507 1724 695 1782 Clementem
722 1725 779 1781 sibi
810 1725 978 1784 adiutorem
1009 1728 1237 1800 euangelizandi
1253 1745 1283 1799 15

80 1811 175 1868 simul
205 1821 236 1868 et
266 1828 473 1870 successorem
504 1829 699 1870 consecrasse
730 1813 1025 1887 perhibetur-quod
1055 1823 1157 1872 tamen
1184 1833 1236 1873 ex·

80 1899 220 1972 emplum
240 1897 315 1955 nulii
331 1900 363 1956 in
379 1908 534 1973 posterum
553 1901 642 1957 debet
661 1917 731 1957 esse
749 1903 997 1974 presumendum.
1035 1901 1146 1960 Beatus
1163 1921 1237 1960 vero

82 1985 266 2043 Laurentius
287 1987 504 2061 archiepiscopi
529 1990 624 2060 gradu
648 1989 770 2061 potitus,
796 1989 992 2046 fundamenta
1016 1990 1152 2060 ecclesie,
1177 2009 1237 2064 que

80 2074 226 2131 nobiliter
243 2075 348 2131 iactata
366 2075 447 2146 vidit,
461 2086 658 2148 augmentare
678 2086 706 2133 et
725 2077 776 2149 pie
795 2076 980 2150 operationis
999 2077 1149 2151 exemplis
1166 2095 1236 2151 pro-

79 2163 197 2219 uehere
210 2163 333 2219 curauit.
359 2162 426 2219 Non
439 2163 537 2219 solum
551 2180 637 2233 noue,
651 2181 709 2236 que
723 2165 761 2220 de
770 2165 880 2237 Anglis
890 2173 955 2221 erat
966 2165 1099 2235 collecta,
1109 2165 1235 2222 ecclesie
1252 2187 1282 2225 oo

80 2266 187 2306 curam
200 2251 332 2322 gerebat,
345 2251 400 2307 sed
413 2259 443 2307 et
454 2260 591 2308 veterum
605 2251 759 2309 Britannie
770 2251 945 2321 incolarum,
959 2269 1076 2310 necnon
1090 2261 1120 2309 et
1133 2252 1235 2310 Scoto-

80 2354 151 2394 rum
171 2339 291 2412 populis
310 2339 491 2411 pastoralem
510 2338 729 2396 solicitudinem
749 2341 951 2413 impendebat.
991 2341 1131 2398 Britones
1145 2341 1235 2398 etiam

79 2435 112 2482 et
138 2426 223 2483 Scoti
243 2425 324 2483 diem
346 2443 437 2499 pasce
456 2443 516 2482 non
536 2443 592 2483 suo
612 2435 750 2500 tempore
771 2429 982 2499 obseruabant,
1003 2431 1057 2486 sed
1078 2446 1095 2485 a
1117 2438 1235 2503 quarta-

79 2513 201 2570 decima
213 2513 284 2570 luna
295 2531 391 2586 vsque
404 2515 442 2570 ad
454 2514 628 2571 vicesimam
642 2533 734 2589 pasce
753 2515 834 2573 diem
849 2517 1069 2574 obseruandam
1081 2519 1234 2590 putabant.

80 2601 209 2671 Quibus,
229 2618 296 2657 cum
322 2601 510 2674 coepiscopis
535 2603 598 2658 suis
619 2601 798 2661 Laurentius
824 2603 1057 2661 exhortatoriam
1075 2607 1112 2662 ad
1137 2606 1234 2678 eos(!)
1250 2626 1279 2682 ²5

79 2689 204 2763 scripsit
224 2689 390 2770 epistolam,
411 2690 575 2748 obsecrans
597 2709 650 2748 eos
673 2700 702 2748 et
727 2699 902 2749 contestans
927 2693 1073 2751 unitatem
1097 2693 1181 2766 pacis
1205 2703 1235 2751 et

79 2778 227 2835 catholice
240 2777 460 2834 obseruationis
473 2795 541 2835 cum
554 2795 658 2851 eaque
671 2787 733 2836 toto
744 2780 818 2836 orbe
826 2779 922 2837 effusa
931 2789 977 2838 est
987 2781 1113 2838 ecclesia
1123 2781 1235 2838 Christi

79 2875 197 2924 tenere.
276 2853 372 2922 Anno
390 2875 489 2922 autem
509 2867 623 2923 domini
647 2867 870 2925 sexcentesimo
892 2869 1097 2926 sextodecimo
1118 2877 1235 2926 mortuo

79 2971 154 3028 rege
170 2953 344 3011 Ethelberto
356 2963 386 3011 et
400 2972 417 3011 a
433 2955 519 3011 beato
538 2953 700 3011 Laurentio
716 2955 844 3028 sepulto,
858 2958 1003 3014 successit
1019 2955 1046 3012 ei
1064 2955 1142 3013 lilius
1161 2973 1234 3015 suus

82 3043 248 3111 Edbaldus,
267 3042 318 3115 qui
339 3041 468 3116 magno³
487 3043 606 3099 tenellis
627 3042 667 3099 ibi
687 3044 784 3100 adhuc
807 3043 936 3100 ecclesie
957 3045 1120 3101 crementis
1144 3045 1233 3101 detri·
1248 3065 1280 3114 30

80 3142 186 3188 mento
198 3130 261 3188 suit
298 3130 453 3204 Siquidem
468 3149 527 3187 non
540 3131 638 3188 solum
651 3131 743 3188 tidem
763 3131 874 3188 Christi
890 3131 1028 3204 recipere
1045 3130 1166 3202 noluit⁸,
1179 3134 1234 3190 sed

80 3227 110 3275 et
130 3218 279 3276 adulterio
303 3220 434 3292 pollutus
457 3235 583 3276 vxorem
608 3219 704 3291 patris
729 3218 841 3275 habuit.
880 3219 947 3276 Hoc
973 3219 1054 3276 enim
1073 3227 1234 3293 vtrumque

82 3305 201 3364 scelus⁷
220 3305 409 3362 occasionem
428 3307 510 3363 dedit
536 3308 574 3363 ad
595 3309 727 3380 priorem
747 3307 892 3363 vomitum
915 3307 1085 3364 reuertendi
1104 3307 1162 3364 hiis
1182 3308 1234 3381 qui

81 3395 139 3450 sub
158 3393 287 3466 imperio
310 3396 357 3450 sui
379 3395 514 3468 parentis
532 3395 581 3451 vel
600 3394 703 3450 fauore
721 3393 769 3450 vel
788 3394 896 3450 timore
916 3395 999 3467 regio
1017 3394 1109 3452 fidem
1131 3413 1233 3453 susce-

81 3490 193 3554 perant
201 3481 220 3537 ⁸.
252 3481 316 3538 Nec
329 3499 461 3556 superne
474 3481 593 3554 flagella
606 3481 797 3538 districtionis
810 3481 928 3554 perfido
940 3483 1004 3555 regi
1017 3483 1191 3556 castigando
1203 3493 1232 3541 et
1246 3489 1278 3551 35'

80 3569 260 3643 corrigendo
278 3569 410 3637 deluere,
423 3585 492 3624 nam
513 3570 618 3626 crebra
637 3569 748 3626 mentis
760 3569 882 3626 vesania
901 3578 931 3626 et
946 3569 1069 3642 spiritus
1086 3571 1233 3628 immundi

80 3657 239 3714 inuasione
251 3657 452 3730 premebatur.
488 3656 583 3713 Auxit
599 3665 699 3732 autem
714 3656 950 3730 perturbationis
968 3657 1130 3729 procellam
1149 3675 1232 3716 mors

82 3743 202 3802 Saberti
219 3744 300 3817 regis
316 3743 512 3801 Orientalium
529 3743 695 3813 Saxonum,
708 3744 758 3818 qui
776 3745 838 3801 lres
859 3744 939 3802 lilios
958 3761 1040 3815 suos,
1053 3747 1104 3819 qui
1123 3747 1232 3820 pagani

80 3833 328 3904 perdurauerant,
354 3831 484 3889 heredes
509 3831 637 3905 reliquit.
686 3832 839 3906 Ceperunt
864 3849 935 3889 mox
960 3833 1116 3905 ydolatrie,
1141 3849 1231 3905 quarn

81 3921 203 3977 viuente
234 3927 320 3992 patre
350 3919 566 3992 aliquantulum
597 3919 798 3978 intermisisse
825 3919 1011 3988 videbantur,
1040 3919 1140 3992 palam
1167 3937 1231 3976 ser·
1243 3943 1279 3995 40

81 4007 156 4078 uire,
182 4005 384 4080 subiectisque
406 4007 526 4080 populis
550 4008 640 4081 ydola
670 4007 787 4065 colendi
815 4007 941 4064 liberam
972 4007 1044 4063 dare
1068 4005 1229 4064 licentiam.

112 4137 122 4167 ¹
141 4137 170 4187 E.
183 4139 275 4188 carnis.
364 4139 374 4168 ¹
389 4137 452 4187 Abr.
464 4137 530 4188 from
542 4135 685 4188 Goscelin’s
691 4137 751 4186 Vita
762 4138 788 4187 in
801 4137 857 4188 MS.
868 4136 946 4200 Vesp.
960 4137 990 4187 B.
1003 4137 1063 4202 XX,
1074 4137 1151 4186 taken
1165 4137 1230 4188 from

81 4201 155 4282 Beda
170 4203 204 4255 11.
216 4220 255 4265 4.;
272 4204 316 4254 the
330 4203 554 4254 miraclesareed.
566 4205 590 4253 in
606 4205 638 4254 Α.
651 4195 702 4253 ss?
710 4203 887 4254 BollaFebr.
902 4203 921 4252 1.
933 4219 958 4266 p.
971 4219 1027 4267 290.
1071 4266 1082 4297 ι
1174 4202 1230 4282 ..T'

80 4267 485 4398 ipiffipih‘iiiiiffii}
543 4269 780 4399 &ididiae
821 4269 990 4340 'Em
1098 4269 1228 4322 E‘v⁰¹⁰¹‘’
