3008 4904
390 321 466 416 Db
489 320 657 412 bondo
681 321 898 424 aetlottut.
1149 345 1217 422 193

233 569 277 636 ’il
291 561 345 634 Da
363 592 480 634 snucrn
500 563 675 634 Manum
693 595 773 636 vmo.
793 595 831 635 ar
848 577 1040 638 nsmrrssrt'.

67 709 205 837 Vlrgo
218 721 321 770 sancta
339 711 487 771 Mildreda
503 733 542 772 ex
560 714 652 771 nobili
666 714 806 789 prosapia
823 725 888 773 orta
907 727 973 776 est:
994 716 1078 775 cuius
1091 717 1217 776 tritauus

169 799 267 856 extitit
280 800 472 859 Ethelbertus
486 801 714 860 cantuariorum
729 799 793 874 reri,
806 820 863 877 per
875 804 1087 878 Augustinum,
1100 807 1215 880 Anglo·

66 903 134 942 rum
148 887 328 960 apostolum,
342 905 517 946 conuersus.
554 889 608 947 Cui
621 889 766 948 successit
785 889 940 949 Edbaldus
958 893 1037 949 filius
1054 911 1145 964 suus;
1164 893 1217 967 qui

66 973 196 1047 qualiter
213 993 282 1032 cum
301 975 390 1049 plebe
412 978 450 1033 ad
468 977 647 1050 ydolatriam
667 977 763 1046 rediit,
783 987 812 1034 et
830 987 936 1052 postea
955 980 1088 1054 resipuit,
1107 981 1137 1037 in
1155 983 1217 1038 vita

66 1061 162 1118 sancti
193 1061 352 1120 laurencii
381 1065 522 1137 superius
549 1065 629 1122 vide.
677 1064 735 1122 Hic
762 1065 916 1124 Edbaldus
942 1066 1161 1124 Ermenredum
1185 1077 1245 1135 ets

67 1148 328 1220 Ercombertum³‚
347 1159 377 1208 et
402 1161 537 1210 sanctam
564 1151 759 1210 Eanswidam
782 1153 894 1226 genuit.
932 1153 1139 1212 Ermenredus
1160 1171 1217 1214 rex

65 1237 172 1308 genuit
186 1237 381 1296 Ethelredum
400 1249 430 1297 et
449 1239 675 1305 Ethelbrictum,
689 1249 718 1297 et
736 1240 815 1297 filias
833 1251 977 1314 quatuor:
997 1241 1216 1316 Dompneuam,

68 1323 300 1398 Ermenbirgam
308 1326 328 1396 ⁴,
342 1326 592 1401 Ermenburgam,
605 1337 635 1386 et
649 1327 887 1400 Ermengitham.
925 1328 1102 1402 Dompneua
1115 1329 1218 1404 genuit

66 1422 203 1470 sanctam
230 1411 418 1488 Milburgam,
440 1415 628 1486 lllildredam,
651 1413 829 1488 Milgitham,
854 1425 884 1473 et
911 1415 1040 1474 Merelin
1065 1417 1218 1490 puerum⁵

66 1511 214 1558 sanctum.
253 1500 419 1559 Interfectis
440 1503 521 1560 enim
541 1503 651 1560 sanctis
670 1502 840 1560 martiribus
862 1503 1038 1560 Ethelberto
1063 1513 1092 1561 et
1115 1503 1216 1564 Ethel·
1233 1521 1264 1562 to

66 1588 183 1646 bricto'
199 1607 255 1648 rex
272 1589 382 1648 Cancie
400 1589 558 1664 Egbertus,
573 1591 718 1648 accersita
736 1590 891 1648 martirum
906 1609 1010 1648 sorore
1027 1591 1217 1666 Dompneua,
1257 1599 1260 1604 '

67 1674 96 1732 in
108 1675 249 1733 Thaneto
261 1677 359 1734 insula
371 1677 468 1735 locum
482 1679 518 1734 ad
532 1679 766 1736 construendum
781 1681 994 1736 monasterium
1008 1679 1155 1736 concessit
1161 1697 1217 1753 pro

66 1780 282 1836 germanorum
294 1765 439 1823 memoria
451 1774 481 1823 et
494 1783 549 1822 sua
560 1764 752 1840 indulgentia,
766 1765 841 1823 sicut
854 1765 884 1822 in
896 1766 958 1822 vita
970 1767 1125 1822 martirum
1138 1767 1218 1824 clare

66 1851 238 1909 elucescat
276 1851 356 1910 Hinc
376 1853 456 1910 enim
478 1853 658 1926 Dompneua
681 1853 774 1910 filiam
800 1870 885 1910 suam
911 1853 1098 1924 Mildredam,
1123 1853 1217 1911 sacris

67 1939 176 1997 studiis
195 1939 397 2011 imbuendam,
418 1940 496 1997 vltra
514 1958 598 1997 mare
620 1941 715 1998 mittit.
753 1940 788 1996 ln
808 1939 934 1998 seculari
954 1940 1035 1998 enim
1057 1941 1158 1998 habitu
1178 1941 1216 1998 ad
1233 1961 1263 2015 15

67 2025 284 2084 monasterium
296 2027 454 2102 virginum,
467 2028 589 2084 nomine
606 2027 715 2084 Kalum
725 2028 744 2097 ⁸,
756 2028 912 2098 destinata,
925 2037 955 2085 et
974 2027 1087 2086 literis⁹
1103 2028 1217 2100 tradita,

66 2115 96 2169 in
109 2115 198 2172 breui
210 2124 347 2188 tempore
360 2123 482 2172 cunctas
494 2115 628 2188 virgines
647 2115 810 2172 humilitate
823 2124 853 2172 et
869 2115 1029 2172 virtutibus
1048 2116 1217 2187 superabat

69 2199 140 2258 Erat
152 2211 253 2259 autem
267 2202 403 2260 eiusdem
415 2202 567 2260 abbatisse
583 2204 772 2276 propinquus
788 2202 906 2260 iuuenis
922 2203 1102 2275 spectabilis,
1114 2203 1218 2260 nobili·

68 2289 135 2346 tatis
149 2306 261 2364 magne
274 2309 281 2346 ε
300 2307 390 2363 quem
404 2291 495 2347 totius
507 2291 577 2347 mali
590 2291 728 2347 incentor
738 2291 769 2346 in
782 2307 916 2347 amorem
928 2290 1053 2364 virginis
1065 2290 1217 2362 accendit;

68 2373 281 2446 abbatissaque
299 2374 396 2430 acrior
414 2373 549 2446 insurgit,
570 2374 720 2447 precibus,
738 2373 887 2431 blanditiis
905 2374 1036 2446 puellam
1058 2391 1218 2447 occupans,
1233 2389 1265 2428 ao

68 2463 104 2517 ad
130 2460 251 2534 nuptias
275 2460 442 2518 concitauit
486 2460 579 2535 Virgo
604 2478 676 2518 vero
701 2477 795 2534 super
818 2461 937 2518 firmam
961 2471 1088 2534 petram,
1113 2468 1219 2519 contra

68 2565 177 2606 omnes
190 2549 319 2621 impetus
332 2549 561 2622 temptationum
573 2549 706 2618 lundata,
719 2555 826 2605 cuncta
845 2565 993 2622 respuens
1007 2550 1099 2606 dixit:
1120 2548 1219 2619 ‘Quo-

69 2638 167 2706 modo,
182 2635 299 2692 doctrix
317 2635 493 2694 castimonie
510 2645 541 2692 et
559 2637 622 2692 dux
640 2634 797 2708 virginum,
810 2635 848 2692 ad
864 2637 1085 2709 corruptionem
1103 2636 1219 2694 allicis?

68 2733 166 2781 mater
178 2739 229 2779 me
242 2722 299 2779 huc
311 2723 349 2780 ad
369 2723 465 2780 scolas
484 2723 602 2794 direxit,
616 2741 676 2779 non
695 2724 733 2779 ad
748 2723 885 2796 nuptias3
905 2723 1045 2795 pudicitie
1062 2723 1109 2778 hic
1128 2724 1218 2780 docu-

68 2820 204 2868 mentum
216 2810 342 2883 quesiui,
354 2828 415 2867 non
424 2810 580 2880 maritum,
598 2811 635 2866 ad
645 2811 787 2866 virtutum
800 2809 1027 2867 instructionem
1035 2809 1058 2844 ¹⁰
1069 2811 1147 2880 veni,
1158 2827 1218 2868 non
1234 2828 1264 2882 ²⁵

68 2899 106 2954 ad
119 2897 363 2954 matrimonium!
388 2898 455 2968 Quo
465 2897 572 2968 audito,
583 2897 733 2954 abbatissa
739 2897 907 2970 insequitur
916 2895 1078 2970 suppliciis,
1087 2896 1220 2968 cedibus,

70 2985 259 3054 verberibus
278 2993 307 3042 et
326 2985 475 3058 precibus,
488 2993 519 3041 vt
538 2984 681 3042 voluntati
699 3001 754 3042 sue
772 2983 946 3057 acquiescat.
985 2983 1023 3041 Et
1042 3001 1109 3040 cum
1129 2983 1219 3042 nullis

69 3071 223 3130 blanditiis
236 3089 291 3130 nec
303 3072 482 3130 verberibus
495 3072 665 3130 consentire
678 3071 777 3139 vellet,
789 3070 947 3142 abbatissa,
957 3070 1058 3129 lurore
1066 3089 1219 3142 succensa,

70 3158 101 3215 in
121 3159 275 3216 caminum
296 3168 381 3216 vasto
403 3159 544 3217 incendio
566 3168 760 3232 preparatum
779 3167 809 3216 et
831 3158 1048 3215 inflammatum
1072 3158 1219 3232 virginem

70 3245 197 3320 impulit,
210 3257 240 3304 et
252 3263 305 3303 ore
317 3245 447 3304 lomacis
459 3247 621 3316 obstmcto,
633 3245 731 3303 omnis
743 3263 838 3318 vapor
849 3245 1030 3303 intrinsecus
1042 3246 1220 3319 constringi·
1234 3265 1266 3315 50

72 3343 129 3392 tur.
168 3335 278 3392 Nullus
289 3343 392 3390 tamen
405 3333 527 3391 omnino
540 3336 639 3402 ardor,
646 3334 745 3390 nullus
758 3341 840 3390 estus
853 3349 920 3390 eam
933 3333 1037 3406 tetigit,
1050 3334 1126 3390 sicut
1138 3333 1221 3391 nulla

72 3421 162 3479 libido
180 3430 314 3479 mentem
333 3424 398 3479 eius
417 3421 583 3478 maculauit.
622 3421 693 3478 Post
711 3421 801 3478 trium
820 3438 893 3478 vero
913 3421 1054 3477 horarum
1075 3421 1220 3494 spacium,

71 3525 139 3566 cum
158 3519 263 3567 sancta
281 3509 367 3584 uirgo
385 3527 447 3566 non
466 3509 564 3566 solum
583 3508 722 3565 carnibus
742 3510 796 3566 sed
816 3507 890 3581 ipsis
908 3509 997 3565 etiam
1017 3508 1136 3566 ossibus
1151 3526 1221 3565 con·

72 3607 191 3670 sumpta
211 3598 392 3667 crederetur,
404 3597 556 3654 abbatissa
574 3597 611 3653 ad
631 3597 783 3654 lomacem
800 3595 936 3664 veniens,
949 3595 1061 3652 audiuit
1072 3596 1220 3669 virginem

72 3685 150 3742 clara
158 3703 233 3742 voce
243 3684 366 3741 domino
374 3684 395 3717 ¹¹
408 3684 604 3758 psallentem:
618 3683 708 3757 ‘Igne
721 3699 770 3740 me
782 3683 967 3752 examinasti,
977 3683 1106 3753 domine,
1117 3692 1146 3740 et
1160 3700 1220 3750 non
1234 3699 1266 3752 3⁵

71 3781 117 3829 est
136 3773 259 3830 inuenta
280 3771 421 3845 iniquitas
439 3772 471 3828 in
490 3773 556 3828 me!
595 3770 744 3828 Patefacta
764 3779 863 3828 autem
882 3770 1011 3840 fornace,
1030 3788 1153 3844 egressa
1173 3778 1221 3826 est

71 3858 155 3934 virgo
177 3858 429 3933 splendidissima,
449 3860 622 3916 cunctosin
643 3858 870 3916 admirationem
890 3867 919 3916 et
938 3859 1024 3932 quasi
1043 3859 1073 3914 in
1092 3857 1221 3914 extasim

73 3957 262 4005 conuertens.
299 3946 418 4005 Fideles
433 3947 489 4004 hec
501 3947 667 4018 audientes
679 3945 827 4020 virginem
841 3957 975 4003 sanctam
987 3953 1178 4016 venerantur,
1192 3952 1223 4000 et

104 4118 112 4150 ¹
130 4119 219 4170 Edita
230 4119 262 4169 Α.
275 4118 324 4170 SS.
338 4119 404 4169 Bou.
419 4119 482 4182 July
497 4119 546 4169 111.
561 4133 586 4182 p.
598 4133 656 4182 491.
689 4117 821 4180 Abridged
837 4119 901 4168 from
917 4118 961 4167 the
972 4117 1033 4166 Vita
1047 4116 1083 4179 by
1098 4115 1222 4166 Goscelin

73 4183 288 4248 iublS.Vespas.
301 4185 413 4245 liu,
427 4184 501 4235 Harl.
515 4199 570 4246 105,
584 4184 655 4234 Harl.
668 4185 734 4248 θροῦ
755 4184 839 4236 Rawl.
851 4185 882 4234 C.
893 4199 949 4245 44o
1038 4181 1090 4232 'et
1101 4182 1157 4232 abb.
1170 4198 1221 4234 om.

74 4250 98 4297 iu
110 4251 140 4300 T.
200 4249 464 4302 ⁸E.ercombertam.
537 4250 602 4301 ⁴Cl.
616 4249 643 4300 S.
657 4249 776 4312 ldilburg.
836 4249 892 4298 ¹13.
903 4263 1049 4312 puerorum.
1114 4245 1223 4297 ⁸Their

74 4313 163 4366 Passio
173 4317 197 4367 is
208 4316 305 4368 related
317 4317 344 4366 in
356 4313 500 4366 Goscelin’s
510 4313 561 4365 Vit.
575 4316 602 4366 S.
615 4315 686 4366 uita
768 4313 779 4343 ¹
795 4313 826 4366 E.
838 4315 967 4366 elucessit.
1043 4313 1054 4344 ⁸
1070 4313 1099 4364 T.
1112 4313 1224 4376 Kalum

76 4379 103 4431 Ε.
117 4383 208 4434 calum.
283 4381 451 4434 'Eliberis
516 4380 537 4412 ¹⁰
552 4381 583 4431 G.
595 4381 800 4432 instrumentum.
868 4381 886 4410 ¹¹
902 4380 931 4431 F„
946 4380 1214 4430 dominoclaravoce.

111 4491 178 4534 vol..
190 4491 224 4540 11.
642 4491 663 4534 0
