3028 4894
259 301 335 391 460
573 295 704 383 ilioni
729 291 920 396 [tumltu
944 289 1097 396 annu.

385 523 410 586 il
431 509 486 580 Da
505 537 620 579 seuero
638 507 848 577 thwauoso
866 535 986 575 assare
1005 535 1042 574 rr
1060 515 1278 574 consessorem.

260 642 358 772 Vlr
375 643 498 716 quidam
517 643 547 700 in
568 640 723 699 Britannia
742 640 795 698 luit
813 639 953 698 illustris²
972 639 1093 696 nomine
1111 639 1272 706 Fracanus,
1291 633 1418 693 Cotonii

362 731 443 805 regis
460 729 618 788 britannici
637 728 843 797 consobrinus,
856 727 907 802 qui
919 727 1117 795 Armoricam,
1132 727 1183 784 vbi
1198 735 1268 782 tum
1281 740 1419 798 opacum
1497 723 1498 780 ξ

260 819 357 876 adhuc
376 819 442 876 sine
459 819 543 877 clade
560 818 735 875 audiebatur
751 815 845 874 luisse
862 825 942 873 terre
959 815 1104 890 spacium,
1116 831 1243 872 ascensa
1259 823 1323 868 rate
1340 829 1419 868 cum
1497 807 1498 874 l

260 907 363 980 paucis
375 915 405 964 et
417 916 510 980 ponto
527 904 692 962 britannico
708 921 855 978 prospere
870 903 1018 978 nauigato,
1030 904 1146 960 delatus
1165 911 1221 970 est,
1237 901 1268 956 in
1285 909 1420 972 portum

232 1013 247 1065 5
260 994 330 1067 qui³
344 994 497 1052 Bracheus
510 993 626 1052 dicitur.
654 993 689 1050 ln
702 1009 762 1066 qua
775 991 876 1048 statim
889 991 1026 1064 proxima
1037 1007 1157 1064 queque
1168 989 1372 1064 perlustrans,
1386 997 1421 1042 et
1497 1015 1498 1060 q

260 1082 385 1140 fundum
406 1083 558 1156 quendam
582 1080 739 1154 reperiens
761 1097 822 1136 non
842 1097 978 1152 panium,
1000 1079 1083 1135 siluis
1103 1079 1262 1150 dumisque
1284 1077 1422 1132 cucum-

260 1179 389 1243 septum,
403 1188 471 1228 curn
484 1169 548 1226 suis
561 1168 672 1226 ibidem
686 1167 820 1224 habitare
833 1169 920 1240 cepit.
995 1153 1061 1224 Hic
1073 1165 1167 1222 filium
1186 1181 1274 1222 suum
1287 1164 1421 1220 nomine

260 1256 492 1314 Winwalloeum
513 1257 631 1315 cuidam
650 1257 727 1329 patri
747 1254 893 1328 spirituali
915 1254 1080 1312 litterarum
1102 1252 1209 1311 studiis
1229 1252 1423 1308 tradendum
1497 1271 1498 1290 t

260 1361 363 1402 secum
388 1346 542 1402 adducens
572 1346 644 1400 dum
668 1345 699 1400 in
728 1343 835 1400 itinere
864 1351 955 1412 esset,
982 1341 1108 1414 caligine
1133 1351 1213 1398 totus
1242 1339 1332 1412 polus
1364 1340 1422 1395 ob-
1497 1387 1498 1390 ,

219 1449 249 1486 ιο
261 1431 399 1502 uoluitur,
412 1441 493 1490 terra
508 1432 609 1489 tremit
619 1432 640 1502 ⁴,
652 1448 705 1488 aer
721 1430 890 1498 choruscat,
902 1429 977 1486 freta
993 1429 1120 1500 seruent,
1132 1438 1162 1485 ct
1179 1436 1275 1484 totum
1292 1426 1423 1482 turbine

261 1529 291 1578 et
304 1523 373 1594 igne
386 1529 497 1578 etcum
510 1520 581 1577 niue
593 1519 740 1594 grandine
753 1519 847 1575 mixto
859 1519 995 1574 turbatur
1006 1518 1139 1592 pelagus.
1177 1515 1216 1572 Et
1227 1515 1268 1571 ait
1280 1515 1366 1572 filius
1379 1515 1422 1570 ad

261 1616 396 1682 patrem:
428 1608 506 1666 ‘Cur
530 1608 627 1676 times,
655 1607 759 1680 inquit,
784 1610 887 1679 pater?
926 1605 979 1662 ille
1004 1613 1207 1662 creaturamm
1231 1611 1338 1658 auctor
1364 1601 1423 1675 qui

261 1706 367 1752 cuncta
380 1713 448 1752 curn
467 1713 528 1752 non
541 1703 645 1753 essent
658 1694 735 1764 lecit,
748 1693 800 1768 qui
813 1695 910 1750 celum
923 1693 1072 1750 sideribus
1084 1691 1198 1761 ditauit,
1210 1701 1324 1748 terram
1337 1691 1422 1747 ssore

261 1785 387 1855 ornauit,
406 1783 481 1840 mari
500 1783 661 1840 terminum
680 1784 799 1855 posuit:
819 1783 897 1840 aeris
916 1798 1035 1854 quoque
1053 1779 1192 1836 iniuriam
1211 1779 1329 1848 sedare,
1343 1797 1420 1836 curn

218 1883 248 1936 ¹5
261 1871 341 1942 velit,
353 1881 383 1928 et
402 1872 485 1945 ponti
504 1871 642 1946 mitigare
661 1870 769 1928 fluctus
787 1877 895 1942 potest.
933 1868 1010 1926 Nam
1029 1867 1103 1924 nihil
1122 1867 1219 1924 deerit
1236 1867 1422 1923 timentibus

261 1975 340 2016 eum.
376 1960 477 2016 Vnum
493 1976 566 2034 ergo
580 1967 627 2016 est
645 1957 849 2014 necessarium
861 1966 893 2013 vt
911 1965 1003 2012 totam
1021 1956 1053 2013 in
1072 1955 1122 2012 illo
1139 1971 1227 2030 spem
1246 1955 1420 2012 habeamus

261 2055 291 2106 et
311 2047 341 2104 in
360 2048 426 2104 eius
444 2064 567 2120 semper
585 2045 744 2103 dilectione
764 2061 958 2114 maneamus;
983 2045 1054 2118 quia
1072 2052 1102 2100 et
1120 2043 1185 2116 ipse
1204 2043 1289 2116 prius
1308 2043 1420 2100 dilexit

262 2137 335 2192 nos’
374 2135 440 2194 Hec
463 2143 492 2192 et
515 2135 574 2192 alia
595 2133 687 2190 multa
709 2133 826 2191 dicente
846 2150 949 2206 puero,
969 2133 1066 2188 subito
1088 2131 1133 2188 sol
1154 2130 1274 2199 effulsit,
1294 2140 1326 2188 et
1348 2131 1418 2187 dies

262 2223 456 2280 serenissima
476 2239 573 2296 vsque
596 2223 634 2279 ad
653 2239 814 2296 vesperam
838 2219 943 2278 illuxit.
980 2219 1057 2278 Cum
1078 2229 1179 2276 autem
1198 2221 1237 2276 ad
1255 2220 1417 2276 doctorem

219 2309 347 2368 aoillum
371 2320 507 2368 sanctum
533 2327 601 2368 cum
627 2310 688 2366 lilio
711 2309 855 2380 venisset,
879 2308 929 2365 ille
953 2307 1010 2366 ait:
1039 2308 1197 2377 ‘Puerum
1221 2323 1313 2381 quem
1338 2305 1416 2363 mibi

263 2399 466 2466 commendas,
481 2397 570 2456 video
588 2397 722 2454 moribus
740 2398 965 2468 transcendere,
983 2395 1062 2453 etin
1081 2395 1188 2470 puerili
1206 2394 1305 2452 forma
1321 2413 1413 2467 gran-

262 2487 374 2544 deuum
399 2486 550 2560 conspicio
570 2487 669 2542 virum
691 2495 721 2542 et
746 2484 858 2558 ingenii
882 2485 1042 2559 sagacitate
1062 2483 1164 2541 diuina
1184 2483 1244 2540 iam
1265 2481 1414 2556 sapientia

263 2574 429 2631 eruditum)
467 2573 682 2631 Commendato
704 2573 804 2646 itaque
826 2582 929 2630 sancto
948 2573 1012 2629 viro
1036 2571 1098 2628 filio
1118 2589 1184 2640 suo,
1203 2581 1351 2644 patreque
1374 2571 1412 2626 ad

263 2677 318 2718 sua
338 2677 487 2734 regresso,
505 2661 536 2718 in
559 2661 678 2718 litterali
699 2660 823 2718 scientia
841 2659 976 2717 inbreui
996 2677 1056 2716 non
1078 2659 1229 2716 modicum
1248 2675 1325 2732 puer
1343 2675 1412 2732 pro-

219 2764 249 2816 ²5
264 2747 384 2806 ficiens:
405 2765 474 2807 cum
490 2749 612 2823 quidam
631 2749 781 2806 sociorum
799 2748 930 2806 ludendo
948 2765 1017 2805 cum
1036 2746 1125 2804 sociis
1143 2763 1214 2804 crus
1233 2763 1321 2802 suum
1341 2764 1411 2803 con·

263 2835 413 2910 tregisset,
425 2839 550 2895 accessit
567 2839 605 2894 ad
619 2855 698 2907 eum,
710 2845 741 2894 et
757 2835 825 2893 lusa
841 2836 879 2892 ad
892 2838 982 2892 deum
995 2852 1095 2908 prece,
1107 2851 1200 2908 super
1212 2835 1311 2890 locum
1323 2834 1412 2908 plage

264 2923 450 2998 signaculum
475 2925 572 2982 crucis
596 2924 760 2998 impressit,
784 2925 905 2980 dicens:
932 2923 1045 2996 ‘Surge
1069 2921 1211 2980 velociter
1233 2922 1265 2977 in
1290 2921 1413 2979 nomine

263 3011 377 3070 domini
397 3013 492 3070 nostri
513 3011 603 3070 ihesu
623 3011 752 3070 Christi’
790 3011 849 3082 Qui
867 3010 976 3081 statim,
995 3009 1080 3086 quasi
1099 3010 1172 3066 nihil
1191 3011 1262 3066 mali
1280 3009 1413 3066 sustinu-

263 3099 346 3172 isset,
362 3101 443 3157 nullo
456 3100 555 3159 lesure
568 3110 712 3158 manente
719 3099 854 3173 vestigio,
862 3100 1000 3156 surrexit
1069 3085 1150 3155 Mox
1162 3098 1243 3154 euim
1253 3107 1284 3154 u
1297 3114 1416 3172 pauper

218 3209 251 3259 30
265 3187 416 3259 clamaret,
435 3189 493 3246 deo
512 3189 623 3263 gratias
645 3205 739 3262 agens
759 3187 885 3245 festinus
907 3186 1083 3244 occurrebat
1104 3187 1142 3243 ad
1161 3202 1241 3254 eum,
1260 3203 1351 3259 opem
1374 3186 1414 3242 illi

263 3274 462 3347 prestiturus:
482 3284 513 3332 et
529 3293 606 3350 quos
618 3277 698 3332 vnde
712 3284 850 3350 pasceret
863 3273 1029 3332 substantia
1045 3273 1191 3347 corporati
1204 3291 1265 3330 non
1278 3273 1415 3344 haberet,

263 3362 423 3420 uberrimis
454 3362 578 3422 lletuum
609 3363 804 3437 querimoniis
834 3362 953 3420 illorum
982 3361 1140 3435 penuriam
1172 3361 1360 3434 deplorabat,
1386 3371 1417 3419 et

263 3450 355 3506 corda
374 3450 492 3507 illorum
513 3469 569 3525 spe
591 3451 794 3508 retributionis
815 3460 919 3508 eterne
940 3449 1148 3518 subleuabat⁶3
1176 3459 1207 3506 et
1231 3467 1415 3507 commemo

263 3555 333 3594 rans
355 3537 413 3595 illis
431 3555 537 3596 vocem
558 3539 706 3614 euangelii
727 3538 828 3597 ‘Beati
850 3538 934 3596 eritis
954 3538 1006 3612 qui
1031 3555 1110 3594 nunc
1132 3536 1212 3595 lletis
1231 3546 1262 3595 et
1282 3539 1415 3606 esuritis,

219 3650 250 3702 ³5
263 3626 333 3700 quia
350 3626 502 3685 ridebitis·
515 3637 545 3684 et
564 3627 786 3698 saturabimini·
804 3625 965 3684 celestibus
981 3643 1034 3683 eos
1051 3643 1112 3684 non
1129 3626 1266 3682 cessabat
1283 3627 1415 3683 educare

263 3713 382 3772 diuitiis.
454 3702 575 3772 Videus
592 3723 693 3773 autem
709 3715 831 3788 quidam
851 3715 1000 3772 sociorum
1017 3730 1138 3770 suorum
1155 3713 1332 3770 charitatem
1348 3715 1415 3771 eius

264 3803 342 3862 circa
354 3819 514 3876 pauperes,
527 3803 622 3860 liuore
635 3802 746 3860 inuidie
759 3802 935 3872 stimulatus,
948 3802 1162 3859 subsannando
1173 3819 1243 3858 eum
1256 3801 1416 3876 increpare

264 3890 342 3964 cepit
364 3889 485 3948 dicens:
515 3889 610 3948 ‘Ecce
630 3908 686 3964 per
706 3900 800 3947 totum
823 3891 903 3948 diem
927 3891 1067 3948 laborans
1090 3908 1168 3963 opus
1190 3898 1276 3947 tuum
1298 3891 1331 3946 in
1352 3899 1414 3948 tam

264 3977 386 4052 ignobili
410 3978 500 4050 vulgo
528 3977 667 4035 llebiliter
696 3978 847 4052 deperdis,
875 3978 962 4052 quasi
992 3977 1227 4034 misericordiam
1257 3977 1414 4048 simulans,

219 4087 252 4137 40
265 4067 351 4124 cuius
369 4065 508 4122 affectum
527 4082 587 4122 non
606 4066 717 4123 habes'
755 4066 831 4123 Cum
850 4066 905 4124 hec
924 4075 954 4122 ct
975 4066 1067 4123 multa
1085 4066 1144 4122 alia
1163 4065 1298 4122 conuicia
1317 4066 1346 4122 ei
1369 4067 1414 4122 in-

297 4173 307 4204 ¹
318 4173 381 4224 Abr.
389 4172 454 4222 stom
462 4173 507 4222 the
515 4171 575 4222 Vita
585 4172 612 4221 in
621 4172 676 4222 tls.
685 4173 759 4222 Bodl.
767 4188 823 4236 240,
831 4189 856 4235 p.
865 4173 923 4233 baa,
931 4173 1018 4222 which
1029 4187 1101 4222 more
1111 4170 1202 4234 nearly
1209 4180 1361 4234 represents
1370 4173 1414 4222 the

267 4240 378 4302 original
392 4237 436 4288 lile
449 4239 511 4288 thau
523 4240 568 4287 the
579 4239 626 4299 ard
637 4239 681 4287 lile
692 4239 720 4288 in
731 4239 763 4288 A.
773 4238 821 4288 SS.
830 4239 897 4288 Boll.
908 4239 998 4288 March
1010 4239 1030 4287 l.
1040 4254 1065 4300 p.
1076 4253 1132 4300 254,
1145 4253 1175 4287 or
1186 4239 1248 4286 than
1261 4238 1307 4287 the
1322 4247 1361 4288 ist
1371 4239 1414 4288 lile

265 4307 299 4356 ib.
312 4308 374 4368 (and
387 4305 443 4356 that
454 4304 481 4354 ln
492 4305 604 4368 Surius),
617 4305 722 4354 derived
732 4305 798 4354 from
810 4306 855 4354 the
863 4320 942 4356 nme.
1009 4302 1020 4332 ¹
1035 4303 1065 4354 T.
1078 4304 1135 4353 Fuit
1146 4303 1173 4352 in
1185 4303 1248 4353 Brit
1260 4304 1301 4352 uir
1311 4305 1415 4366 quidam

266 4371 379 4423 illustris.
430 4370 440 4398 ³
456 4369 487 4422 T.
502 4371 532 4422 E.
543 4386 603 4433 que.
652 4369 662 4400 ⁴
678 4371 707 4420 T.
721 4370 751 4421 E.
760 4371 870 4424 tremuit.
920 4372 931 4402 ⁸
947 4369 977 4420 T.
988 4369 1137 4421 sulleuabat
1187 4369 1198 4400 ⁸
1214 4369 1245 4420 f.
1255 4370 1381 4424 redibitis.
