3046 4902
266 275 341 344 600
695 263 897 366 uppem
923 263 976 338 11.

266 467 747 542 iam,vtprius,latibulacaptat
773 465 1241 535 necuelarisatagenspublicos
1269 480 1418 521 mamus

266 555 388 608 deuitat:
409 565 450 608 set
464 553 539 606 lama
552 561 721 622 preconante
734 549 770 604 de
782 550 852 604 uicis
869 549 1026 621 quibusque
1045 566 1096 618 per
1107 549 1222 604 itineris
1235 549 1417 604 transituum

265 653 411 692 occanum
424 635 485 690 eius
504 645 667 704 promentes
683 649 747 688 curn
765 633 869 702 ingenti
886 633 990 702 gaudio
1008 632 1086 686 sslum
1099 633 1261 698 deducunt,
1282 650 1319 688 ac
1334 633 1418 703 prius·

264 736 349 790 quam
363 719 564 788 subsequentes
576 717 707 770 recedant
724 717 761 770 ab
777 716 989 770 occursantibus
1006 716 1147 786 recipitur.
1185 717 1326 787 Cumque
1337 730 1420 771 cater-

238 801 352 868 auatim
371 801 485 872 agmina
504 799 658 854 succedunt
673 799 834 868 agminibus
852 797 1038 852 nundinarum
1058 800 1156 863 instar,
1168 801 1321 854 comus
1338 801 1421 854 uirbis

265 884 310 940 ria
335 885 526 954 constipatum
556 881 657 954 quibus
681 891 776 936 autem
800 881 960 951 prompcior
982 881 1071 934 iuerat
1095 881 1229 946 ductio,
1255 883 1309 936 alii
1335 883 1422 936 dirus

265 969 396 1038 poncium
410 967 591 1030 inuuuabant,
601 964 648 1018 alii
662 963 789 1018 sentibus
799 964 904 1018 euulsis
916 963 1015 1018 callem
1025 963 1198 1032 leuigabant.
1228 965 1264 1018 lu
1279 966 1422 1020 redetmdn

264 1069 377 1124 quoque
406 1051 442 1106 de
471 1046 633 1112 londoniis,
660 1048 754 1102 multis
780 1047 925 1116 siguomm
952 1047 1038 1100 radiis
1067 1063 1118 1116 per
1148 1047 1229 1100 viam
1255 1050 1424 1103 tenebrosas

266 1135 411 1190 hominum
430 1144 539 1188 mentes
556 1131 722 1196 illustrabat,
740 1141 769 1184 et
787 1130 903 1184 infirmis
921 1130 1046 1198 graciam
1065 1129 1223 1183 sanitatum
1243 1131 1425 1200 aliorumque

224 1235 253 1272 ιο
266 1217 503 1288 commodorum
518 1213 681 1271 affluentius
698 1214 874 1284 procurabat.
917 1215 992 1267 luter
1007 1228 1079 1282 quos
1091 1212 1241 1282 quendam
1254 1215 1424 1284 languidum

265 1303 341 1372 apud
356 1299 532 1370 Stapillorde,
543 1297 590 1368 qui
600 1315 664 1352 eum
676 1296 801 1366 hospicio
811 1295 924 1365 recepit,
934 1313 952 1350 a
964 1296 1072 1349 diutino
1084 1295 1201 1365 langore
1211 1299 1341 1352 curabat
1352 1316 1361 1364 ;
1381 1298 1424 1368 qui

264 1383 377 1454 quidem
396 1383 530 1447 infirmus,
544 1381 616 1436 illius
634 1381 699 1434 ville
717 1378 857 1445 dominus,
871 1395 922 1448 pro
940 1379 1058 1433 sanitate
1077 1378 1106 1433 iu
1124 1379 1187 1432 eius
1203 1380 1342 1436 aduentu
1361 1399 1425 1435 cuu-

265 1478 360 1520 secuta
385 1465 539 1520 manerium
563 1463 628 1518 illud
649 1473 748 1518 sanem
766 1461 918 1516 Edmundo
936 1462 1013 1516 dedit
1031 1461 1252 1531 imperpetuum.
1292 1465 1425 1520 Tandem

266 1549 384 1620 propriis
406 1550 443 1604 ab
464 1547 605 1618 alumpnis
627 1545 856 1600 beodricensibus
881 1561 946 1599 cum
966 1545 1043 1599 ornui
1063 1544 1220 1600 detsocione
1248 1548 1424 1618 suscipitur:

225 1647 252 1696 ts
266 1631 437 1702 pristinoque
450 1629 591 1702 reponitur
609 1629 636 1684 in
653 1630 723 1694 loco,
736 1628 783 1682 vbi
796 1627 850 1684 deu
868 1627 994 1698 propicio
1010 1629 1112 1684 deuote
1130 1645 1161 1684 se
1181 1631 1357 1698 petentibus
1371 1649 1425 1686 nou

266 1714 375 1770 desistit
389 1713 542 1782 suffragari.

329 1849 378 1904 Du
398 1857 651 1902 tnmnrscciona
670 1855 761 1900 naurs
781 1845 881 1900 suant
901 1856 962 1899 aaa
981 1855 1129 1900 sincrum
1150 1845 1368 1903 Enuuuotuu

301 2005 352 2060 Ex
366 2005 485 2058 cmm-m
502 2007 530 2057 et
547 2003 695 2073 Sampson·
797 1963 864 2016 Nno
880 1961 918 2015 ab
937 1960 1130 2016 iucamacioue
1145 1961 1256 2016 domini
1273 1965 1332 2017 Μ’.
1346 1965 1425 2034 xiijt‘„
1497 1985 1498 1990 =

265 2129 344 2184 dredi
358 2127 475 2198 axxiiij,
491 2125 605 2197 quidam
624 2127 743 2190 Suanus,
762 2145 809 2182 rex
826 2129 980 2192 Danorum,
999 2137 1062 2196 post
1079 2126 1228 2181 innumera
1246 2137 1277 2182 et
1297 2131 1423 2186 crudelia

222 2229 253 2266 uo
266 2211 340 2266 mah
361 2211 460 2282 quein
479 2209 581 2279 Anglia
599 2219 627 2264 et
648 2209 676 2264 in
696 2210 758 2266 aliis
777 2209 857 2264 terris
877 2210 1040 2280 perdecem
1059 2227 1149 2264 annos
1167 2223 1302 2280 gesserat
1322 2214 1422 2268 itemm

830 2055 858 2099 et
876 2061 951 2099 anno
968 2043 1046 2114 regni
1063 2045 1135 2112 regis
1148 2046 1311 2113 Auglorum
1326 2049 1422 2102 Ethel-
1499 2096 1500 2116 ,

266 2293 406 2364 ingressus
425 2292 564 2360 Angliam,
580 2291 638 2346 suis
654 2293 778 2348 edictum
795 2293 889 2362 posuit
906 2301 935 2346 vt
951 2309 1034 2361 agros
1049 2292 1239 2360 deuastarent,
1256 2295 1342 2350 villas
1357 2314 1421 2350 cun·
1502 2330 1503 2338 κ

265 2387 428 2440 cremarent,
441 2375 573 2430 ecclesias
588 2374 746 2444 spoliarent,
759 2376 900 2429 masculos
917 2373 1080 2443 iugularem,
1094 2387 1136 2430 set
1153 2375 1277 2431 feminas
1290 2380 1330 2433 ad
1343 2397 1420 2434 suam

265 2459 408 2514 libidinem
422 2458 587 2528 explendam
607 2467 789 2512 reseruarent.
827 2457 910 2527 Quod
923 2475 987 2511 cum
1006 2459 1132 2512 audisset
1147 2475 1196 2512 rex
1214 2460 1420 2528 Etheldredus,

264 2542 340 2596 nullo
363 2541 510 2596 resistendi
532 2540 647 2595 consiliu
663 2541 750 2595 fretus
773 2541 978 2594 Nonnanniam
1001 2541 1093 2610 peciit,
1115 2541 1221 2596 cedens
1243 2543 1283 2596 ad
1310 2553 1421 2614 tempus

222 2625 373 2691 uslonune
404 2625 518 2694 potenti.
555 2621 643 2678 Cuius
674 2623 769 2678 hostes
796 2622 929 2678 absencia
959 2622 1124 2677 fidenciores
1154 2623 1275 2690 effecd’,
1307 2628 1419 2696 plebem

264 2707 403 2776 anglicam
419 2707 527 2777 absque
543 2705 725 2761 miseracione
741 2716 929 2776 prosteruunt,
942 2705 1027 2760 annis
1045 2705 1104 2760 iura
1123 2704 1202 2774 regni
1222 2707 1421 2764 vendicantes

264 2789 395 2844 'Interea
412 2791 524 2844 Suanos
547 2805 593 2843 rex
614 2789 769 2857 Anglorum
789 2789 954 2858 appellatus,
973 2787 1089 2843 mandat
1111 2800 1140 2843 vt
1158 2790 1196 2843 ab
1214 2792 1293 2844 omni
1316 2793 1420 2862 populo

265 2873 366 2941 Anglie
378 2873 509 2942 generale
521 2871 573 2926 sibi
587 2873 762 2942 persoluetur
776 2871 919 2926 tributum.
955 2873 993 2925 Et
1009 2887 1073 2926 cum
1087 2871 1124 2925 ab
1137 2871 1301 2927 huiusmodi
1316 2875 1421 2930 tributo

264 2955 341 3010 nulla
361 2953 504 3024 prouincia
519 2953 627 3023 Anglie,
645 2971 699 3009 nec
719 2963 816 3008 sancta
834 2955 947 3023 quidem
966 2955 1029 3009 loca
1047 2955 1105 3008 lieri
1127 2965 1242 3024 possent
1262 2955 1419 3012 immotum

221 3053 253 3102 30
266 3037 382 3106 contigit
403 3053 533 3092 censores
557 3037 593 3091 ad
614 3035 704 3091 sancti
731 3037 901 3092 descendere
922 3037 1144 3092 mansiunculam
1167 3039 1299 3094 Beudrici
1325 3042 1419 3095 villam

265 3131 462 3190 nuncupatam,
476 3119 547 3175 'sibi
556 3120 622 3174 dum
631 3120 736 3174 vixerat
749 3136 919 3190 suorumque
927 3130 1136 3175 antecessorum
1148 3118 1316 3190 regsu]um‘
1330 3123 1418 3180 orien-

265 3203 361 3258 talium
375 3221 392 3258 a
409 3203 531 3274 quodam
548 3213 577 3257 vt
594 3203 696 3258 dicitur
712 3219 777 3272 rege
794 3203 932 3258 Beudrico
947 3203 1058 3273 proprie
1074 3203 1257 3269 nominatam,
1272 3213 1315 3259 set
1333 3208 1420 3260 modo

265 3285 428 3356 pignoribus
459 3285 582 3340 martiris
612 3285 799 3340 sacrosanctis
828 3285 995 3354 dedicatam,
1021 3285 1134 3356 suisque
1164 3286 1353 3342 seruitoribus
1383 3293 1420 3345 ab

267 3369 418 3423 Edmundo
431 3385 497 3438 rege
516 3378 595 3438 patre
613 3368 718 3436 Edgari
737 3368 855 3438 aliisque
867 3367 980 3437 regibus
992 3369 1094 3438 Anglie
1111 3369 1295 3424 concedendo
1310 3371 1419 3426 rictus·

221 3469 251 3518 ³5
264 3450 326 3506 liter
342 3451 501 3520 delegatam
511 3449 529 3506 ⁸.
568 3451 635 3505 llluc
652 3451 713 3506 siue
721 3452 879 3506 reuerencia
888 3451 1059 3521 requirentes
1071 3451 1145 3520 regis
1155 3451 1419 3524 vectigalia-quod

264 3551 347 3588 nemo
360 3533 436 3604 prius
449 3533 570 3588 audebat
582 3533 673 3588 iacere
686 3551 720 3587 ex
737 3551 792 3604 quo
808 3533 874 3587 illud
892 3533 1027 3604 oppidum
1044 3534 1140 3588 datum
1159 3535 1251 3588 iuerat
1268 3539 1419 3591 meinorati

265 3616 354 3671 sancti
372 3616 643 3670 ecclesie-cultores
664 3615 800 3682 territant,
818 3616 1029 3684 comminantes,
1052 3615 1105 3670 nisi
1128 3616 1184 3670 cito
1198 3618 1277 3686 quod
1295 3635 1419 3689 querunt

265 3709 399 3766 annuant,
420 3715 451 3752 se
475 3699 571 3768 procul
593 3699 680 3753 dubio
704 3698 795 3770 ipsum
817 3699 952 3768 oppidum
974 3716 1037 3753 cum
1058 3698 1208 3768 oppidanis
1232 3713 1418 3770 cretnaturos,

266 3782 353 3852 ipsius
370 3781 491 3836 martiris
508 3781 655 3836 ecclesiam
671 3780 796 3835 funditus
812 3797 969 3846 euersuros,
987 3780 1101 3835 clericos
1116 3779 1207 3835 eciam
1220 3782 1308 3838 variis
1324 3787 1419 3840 modis

220 3883 252 3936 40
265 3865 444 3920 cruciaturos.
481 3866 519 3919 At
536 3863 583 3928 illi,
599 3873 737 3934 concepta
756 3863 784 3917 in
804 3863 858 3916 deo
879 3863 989 3930 fiducia,
1009 3862 1147 3916 tributarii
1167 3863 1241 3932 regis
1257 3867 1419 3933 peruasoris

266 3949 323 4004 fieri
341 3957 511 4017 respuentes,
525 3956 681 4017 spontanea
693 3956 759 4000 vota
773 3944 830 4016 regi
850 3961 901 4000 suo
918 3955 1016 4000 sancto
1036 3945 1187 4000 Edmundo
1204 3963 1235 4000 se
1255 3949 1419 4005 reddituros

265 4031 439 4102 profitentur.
475 4031 555 4084 Tunc
568 4046 698 4084 censores
714 4039 793 4083 tanta
810 4045 905 4084 eorum
918 4029 1015 4083 audita
1033 4028 1197 4083 constancia
1208 4029 1267 4083 vim
1282 4029 1418 4087 timentes

265 4112 532 4170 inferre—nimirum
545 4112 592 4183 qui
605 4112 660 4166 iam
674 4120 864 4180 cognoueraut
877 4111 996 4181 qualiter
1008 4119 1122 4165 sanctim
1134 4109 1233 4166 martir
1248 4111 1308 4167 suis
1324 4125 1417 4183 patro

265 4197 416 4263 ciuetur—,
429 4195 621 4251 huiuscemodi
634 4193 794 4249 rebellionis
807 4194 1049 4264 presumpcionem
1059 4192 1116 4262 regi
1126 4194 1262 4249 nunciare
1274 4195 1417 4252 festinant.

298 4313 481 4366 'stannea
546 4311 613 4366 'ct
626 4313 680 4366 MS.
693 4315 745 4364 Tit.
756 4313 799 4364 tot
812 4311 863 4378 ⁸4¹³·
930 4313 1133 4364 Mustium.
1201 4313 1391 4381 *Hsegnutu
