3044 4894
213 283 288 374 wa
312 280 475 371 sancto
500 279 689 383 antenna
712 287 761 368 oe
784 280 1084 385 bubuteun.
1175 301 1220 377 73

72 485 305 555 primordialiter
317 485 348 542 in
361 485 452 542 ramis
465 483 576 542 malitie
589 501 661 540 suos
672 483 828 540 instabiles
839 485 985 556 cogitatus
997 483 1222 556 suspendebant

72 573 175 628 inuido
187 591 255 628 cum
266 573 527 630 feruore—Tame
537 571 631 644 gratie
645 572 794 628 rutilantia
808 572 958 630 lohannes
966 571 1071 629 volans
1080 581 1112 626 vt
1125 571 1223 643 aquila

73 660 273 733 conls]cendit
281 663 319 718 ad
328 662 438 733 sydera
446 669 593 732 perpetue
601 659 758 728 claritatis;
773 659 857 716 cuius
865 677 1023 716 accensam
1031 659 1222 715 deuotionem

72 748 249 805 comitante¹
257 748 317 804 vita
328 747 456 820 plurima
469 747 631 804 testantur²
640 747 792 817 miracula,
801 764 928 819 quorum
938 747 1037 819 aliqua
1047 745 1078 803 in
1088 745 1223 819 presenti

73 836 216 891 duximus
229 835 399 892 inserenda
472 822 610 907 Contigit
621 834 843 907 preordinatiua
855 851 946 890 manu
958 844 1065 890 cuncta
1077 851 1222 906 prospere
1237 848 1251 900 ⁵

72 923 280 994 gubernantis,
305 921 495 979 sanctissimo
520 931 605 995 patre
632 922 791 994 vigilanter
820 922 1042 994 contemplante
1073 921 1223 994 prioratus

72 1010 225 1078 excubias,
234 1012 365 1083 quinque
375 1009 552 1066 marinarios
565 1011 680 1066 marine
693 1009 881 1081 tempestatis
893 1012 1035 1082 voragine
1048 1009 1224 1082 nauigantes

73 1107 179 1154 contra
211 1097 354 1154 ssuctuum
384 1097 557 1154 discrimina
582 1098 718 1166 militare,
744 1097 794 1170 qui
825 1096 940 1169 placide
964 1096 1073 1169 quietis
1103 1105 1223 1169 portum

73 1184 249 1257 ignorantes
266 1185 488 1242 omnimodam³
500 1185 613 1242 diutine
626 1187 834 1257 desperarunt.
871 1185 1007 1242 Tandem
1019 1186 1120 1242 verbis
1133 1184 1225 1240 eiula-

73 1274 158 1330 toriis
178 1273 328 1330 dellentes
346 1274 529 1346 peccamina,
548 1274 708 1345 animeque
727 1273 924 1330 memoratiue
943 1274 1122 1329 reducentes
1141 1281 1225 1344 gesta
1241 1289 1271 1327 ro

75 1361 261 1418 lucidissima
272 1363 459 1434 peroptande
471 1360 706 1435 supportationis
716 1359 811 1416 sancti
820 1360 957 1417 videlicet
967 1361 1117 1427 Iohannis,
1128 1361 1224 1416 adhuc

73 1449 103 1505 in
123 1467 252 1522 corpore
275 1466 367 1522 supra
387 1465 498 1522 corpus
519 1449 687 1505 notabiliter
711 1447 933 1520 triumphantis,
955 1447 1050 1520 ipsius
1074 1447 1226 1503 iuuamina

74 1536 297 1593 incessabiliter
306 1537 489 1593 inuocarunt
516 1537 554 1593 Et
565 1538 637 1593 dum
650 1535 848 1593 excellentem
858 1535 992 1592 fidutiam
1001 1535 1030 1592 in
1044 1545 1124 1591 tante
1138 1534 1225 1591 stabi·

75 1625 186 1681 litatis⁴
205 1624 368 1681 anchoram
387 1625 568 1696 posuissent,
586 1625 707 1697 quidam
733 1623 832 1679 eidem
856 1623 934 1695 patri
956 1622 1146 1679 sanctissimo
1170 1639 1227 1694 per

74 1713 178 1768 omnia
199 1712 371 1769 simillimus
391 1713 421 1768 in
442 1713 601 1768 lineatione
623 1728 775 1784 corporea,
792 1709 838 1766 eis
858 1710 1011 1766 visualiter
1032 1709 1170 1782 apparuit
1194 1711 1271 1780 in15

75 1801 179 1856 habitu
198 1800 336 1872 regulari,
355 1810 385 1857 et
404 1801 514 1856 malum
534 1801 620 1856 nauis
639 1815 731 1855 manu
750 1798 905 1855 stabiliens
924 1797 1063 1870 gratiosa,
1076 1798 1107 1853 in
1126 1806 1226 1870 optato

75 1888 175 1944 littore
188 1905 298 1944 nauem
311 1887 437 1944 feliciter
449 1887 611 1944 collocauit.
648 1887 788 1959 Quinque
802 1886 950 1959 siquidem
967 1885 1032 1954 viri,
1045 1903 1101 1957 pro
1113 1885 1226 1941 liberali

76 1975 192 2048 refugio
206 1975 359 2040 consolati,
373 1975 537 2032 deliberato
550 1976 701 2032 desiderio
714 1975 887 2046 supradicto
904 1972 1087 2029 monasterio
1104 1973 1227 2029 remotis

75 2062 303 2136 impedimentis
324 2072 450 2119 ouanter
468 2065 639 2129 decurrunt,
660 2061 823 2135 supradicti
848 2061 942 2134 patris
967 2059 1157 2117 clementiam
1183 2078 1228 2116 re·

75 2151 213 2208 centius⁶
240 2151 370 2207 visitare.
407 2150 544 2224 Cumque
569 2151 663 2208 veloci
688 2168 781 2223 passu
806 2149 963 2206 ecclesiam
987 2148 1229 2220 ingrederentur,
1244 2168 1274 2202 20

76 2249 183 2296 sancto
195 2238 275 2310 patri
287 2238 406 2295 obuiam
417 2247 646 2310 processerunt:
660 2238 819 2310 ipsumque
833 2245 1049 2309 cognoscentes
1060 2253 1116 2308 per
1127 2236 1228 2293 simili-

76 2327 215 2384 tudinem
234 2326 266 2381 in
281 2325 355 2382 mari
373 2326 535 2400 preuisam,
549 2344 639 2399 quem
651 2325 718 2383 visu
737 2342 883 2397 corporeo
902 2341 1055 2397 nunquam
1071 2323 1229 2397 primitus⁸

77 2415 302 2487 cognouissent,
311 2431 366 2486 pro
378 2424 439 2470 tam
452 2414 581 2486 gratiosa
593 2414 769 2470 liberatione
782 2412 813 2468 in
826 2421 886 2468 tam
900 2412 1043 2484 pestifera
1056 2413 1228 2470 crudelitate

78 2502 225 2560 lluctuum
243 2501 371 2574 pedibus
390 2501 548 2574 prouoluti,
567 2501 685 2574 singula
703 2501 840 2557 ordinate
859 2500 1028 2570 recitantes,
1044 2499 1100 2556 sibi
1118 2503 1228 2572 gratias

78 2589 292 2646 deuotissimos
313 2590 488 2646 retulerunt.
532 2589 662 2646 Sanctus
679 2599 781 2644 tamen
802 2587 952 2644 lohannes
971 2587 1055 2659 ipsos
1074 2587 1228 2660 ingeniose
1244 2613 1273 2662 ²5

78 2678 257 2749 pacificauit,
279 2679 445 2734 admonens
464 2677 547 2750 ipsos
566 2679 624 2734 deo
644 2674 778 2732 debitasl
797 2675 907 2748 gratias
926 2675 1076 2744 exoluere,
1096 2676 1229 2748 nihilque

79 2765 135 2822 sibi
152 2765 324 2822 ascribere:
344 2766 450 2822 nolens
460 2767 469 2796 ⁸
481 2765 579 2822 inanis
594 2764 688 2837 glorie
701 2764 869 2820 velamento
883 2762 1008 2818 labiliter
1026 2763 1229 2834 resplendere.

80 2853 174 2925 igitur
192 2863 275 2909 tante
294 2853 457 2910 eminentie
475 2854 584 2909 virtute
603 2852 772 2925 preclarum
791 2850 867 2907 felici
887 2859 965 2906 statu
984 2849 1137 2906 celestium
1160 2867 1230 2906 con·

79 2943 249 3014 gaudemus
262 2941 423 3009 celebrare,
431 2958 500 2996 cum
512 2941 543 2996 in
556 2939 645 2996 huius
657 2939 791 2996 miraculi
803 2937 957 3010 priuilegio
968 2937 1089 3008 speciali
1102 2938 1231 3009 quadam

79 3030 278 3102 germanitate
290 3030 385 3101 gratie
398 3029 535 3085 connecti
542 3029 676 3084 videatur
689 3045 756 3083 cum
769 3036 873 3082 sancto
887 3025 1030 3081 Nicholao
1042 3023 1230 3081 sanctissimo
1245 3047 1277 3096 30

79 3117 277 3174 consessore:
296 3116 347 3188 qui
365 3118 454 3172 ambo
469 3116 623 3188 perlucide
638 3117 760 3172 lucerne
777 3114 806 3169 in
823 3115 936 3169 mundo
949 3114 1096 3185 degentes
1108 3129 1230 3168 concor·

80 3207 158 3262 diter
173 3204 316 3261 bestiales
335 3214 433 3261 motus
452 3203 587 3277 corporis
606 3203 784 3276 effugarunt,
797 3211 827 3257 et
847 3201 982 3256 eiusdem
1002 3199 1136 3256 miraculi
1152 3199 1231 3257 fama

81 3293 192 3350 ssuctus
204 3291 297 3348 maris
310 3300 531 3364 expugnarunt,
545 3291 722 3364 nauigantes
738 3290 949 3357 liberauerunt,
962 3296 992 3344 et
1011 3305 1079 3344 cum
1099 3287 1188 3343 Petro
1200 3288 1231 3345 in

82 3382 158 3438 mari
185 3380 273 3438 siccis
297 3381 425 3452 pedibus
450 3379 647 3436 ambularunt.
685 3377 858 3434 Affectuoso
883 3375 972 3448 igitur
997 3376 1118 3432 modulo
1136 3375 1232 3449 ipsius

80 3485 247 3528 exoremus
272 3467 422 3541 suffragia,
440 3469 579 3539 quatinus
604 3476 686 3524 tante
710 3465 850 3522 bonitatis
870 3463 1019 3520 iuuamine
1038 3463 1196 3536 expurgati
1215 3481 1276 3534 ²35

82 3558 235 3615 fermento
253 3555 365 3613 veteris
384 3555 524 3628 nequitie,
542 3555 594 3611 loti
613 3556 643 3611 in
663 3553 809 3610 natatorio
828 3551 1012 3625 penitentiali
1035 3551 1126 3621 Siloe,
1144 3551 1233 3608 siccis

83 3647 213 3718 pedibus
233 3645 379 3700 bonarum
401 3642 592 3700 affectionum
612 3643 700 3700 deuia
719 3641 912 3707 declinantes,
933 3649 1123 3712 transgressa
1141 3639 1233 3696 corri-

82 3744 201 3806 gentes,
221 3750 292 3790 vere
313 3731 408 3805 glorie
428 3731 460 3786 in
480 3731 641 3788 celestibus
660 3738 728 3803 post
750 3729 884 3785 laborem
904 3727 1010 3784 solatio
1034 3726 1233 3799 perfruamur.

85 3810 217 3878 Famam
241 3820 338 3876 adbuc
369 3819 520 3876 celebrem
551 3819 639 3875 huius
669 3817 840 3874 luminaris⁹
864 3814 1100 3887 inextinguibilis
1127 3815 1233 3870 volens

83 3910 225 3966 dominus
237 3908 376 3965 efflorare
386 3909 405 3938 ¹⁰
417 3925 473 3980 per
485 3907 594 3975 secula,
607 3907 733 3962 eandem
747 3904 913 3961 nobilitauit
926 3902 1136 3958 miraculorum
1151 3901 1232 3957 illus·
1246 3921 1279 3971 4⁰
1331 3938 1341 3956 .

85 3999 176 4053 trium
191 3995 399 4054 recordatione
412 4004 567 4068 perpetua.
605 3994 681 4050 Nam
700 4011 769 4050 curn
785 3993 907 4066 quidam
924 3989 1053 4046 famulus
1065 4005 1133 4046 cum
1147 3997 1233 4060 patre

85 4083 260 4141 beatissimo
271 4083 418 4156 colloquia
433 4082 614 4152 confoueret,
627 4081 707 4138 idem
725 4079 958 4153 benignissimus
974 4086 1060 4150 pater
1077 4077 1115 4132 de
1132 4075 1234 4132 vxoris

117 4215 175 4265 ¹E.
188 4221 313 4264 colcante.
402 4211 457 4263 ¹E.
470 4221 627 4263 constanter.
720 4213 766 4262 ¹r.
779 4211 950 4260 omnimodam
961 4207 1086 4257 salutent
1175 4205 1235 4255 ⁴E.

85 4282 239 4330 stadilitatis.
320 4279 375 4328 ’Β
389 4281 522 4328 retentiua.
599 4279 645 4328 ⁸r.
658 4279 736 4340 prius.
813 4275 868 4326 Ἴ..
883 4276 1008 4334 bebius,
1065 4273 1120 4326 'R
1135 4273 1231 4323 volens

83 4349 93 4376 ⁹
111 4349 139 4396 E.
153 4347 284 4396 liminaris.
388 4347 405 4374 ¹¹⁹
422 4361 442 4394 r.
455 4345 579 4395 efflorere.
