3012 4898
98 285 245 358 usna]
412 274 487 368 Dt
511 273 731 376 torturus
757 275 940 368 uuutu
1186 305 1253 377 311

96 475 233 527 uarietate
244 478 394 539 eontexte¹,
405 480 439 530 de
450 480 543 542 quibus
557 480 626 544 ciphi
640 488 668 530 et
678 481 773 544 phiale,
784 488 811 531 et
823 480 994 532 tintinnabula
1005 489 1033 532 et
1043 481 1157 541 cimbala,
1170 489 1196 534 et
1207 483 1260 536 lilia

95 560 132 602 et
143 555 248 618 spende
259 557 409 620 pendebunt
418 573 505 608 auree
528 558 601 608 inter
612 573 677 621 quus
683 559 819 609 mrrltitudo
827 559 938 610 maxima
949 559 1100 610 uectabatur
1109 561 1260 623 angelomus

96 633 251 684 uolancium
269 643 297 686 et
313 651 406 687 aurem
422 637 476 686 alas
494 637 657 696 habentium,
674 637 717 700 qui
737 637 787 686 leui
805 637 893 687 uolatu
906 639 976 688 inter
992 638 1115 688 athenas
1130 639 1259 700 uolentes,

94 713 287 765 minimum
304 723 383 777 atque
402 715 576 764 dulcissimum
594 716 757 765 audientibus
776 717 919 766 reddebant
935 731 1036 768 sonum.
1104 702 1176 766 Cum
1195 733 1259 781 ergo

95 789 238 841 Tundalus
249 791 392 844 delectatus
402 793 481 843 uellet
493 793 528 841 ibi
540 800 617 852 stare,
629 793 694 842 dixit
708 793 733 842 ei
743 795 868 856 augelus:
887 793 1032 856 ‘Respice’
1066 793 1100 844 Et
1117 796 1258 858 respiciens
1273 803 1288 856 5

95 869 170 918 uidit
181 885 260 919 unam
272 870 388 920 ιὼοκω
403 871 540 920 maximam
557 879 584 920 et
600 871 757 934 latissimam,
769 872 902 922 frondibus
919 872 1100 924 uiridissimam
1115 879 1142 922 et
1153 874 1259 926 floribus

95 947 303 1009 pulcherrimam
314 949 480 1014 omniumque
496 949 623 998 inretuum
638 950 777 1012 generibus
790 951 986 1012 fertilissimam
1002 951 1030 1000 in
1041 952 1114 1001 cuius
1125 951 1259 1004 frondibus

94 1041 168 1074 aues
186 1027 267 1076 multe
285 1027 446 1078 diuersorum
465 1027 579 1077 column
596 1036 622 1078 et
637 1030 797 1078 diuersarum
815 1044 908 1078 uocum
925 1029 1063 1090 generibus
1080 1037 1215 1080 cantantes
1231 1038 1258 1082 et

95 1105 284 1166 organizantes
300 1105 493 1170 moraba[n]tur,
505 1107 553 1155 sub
564 1107 638 1156 cuius
648 1107 727 1156 ramis
742 1107 796 1156 lilia
806 1114 832 1156 et
842 1123 903 1158 rose
915 1115 942 1156 et
959 1114 1106 1158 cunctarum
1121 1108 1257 1160 herbar-utu

94 1183 301 1246 speciemmque
310 1184 496 1236 odoriferarum
504 1199 601 1246 genera
609 1185 765 1235 oriebantur.
794 1184 827 1234 Et
834 1184 929 1250 [erant]
936 1185 945 1213 ²
951 1185 1000 1236 sub
1007 1186 1098 1236 eadem
1107 1185 1199 1236 arbore
1208 1187 1257 1238 uiri
1273 1194 1305 1232 10

95 1261 178 1310 multi
185 1261 313 1312 etsemine
320 1263 346 1311 in
355 1262 428 1312 cellis
436 1263 522 1312 aurcis
532 1270 559 1311 et
566 1263 695 1321 eburneis,
701 1279 805 1326 semper
810 1263 995 1314 benedicentes
1004 1270 1031 1313 et
1040 1263 1176 1314 laudantes
1180 1266 1257 1316 deum

95 1355 151 1402 pro
161 1341 292 1390 uniuersis
303 1340 435 1392 beneflciis
445 1341 534 1390 suiset
546 1341 629 1392 donis.
666 1341 699 1392 Et
709 1341 819 1392 habebat
831 1343 1009 1404 unusquisque
1019 1357 1141 1392 coronam
1152 1358 1257 1394 auream

95 1418 130 1466 in
146 1419 233 1480 eapite
249 1433 299 1468 suo
315 1419 464 1468 mirabiliter
478 1427 601 1478 ornatam,
617 1427 643 1469 et
657 1428 788 1484 sceptrum
804 1435 911 1470 aureum
929 1421 956 1469 in
973 1435 1050 1470 manu
1066 1436 1122 1482 sua,
1139 1427 1166 1470 et
1183 1429 1258 1472 eraut

95 1497 190 1546 uestiti
207 1498 301 1547 talibus
317 1497 518 1562 in[d]urnentis³
530 1497 622 1560 quibus
639 1499 679 1548 usi
696 1497 773 1549 sunt⁴
784 1499 911 1548 monachi.
954 1499 1028 1548 Tunc
1045 1498 1081 1548 ait
1097 1498 1207 1560 angelus
1222 1501 1256 1550 ad

94 1573 266 1626 Tundelum:
283 1575 357 1626 ‘Hec
370 1576 449 1625 arbor
461 1575 628 1641 [typus]¹est
642 1584 733 1626 sancte
748 1577 875 1637 ecclesie3
892 1576 929 1628 hii
941 1577 985 1639 qui
1001 1577 1049 1627 sub
1066 1591 1098 1626 ea
1113 1585 1183 1637 sunt,
1195 1593 1255 1628 con·
1273 1586 1301 1638 ¹⁵

94 1660 246 1704 structores
257 1661 319 1704 srrnt
330 1662 357 1704 et
368 1654 521 1704 defensores
538 1654 714 1716 ecclesiarum,
726 1661 752 1704 et
763 1671 812 1719 pro
823 1655 956 1705 beneficiis
968 1671 1019 1718 que
1031 1656 1127 1706 sanctis
1138 1655 1256 1706 ecclesiis

94 1731 186 1794 largiti
203 1741 275 1792 sunt,
290 1733 474 1782 fraternitatem
491 1733 606 1794 ipsorum
625 1733 757 1783 consecuti
773 1741 844 1792 sunt,
859 1734 920 1796 quia
938 1749 985 1797 per
999 1733 1102 1782 illorum
1117 1733 1257 1782 commoni-

94 1811 203 1862 cionem
216 1811 360 1862 secularem
378 1811 491 1860 habitum
506 1811 665 1873 reliquerunt
682 1817 710 1861 et
725 1813 846 1874 religiose
860 1811 998 1862 uixerunt'
1060 1799 1184 1874 Cumque
1195 1811 1256 1862 inde

94 1891 211 1952 proiecti
228 1897 326 1948 essent,
343 1890 466 1938 uiderunt
482 1905 582 1938 murum
599 1889 742 1948 altitudine,
760 1890 929 1954 pulcritudine
952 1897 979 1940 et
1001 1889 1140 1953 splendore
1163 1890 1256 1940 ceteris

96 1969 261 2019 dissimilem.
298 1968 359 2018 Erat
374 1983 486 2030 namque
496 1983 531 2017 ex
542 1969 657 2018 omnium
669 1969 781 2032 lapidum
793 1968 970 2033 preciosorum
985 1970 1164 2019 constructus⁶
1175 1971 1255 2020 uariis
1271 1978 1302 2016 ao

94 2049 240 2107 coloribus,
258 2047 369 2097 metallis
390 2046 559 2109 interpositis,
578 2047 615 2096 ita
637 2053 667 2095 ut
684 2047 780 2097 habere
799 2048 932 2096 uideretur
950 2062 1040 2096 aurum
1059 2062 1107 2108 pro
1124 2054 1252 2098 cemento.

97 2127 214 2190 Lapides
231 2127 289 2176 eius
304 2133 379 2176 erant
399 2124 534 2184 cristallus,
554 2125 691 2186 crisolittu,
708 2125 822 2184 berillus,
838 2125 925 2188 iaspis,
943 2125 1077 2184 iacinctus,
1094 2125 1254 2188 smaragdus,

94 2205 231 2268 saphirus,
236 2201 410 2268 onichiin]us,
418 2203 541 2266 topasius,
548 2204 658 2259 sardius,
665 2204 868 2269 crisop[r]assus,
875 2204 1017 2261 ametistus,
1028 2203 1254 2267 tintachus‘atque

95 2289 232 2346 granatus.
276 2282 335 2332 litis
351 2289 378 2330 et
394 2281 543 2346 si(miiibus)
555 2282 709 2344 splendebat
724 2297 812 2332 murus
824 2283 907 2342 ualde,
919 2288 947 2331 et
957 2289 1059 2331 mentes
1071 2280 1253 2344 (intueu)cium

95 2363 209 2411 multum
237 2361 264 2410 ln
291 2374 322 2410 se
344 2359 506 2422 prouocabat.
552 2361 746 2422 Ascend(entee
769 2361 858 2423 igitur)
881 2374 982 2410 murum
1007 2359 1142 2424 [uidere]¹
1163 2360 1252 2422 procul
1269 2370 1299 2422 ²⁵

93 2439 178 2490 dubio
190 2440 260 2502 quod
272 2439 374 2502 (oculus
385 2453 440 2487 non
452 2436 517 2486 uidit
528 2440 587 2501 nec)
604 2439 675 2488 auris
689 2439 787 2488 audiuit
802 2453 850 2490 nec
865 2439 892 2488 in
908 2453 954 2488 cor
968 2438 1092 2500 (hominis
1109 2438 1252 2498 descendit,

94 2517 164 2584 que)
175 2517 325 2580 preparauit
336 2517 400 2566 deus
412 2516 576 2578 diligentibus
592 2532 629 2568 se.
666 2516 803 2580 (Viderunt
817 2517 853 2566 ibi
865 2517 972 2581 no)uem
987 2517 1091 2566 ordines
1102 2517 1253 2579 angelomus

92 2605 126 2646 et
137 2597 271 2646 beatorum
282 2595 417 2658 spirituum
434 2609 491 2644 cum
508 2595 558 2644 illis
575 2595 756 2654 immixtorum,
768 2602 796 2645 et
811 2597 948 2646 audierunt
963 2595 998 2646 ibi
1014 2595 1093 2646 uerba
1104 2595 1252 2649 ineffabilia,

92 2691 150 2739 que
167 2690 221 2725 non
238 2679 325 2738 potest
341 2674 428 2732 homo,
440 2689 488 2723 nec
506 2673 566 2724 licet
582 2673 687 2735 bomini,
705 2675 782 2737 loqui.
818 2675 891 2724 Dixit
908 2675 1030 2736 augelus:
1056 2674 1141 2724 ‘Audi
1158 2674 1209 2725 iilia
1226 2680 1252 2724 et

93 2755 159 2804 uide
171 2761 198 2804 et
214 2753 309 2803 inclina
324 2767 413 2802 aurem
430 2759 500 2802 tuam
515 2759 542 2802 et
557 2752 710 2802 obliuiscere
724 2753 848 2817 populum
863 2760 935 2802 tuum
949 2761 976 2802 et
990 2754 1093 2802 domurn
1110 2752 1189 2814 patris
1205 2753 1251 2813 tui,
1266 2762 1299 2813 30

92 2839 124 2883 et
136 2833 304 2894 concupiscet
315 2845 362 2880 rex
377 2831 496 2880 &eorem
511 2837 591 2882 tuum.
626 2831 693 2881 Ecce
707 2839 777 2894 patet
793 2839 888 2894 quanta
903 2832 938 2881 sit
953 2831 1086 2890 amenitas,
1098 2831 1251 2892 iocunditas,

93 2911 223 2973 dignitas,
234 2909 384 2968 sublimitas,
398 2909 525 2959 interesse
539 2910 625 2959 choris
640 2910 790 2972 angelorum
805 2917 832 2960 et
849 2911 961 2959 omniurn
975 2916 1132 2970 sanctorum,
1144 2917 1171 2958 et
1182 2911 1251 2972 quod

94 3004 177 3040 omne
190 2985 307 3052 precellit
323 2987 452 3050 gaudium,
464 3001 524 3036 eum
537 2988 581 3050 qui
598 2989 673 3051 panis
686 2996 726 3038 eet
741 2988 893 3050 angelorum
905 3004 936 3037 ac
949 2989 1002 3037 uita
1019 2988 1142 3047 omnium,
1153 2987 1251 3038 sentire

92 3067 252 3118 clementem
263 3073 292 3116 et
302 3064 390 3128 pium'
421 3065 463 3116 Ab
479 3065 523 3115 illo
534 3065 603 3116 enim
615 3067 672 3116 loco
688 3067 714 3115 in
726 3082 779 3128 quo
791 3073 852 3116 tunc
867 3067 978 3125 stabant,
990 3081 1042 3116 non
1053 3065 1136 3116 solum
1147 3081 1251 3116 omnem

92 3160 174 3209 quam
182 3153 242 3194 ante
250 3145 369 3194 uiderant
376 3143 491 3206 gloriam,
499 3158 588 3192 uerum
596 3152 623 3194 et
629 3145 745 3208 predicta
751 3144 876 3208 supplicia
883 3143 1050 3204 uidebant,et,
1057 3144 1127 3205 quod
1134 3143 1251 3208 [magis]¹
1264 3153 1294 3204 35

93 3224 241 3273 mirandum
253 3229 302 3283 est,
314 3223 397 3285 ipsum
409 3223 497 3271 orbem
514 3229 638 3272 terrarum
655 3224 728 3286 quasi
744 3223 794 3272 sub
810 3238 862 3272 uno
878 3223 941 3272 solis
958 3222 1029 3272 radio
1041 3222 1172 3282 uidebant,
1183 3222 1251 3274 sicut

93 3301 222 3364 scripturn
235 3307 291 3351 est:
309 3301 441 3350 ‘Cer-nent
452 3307 546 3350 terram
560 3302 593 3350 de
604 3300 699 3364 longe!
733 3301 792 3350 Non
808 3302 876 3351 enim
888 3307 975 3364 potest
987 3301 1121 3363 quicquam
1133 3307 1249 3349 creature

94 3379 183 3429 uisum
195 3380 349 3438 obtundere,
361 3379 401 3428 cui
412 3379 494 3428 semel
508 3395 659 3430 concessum
671 3386 711 3430 est
725 3380 838 3430 omnium
852 3369 994 3429 creatorem
1006 3379 1104 3428 uidere.
1140 3377 1173 3427 Et
1184 3379 1249 3429 miro

94 3457 176 3508 modo
192 3472 250 3508 cum
267 3463 366 3506 starent
383 3457 410 3505 iu
427 3456 521 3507 eodem
538 3458 596 3507 loco
613 3459 640 3507 in
657 3473 708 3521 quo
724 3458 797 3521 prius
811 3464 947 3516 steterant,
959 3472 1012 3507 non
1028 3471 1059 3505 se
1073 3463 1207 3506 uertentes
1221 3457 1248 3506 in

93 3536 208 3598 aliquam
219 3541 328 3598 partem,
339 3541 448 3584 cunctos
465 3541 550 3584 tamen
567 3551 603 3584 ex
614 3537 707 3586 eodem
722 3535 781 3586 loco
797 3543 858 3586 ante
876 3543 902 3584 et
919 3543 989 3584 retro
1006 3535 1105 3597 positos
1116 3535 1246 3583 uidebant.
1262 3545 1296 3595 40

94 3615 158 3664 Non
176 3613 261 3662 soluru
279 3619 365 3662 autem
386 3614 465 3673 uisus,
483 3628 573 3662 uerum
591 3615 673 3664 eciam
691 3629 776 3663 rerum
793 3613 906 3663 sciencia
917 3612 1024 3662 dabatur
1039 3612 1150 3673 insolita,
1168 3613 1204 3660 ita
1220 3619 1248 3660 ut

94 3707 151 3742 non
163 3697 234 3741 esset
251 3690 285 3739 ibi
303 3705 369 3753 opus
386 3690 546 3752 interrogare
561 3691 671 3754 amplius
688 3692 781 3754 aliqua,
792 3698 833 3741 set
850 3691 937 3740 omnia
953 3689 1051 3740 sciebat
1067 3690 1101 3738 ibi
1115 3689 1248 3740 Tundslus

92 3777 186 3833 aperte
205 3777 232 3818 ct
248 3769 350 3831 integre
367 3783 520 3832 quecunque
536 3769 647 3820 uolebat.
717 3756 789 3820 Cum
806 3777 891 3819 autem
910 3769 946 3819 ita
965 3775 1036 3818 esset
1055 3768 1089 3818 rbi
1105 3767 1246 3826 Tundalus,

93 3847 169 3898 affuit
191 3845 241 3896 ibi'
260 3853 367 3897 nactus
385 3845 527 3896 Ruadauus
549 3847 691 3904 consessor,
708 3861 767 3897 cunr
789 3862 883 3910 magna
900 3847 986 3896 leticia
1002 3845 1117 3896 salutans
1134 3861 1202 3902 eum,
1220 3853 1248 3896 et

92 3925 257 3988 amplectens
266 3925 357 3976 intime
374 3925 487 3974 carium
503 3925 646 3976 uisceribus
660 3926 713 3976 ait:
731 3926 877 3976 ‘Dominus
888 3924 1016 3977 custodiat
1029 3924 1162 3974 introitum
1173 3929 1246 3973 tuuur
1259 3936 1290 3988 45

92 4011 122 4055 et
134 4004 232 4054 exitrun
243 4010 316 4054 tuum
327 4018 362 4054 ex
372 4003 423 4054 hoc
434 4018 504 4053 nunc
514 4010 542 4054 et
552 4018 635 4066 usque
646 4003 673 4054 in
685 4003 807 4056 seculum.
832 4003 888 4066 Ego
899 4019 957 4054 sum
969 4003 1111 4053 Ruadanus
1121 4007 1246 4066 patronus

92 4091 165 4142 tuus,
176 4080 259 4148 [cui]⁸
268 4082 324 4131 iure
335 4080 477 4132 debitores
487 4079 638 4145 sepulture’
667 4081 701 4133 Et
711 4098 769 4132 curn
778 4083 828 4132 hoc
837 4082 954 4142 dixisset,
961 4083 1034 4132 stetit
1046 4079 1124 4130 nichil
1135 4078 1246 4142 amplius

92 4160 194 4212 diceus.
232 4159 365 4210 Tundeius
382 4166 469 4210 autem
488 4159 639 4223 respiciens,
655 4160 721 4209 uidit
741 4167 857 4210 sanctum
877 4159 1014 4210 Patricium
1031 4157 1245 4208 Hiberniensium

127 4271 216 4322 ¹Scb.
228 4271 366 4322 contextis.
463 4269 540 4323 ¹0m.
632 4270 689 4322 ⁸1.
703 4271 888 4324 instrumentis
983 4269 1138 4320 ⁴VB.ante
1149 4268 1242 4320 rislrn.

92 4337 346 4390 ⁸T.coustructum.
410 4335 603 4389 'simmatus
667 4335 774 4396 'aiei-
842 4337 972 4400 'uero
