3028 4894
264 288 339 359 404
578 263 710 350 nutu
735 259 1104 364 mmmm

265 463 392 520 reduxit.
428 461 532 520 Orauit
544 473 644 520 autem
658 461 766 518 iterum
780 471 811 518 et
825 477 948 518 carnem
965 459 1047 516 illam
1064 459 1095 516 in
1112 475 1227 532 panem
1241 477 1421 518 connemn

267 561 404 608 matrone
427 552 606 608 sumendam
628 551 720 607 dedit.
792 536 949 624 ¹Quidam
977 547 1070 604 inuidi
1098 546 1249 619 Gregorio
1279 557 1422 621 ceperunt

267 638 434 709 detrahere,
452 648 625 696 asserentes
644 637 724 712 quod
745 647 841 693 totum
859 636 1034 692 thesaurum
1060 635 1188 692 ecclesie
1208 645 1361 710 tanquam
1382 635 1423 690 uir

265 727 410 800 prodigus
422 727 671 800 consumpsisset.
707 723 796 781 Vnde
812 725 852 781 ob
863 723 953 780 huius
968 723 1130 780 uindictam
1144 723 1183 779 ad
1198 724 1423 780 comburendos

237 825 340 877 sauos
357 811 450 870 libros
465 823 633 870 ceterorum
650 812 768 868 animos
784 811 1012 868 inclinauerunt.
1037 809 1174 880 Quonim
1186 810 1264 866 dum
1278 813 1423 885 quosdam

265 901 505 958 combussissent
524 911 554 958 et
574 909 691 956 ceteros
710 901 887 956 comburere
907 899 1029 966 vellent,
1050 897 1158 954 Petrus
1184 898 1340 956 diaconus
1366 898 1425 955 eins

266 986 524 1056 familiarissimus,
543 1005 612 1044 cum
637 1005 697 1061 quo
718 997 846 1061 quatuor
868 985 1061 1058 Dialogorum
1086 985 1179 1042 hbnos
1203 985 1425 1058 ἀίεριιῑιυεηῐ,

267 1076 466 1134 uehementer
484 1075 607 1144 obstitit,
625 1091 768 1132 asserens
787 1073 843 1130 hoc
861 1074 900 1130 ad
919 1073 984 1130 eius
1002 1073 1162 1130 delendam
1182 1074 1373 1130 memoriam
1391 1073 1425 1128 nil

267 1163 376 1232 ualere,
390 1180 458 1220 cum
478 1163 508 1219 in
528 1163 658 1220 diuersis
676 1162 780 1218 mundi
799 1162 934 1234 partibus
952 1161 1137 1233 exemplaria
1153 1169 1365 1232 tenerentur;
1383 1162 1426 1217 ad·

223 1265 254 1302 ro
268 1251 398 1324 iungens
420 1249 552 1306 irnmane
576 1249 763 1322 sacrilegium
786 1267 865 1319 esse,
886 1251 961 1305 tanti
984 1250 1079 1322 patris
1098 1257 1144 1304 tot
1167 1256 1199 1305 et
1225 1249 1311 1306 tales
1341 1251 1427 1306 libros

266 1355 404 1408 exurere,
424 1355 517 1410 super
537 1337 623 1394 cuius
649 1347 737 1410 caput
757 1337 822 1410 ipse
843 1337 979 1410 spiritum
1002 1345 1140 1392 sanctum
1167 1337 1198 1392 in
1225 1337 1427 1394 similitudine

267 1425 404 1483 columbe
423 1425 666 1498 frequentissime
682 1433 887 1497 perspexerat.
923 1423 1061 1480 Tandem
1079 1423 1109 1478 in
1130 1424 1208 1479 hanc
1228 1442 1287 1481 eos
1307 1436 1428 1482 senten-

267 1513 343 1570 ciam
363 1513 488 1568 adduxit
508 1521 540 1569 ut
564 1513 590 1568 si
611 1511 683 1568 illud
701 1513 782 1584 quod
801 1511 918 1568 dixerat
939 1511 1130 1567 iureiurando
1145 1510 1341 1568 confirmans
1363 1531 1429 1568 con·

268 1600 350 1658 tinuo
363 1599 438 1656 mori
454 1601 623 1668 meruisset,
636 1599 694 1672 ipsi
711 1617 730 1656 a
748 1599 892 1656 librorum
911 1599 1070 1656 exustione
1089 1598 1294 1668 desisterent;
1317 1601 1346 1657 si
1360 1619 1428 1656 uero

225 1702 254 1751 15
268 1687 345 1745 mori
369 1704 430 1744 non
455 1687 626 1756 meruisset,
651 1697 698 1744 set
726 1697 882 1760 superstes
911 1689 957 1744 sui
982 1685 1145 1743 testimonii
1171 1687 1341 1758 extitisset,
1367 1693 1428 1762 ipse

268 1793 388 1850 quoque
407 1774 648 1832 combustoribus
670 1791 778 1831 manus
800 1775 892 1830 daret
931 1773 1034 1846 Itaque
1053 1791 1121 1830 cum
1140 1783 1290 1846 apparatu
1311 1777 1428 1833 diaconi

269 1863 493 1936 euangeliorum
513 1863 623 1918 librum
645 1861 782 1918 baiulans
802 1861 982 1919 uenerabilis
1004 1861 1094 1918 leuita
1115 1860 1224 1918 Petrus
1246 1863 1428 1930 adueniens,

269 1969 340 2008 mox
353 1959 385 2006 ut
398 1953 484 2007 tactis
501 1949 700 2006 sacrosanctis
716 1949 881 2022 euangeliis
899 1949 1035 2023 Gregorii
1053 1949 1201 2005 sanctitati
1216 1952 1427 2008 testimonium

269 2039 427 2111 perhibuit,
440 2055 457 2094 a
471 2037 574 2094 dolore
591 2038 696 2095 mortis
712 2047 876 2095 extraneus
894 2038 1031 2110 spiritum
1050 2037 1127 2094 inter
1145 2037 1238 2094 uerba
1259 2055 1338 2095 uere
1358 2057 1428 2096 con·

226 2139 256 2175 ²0
270 2125 410 2183 sessionis
422 2124 522 2182 emisit
530 2123 561 2198 ¹.]

517 2318 541 2378 ti
563 2305 617 2376 Dr
635 2335 752 2376 saucra
771 2305 967 2376 Watauaoa
985 2318 1136 2375 vrasrrr'.

276 2437 472 2564 pOstquam
486 2438 653 2511 Anglorum
670 2439 749 2496 natio
766 2456 823 2512 per
838 2439 917 2497 beati
934 2439 1070 2512 Gregorii
1088 2455 1168 2512 pape
1185 2439 1393 2512 apostolatum
1412 2460 1428 2498 a

350 2525 523 2598 gentilitatis
535 2543 637 2583 errore
649 2528 687 2583 ad
700 2527 923 2584 christianitatis
934 2527 1089 2584 veritatem
1103 2543 1250 2584 conuersa
1263 2537 1321 2595 est,
1341 2529 1428 2586 multi
1492 2543 1493 2546 ’

271 2611 389 2669 illorum
402 2614 441 2670 ob
451 2615 571 2672 celestis
582 2614 648 2686 spei
662 2614 934 2672 remunerationem
948 2633 987 2671 ex
1002 2614 1151 2671 maritima
1163 2616 1261 2686 patria
1274 2617 1315 2672 ad
1330 2617 1357 2672 F
1359 2636 1428 2674 ran-

271 2717 374 2758 corum
395 2710 601 2774 peruenerunt
619 2701 786 2774 imperium.
825 2701 871 2758 Ex
890 2703 999 2774 quibus
1017 2711 1137 2758 sanctus
1157 2701 1342 2770 Bonisacius,
1355 2707 1428 2761 dum

228 2811 257 2862 ²5
272 2789 367 2846 adhuc
398 2790 428 2844 in
459 2788 721 2861 peregrinatione⁴
744 2789 934 2863 peruenisset
958 2789 1151 2863 prouinciam,
1178 2791 1265 2862 quasi
1293 2793 1429 2850 natiuam

272 2875 329 2932 sibi
341 2877 469 2948 adeptus
482 2885 529 2932 est
541 2875 676 2949 patriam,
688 2886 718 2934 et
735 2877 993 2950 maguntinensis·
1004 2877 1172 2950 presulatus
1188 2877 1226 2933 ob
1244 2895 1302 2934 sua
1318 2882 1429 2937 merita

272 2964 444 3020 cathedram
457 2965 585 3037 adeptus
602 2973 657 3020 est.
697 2963 744 3020 Ex
757 2965 864 3021 eodem
880 2981 1000 3037 quoque
1019 2964 1127 3037 Anglie
1139 2964 1238 3021 insule
1254 2967 1322 3023 solo
1338 2985 1429 3040 pere·

273 3051 381 3124 grinati
398 3059 468 3108 sunt
487 3050 595 3108 iratres
613 3051 673 3108 duo
693 3069 749 3124 pro
767 3051 896 3119 Christo,
913 3052 976 3108 scil.
992 3051 1234 3109 willebrordus⁸
1253 3063 1284 3110 et
1303 3054 1428 3114 Winni-

273 3140 379 3196 boldus
389 3138 408 3206 ⁷,
427 3156 495 3196 cum
517 3138 685 3196 castissima
710 3156 813 3196 sorore
839 3156 942 3196 eorum
969 3139 1085 3212 virgine
1112 3139 1223 3198 Christi
1248 3139 1428 3218 Walburga.

228 3251 260 3302 50
273 3226 409 3297 Quorum
432 3225 516 3300 prior
543 3243 561 3282 a
589 3226 704 3300 prefato
731 3227 862 3284 antistite
891 3225 1044 3283 Bonifacio
1076 3226 1271 3284 heistatensis
1297 3232 1428 3290 ecclesie

273 3313 445 3371 cathedram
465 3313 606 3387 suscepit,
625 3315 699 3372 alter
715 3332 788 3371 vero
806 3323 901 3372 totum
923 3331 957 3371 se
977 3314 1088 3371 Christi
1105 3313 1226 3372 seruitio
1247 3319 1429 3392 mancipans

273 3402 370 3458 locum
390 3401 441 3475 qui
463 3399 570 3458 dicitur
592 3400 784 3460 Heidanhem
804 3402 842 3459 ad
864 3402 1056 3459 incolendum
1081 3402 1178 3476 elegit,
1200 3403 1250 3461 vbi
1274 3409 1429 3465 continuis
1492 3415 1493 3448 l

273 3489 459 3546 orationibus
474 3488 601 3558 deditus,
614 3488 645 3544 in
661 3489 824 3546 monastica
841 3491 1071 3548 conuersatione
1088 3501 1193 3548 sancta
1205 3491 1300 3550 vitam
1319 3496 1428 3564 finiuit,

274 3585 305 3634 et
322 3576 432 3634 multos
450 3577 527 3633 bene
542 3575 702 3634 instructos
720 3575 827 3636 iratres
840 3577 967 3650 reliquit.
1005 3577 1077 3635 Post
1096 3579 1205 3636 horum
1216 3597 1290 3638 veno
1310 3582 1428 3642 disces-

308 3716 316 3746 ¹
333 3716 372 3766 Cl'.
386 3716 447 3778 Leg.
460 3717 553 3777 Aurea,
567 3732 592 3779 p.
607 3732 661 3780 199.

308 3781 318 3812 ¹
332 3783 394 3832 Ant.
407 3790 434 3832 et
444 3781 543 3831 Collect
554 3783 579 3831 in
591 3782 621 3832 T.
632 3800 638 3833 :

309 3842 480 3922 (R)cligi0ne
497 3856 605 3916 stabilis,
621 3857 732 3906 deuotus
750 3863 777 3905 et
794 3855 917 3918 amabilis,
934 3857 1035 3907 Thomu
1052 3857 1252 3920 resplenduistig
1269 3862 1325 3910 uita
1343 3872 1426 3914 morte

275 3923 416 3984 laudabilia,
429 3922 566 3972 uirtutibus
578 3922 708 3982 mirabilis,
719 3923 805 3972 seruis
817 3937 937 3973 succurre
948 3923 1052 3974 Christi.
1087 3923 1117 3974 V.
1133 3923 1230 3976 lustum
1244 3927 1363 3979 deduxit.

309 3985 490 4061 Omnipotens
512 4003 539 4045 ct
560 3996 709 4046 misericors
732 3997 805 4058 deus,
828 3998 873 4059 qui
900 3997 1018 4060 superbis
1046 3999 1146 4048 resistis
1169 4006 1195 4047 et
1218 3999 1358 4052 humilibus
1380 4005 1425 4052 das

275 4066 395 4128 graciam,
417 4063 450 4112 da
468 4063 542 4112 nobis
560 4077 700 4124 quesumus
716 4061 842 4126 exemplis
858 4071 884 4113 et
899 4065 997 4113 meritis
1013 4064 1123 4126 preciosi
1142 4063 1242 4115 Thome
1261 4071 1382 4118 monachi
1399 4077 1424 4118 et
1492 4049 1493 4130 l

275 4131 385 4182 martiris
396 4129 507 4191 superba
519 4144 571 4177 non
583 4143 682 4191 sapere,
695 4133 735 4177 set
745 4143 759 4176 s
771 4163 777 4176 .
790 4165 796 4178 .
808 4165 834 4180 ..

308 4197 318 4224 ¹
335 4194 396 4246 Abr.
413 4194 478 4243 t‘rom
495 4193 541 4242 the
552 4193 610 4243 Vita
627 4193 743 4242 ascribed
761 4201 788 4242 to
805 4193 942 4254 adelbold,
955 4195 981 4243 in
992 4195 1023 4244 Α.
1036 4194 1084 4246 SS.
1100 4194 1167 4244 Roll.
1183 4195 1257 4247 Febr.
1271 4197 1320 4249 111.
1332 4215 1357 4262 p
1368 4201 1421 4262 548,

276 4261 363 4312 which
375 4262 397 4310 is
408 4261 557 4310 contracted
569 4259 635 4310 from
646 4257 806 4309 Wollhard's
816 4259 883 4308 Vita.
1015 4261 1025 4290 ⁴
1041 4261 1091 4310 Vit.
1106 4261 1156 4310 huc
1167 4263 1197 4326 (l)
1214 4262 1241 4310 in
1253 4267 1420 4329 peregrinam

275 4326 285 4357 ¹
301 4327 330 4377 T.
344 4326 571 4389 moguntinensis.
668 4323 678 4352 ⁴
695 4323 760 4375 Roll.
773 4324 946 4376 Willrboldus.
1046 4323 1055 4354 l
1073 4325 1102 4378 E.
1115 4327 1288 4381 wineboldus.
1492 4349 1493 4414 p
