3036 4878
96 259 386 326 urs-nubium]
484 240 589 330 Clite
606 238 666 330 ἢ.
684 239 884 342 durinci
1189 259 1260 336 717

98 443 390 515 inuolutus,ornnino
402 443 570 502 intemerata
581 444 698 516 pristino
716 446 837 504 candore
854 442 1048 516 splendebant
1086 441 1129 497 llli
1149 452 1263 513 stupore

98 527 248 600 percussi,
265 528 430 584 nesciebant
449 527 516 598 quid
534 539 659 598 agerent,
672 528 724 586 sed
742 527 877 598 gaudium
895 545 959 582 cum
978 527 1077 586 timore
1095 526 1262 581 miscebant.

101 610 344 668 sacratissimum
355 629 421 681 ergo
437 629 538 682 corpus
551 629 615 666 curn
628 613 716 666 multa
734 611 914 668 ueneratione
929 619 958 666 et
971 610 1074 670 diuinis
1089 607 1240 680 [laudibus]
1253 614 1263 648 1

100 694 168 751 alia
186 695 314 764 syndone
332 694 487 762 inuoluunt,
506 712 591 766 quarn
610 695 704 750 adhuc
725 711 759 749 eo
785 695 906 762 uiuente,
926 695 955 748 in
975 693 1098 754 officium
1122 693 1262 764 sepulture

102 779 257 847 Egbertus
274 778 439 834 anachorita
456 778 670 846 transmiserat3
696 794 748 833 nec
770 778 928 836 recondunt
948 777 977 832 in
996 779 1092 844 humo,
1111 777 1163 832 sed
1178 789 1291 846 super5

101 872 216 918 terram
230 860 259 914 in
272 862 378 916 tumulo
397 861 570 920 memoriali:
591 878 674 932 quem
692 869 790 931 postea
802 877 851 914 rex
862 860 1062 915 AEthelbaldus
1075 860 1264 930 multipliciter

103 943 247 1000 munifica
269 953 298 998 et
323 945 474 1014 magnifica
498 945 648 1000 deuotione
672 943 789 998 ornauit
840 943 883 998 lbi
908 943 1047 1013 repositus
1078 943 1196 1015 quiescit
1220 943 1264 998 sol

103 1027 224 1096 Anglie,
244 1044 296 1082 uas
315 1027 467 1095 electionis,
489 1029 531 1082 sal
552 1037 634 1094 terre,
653 1028 803 1096 columpna
824 1026 949 1094 ecclesie,
969 1025 1058 1096 patrie
1083 1028 1186 1095 lumen,
1205 1026 1263 1081 uite

107 1110 269 1180 speculum,
289 1109 449 1180 penitencie
473 1111 571 1179 sonna,
594 1108 750 1165 sanctitatis
774 1109 941 1180 exemplum.
978 1109 1066 1164 Cuius
1087 1109 1263 1172 conuersatio

106 1203 175 1248 tota
186 1193 276 1249 tuerat
289 1193 365 1249 scola
377 1194 542 1262 honestatis,
554 1212 665 1252 morum
684 1194 831 1260 edificatio,
844 1204 872 1248 et
886 1203 1029 1250 structura
1046 1193 1152 1248 salutis.
1189 1194 1263 1248 Vere
1280 1205 1309 1243 ¹0

107 1276 269 1346 discipulus
290 1276 402 1345 Christi,
422 1278 530 1334 anricus
551 1279 656 1349 sponsi,
676 1279 766 1334 honor
790 1277 978 1346 sacerdotum,
999 1286 1080 1348 pater
1101 1275 1209 1332 consilii
1234 1284 1263 1331 et

109 1359 223 1429 solacii,
243 1361 339 1416 oculus
361 1359 430 1428 ceci,
449 1361 544 1431 lingua
566 1362 646 1429 muti,
667 1379 719 1433 pes
738 1361 844 1431 claudi,
863 1360 990 1418 minister
1010 1359 1124 1426 Christi,
1143 1359 1263 1416 christus

108 1443 231 1498 domini.

241 1578 291 1632 Da
309 1589 464 1636 nnuanru
481 1579 699 1634 AErnsnnntnr
720 1591 760 1662 nr
776 1590 1023 1644 conoursnoua
1041 1590 1147 1644 nrQua

522 1674 763 1722 consonuimus
779 1675 860 1718 sius

113 1765 192 1891 AV
192 1764 281 1821 dierat
288 1765 351 1821 exul
360 1765 560 1822 AEthelbaldus
569 1766 645 1822 beati
656 1767 707 1824 uiri
718 1767 883 1826 transitum:
896 1767 1039 1838 nimioque
1048 1765 1143 1821 dolore
1153 1781 1264 1836 correp·

216 1858 271 1917 tus,
284 1849 350 1904 licet
363 1847 389 1902 in
403 1849 518 1904 remotis
527 1849 686 1918 regionibus
700 1860 803 1919 ageret,
813 1851 850 1904 ad
860 1850 1038 1920 sepulchrum
1046 1849 1121 1903 beati
1133 1846 1263 1903 Gutblaci
1280 1858 1309 1910 15

113 1948 180 1988 curu
194 1933 283 1987 multa
295 1931 471 1987 lacrimarum
479 1931 627 1988 affluencia
635 1933 786 1988 festinauit.
810 1933 866 1988 Vbi
877 1950 908 1987 se
918 1932 1059 1987 humiliter
1069 1931 1097 1986 in
1107 1930 1265 1986 orationem

113 2014 270 2086 proiciens:
290 2015 465 2084 ‘Quomodo
478 2014 575 2086 inquit,
588 2016 699 2071 ablatus
711 2033 744 2071 es
758 2016 852 2082 michi,
865 2015 1067 2086 benignissime
1079 2024 1167 2085 pater,
1180 2030 1264 2084 quem

114 2099 208 2156 solum
229 2099 370 2154 habebam
395 2098 424 2152 in
445 2097 526 2155 exilio
550 2116 616 2154 meo
636 2099 782 2170 refugium,
804 2099 833 2155 in
858 2099 1032 2155 dubitatione
1054 2096 1210 2164 consilium,
1234 2097 1264 2152 in

114 2181 269 2238 afflictione
294 2181 444 2236 solatium?
489 2181 576 2236 Ntdla
606 2200 652 2238 me
681 2182 772 2249 exilia,
797 2183 872 2238 nulle
902 2182 1009 2248 iniurie,
1034 2181 1111 2236 nulla
1141 2181 1264 2235 hostium

114 2282 245 2322 meorum
269 2265 427 2336 obprobria,
452 2267 527 2321 nulle
553 2265 637 2335 mine,
662 2266 741 2320 nulla
767 2284 860 2322 rerum
890 2265 1040 2336 dispendia
1067 2264 1263 2320 molestabant.
1279 2281 1310 2318 πο

116 2348 258 2418 Quicquid
283 2348 358 2404 enirn
383 2347 488 2404 tristior
510 2359 628 2403 euentus
651 2349 771 2418 afferret,
797 2366 849 2419 ego
872 2349 901 2404 in
923 2349 985 2404 sinu
1007 2358 1054 2403 tue
1073 2347 1264 2402 misericordie

115 2431 305 2504 quiescebam,
327 2442 413 2503 atque
432 2431 468 2486 de
490 2443 538 2486 tua
556 2431 749 2487 consolatione
768 2432 854 2488 michi
873 2431 1007 2503 plenioris
1028 2430 1119 2486 leticie
1141 2431 1265 2486 remedia

116 2517 346 2586 compensabam.
378 2517 405 2570 N
407 2533 444 2570 on
457 2515 572 2571 hostiles
585 2515 717 2580 incursus,
731 2533 788 2571 non
801 2533 927 2572 carceres
938 2516 1075 2572 timebam
1087 2527 1135 2573 aut
1146 2515 1264 2587 gladios,

115 2610 166 2656 tua
176 2599 374 2654 intercessione
387 2598 523 2654 suffultus.
548 2599 657 2668 Infelix,
669 2617 756 2671 quare
768 2617 884 2671 presens
895 2619 952 2656 non
965 2601 1052 2656 affui?
1069 2618 1157 2672 quare
1169 2600 1265 2656 oculos

116 2684 180 2740 illos
205 2684 324 2738 celestes
348 2682 478 2737 manibus
502 2681 573 2737 meis
598 2683 626 2737 in
651 2694 741 2738 morte
765 2700 823 2738 non
848 2684 945 2752 clausi,
967 2685 1081 2755 quando
1100 2685 1199 2740 beatus
1219 2682 1265 2738 ille
1280 2700 1310 2752 ²⁵

117 2767 231 2838 spiritus
255 2783 320 2820 cum
345 2766 535 2822 sacratissima
559 2766 607 2821 illa
631 2781 715 2822 carne
740 2765 890 2822 diuortium
914 2768 1089 2823 celebrauit?
1128 2769 1167 2821 Et
1191 2782 1265 2820 nunc

117 2849 325 2905 infelicissimus
345 2850 408 2904 exul
432 2867 488 2920 quo
514 2849 580 2904 ibo?
615 2848 693 2917 Quid
716 2849 839 2904 faciam?
865 2866 921 2920 quo
945 2867 991 2904 me
1015 2851 1144 2905 uenam?
1181 2849 1265 2902 Nunc

117 2933 209 3006 primo
233 2933 308 2987 enim
333 2950 379 2987 me
400 2932 535 2988 miserum
556 2942 584 2988 et
606 2933 715 2987 exulem
734 2948 914 3002 recognosco.
951 2934 1017 2988 Non
1042 2932 1165 2998 deseras,
1185 2941 1266 3002 pater

119 3019 266 3084 Gutblace,
278 3033 334 3071 non
347 3018 461 3072 deseras
473 3018 549 3072 hune
561 3016 710 3082 desertum,
724 3017 800 3070 hunc
813 3018 930 3082 exulem,
939 3018 1014 3071 hunc
1025 3017 1175 3081 abiectum,
1189 3016 1265 3070 hunc

118 3100 206 3156 filium
234 3099 349 3168 doloris,
376 3100 451 3155 bunc
478 3117 582 3168 uagum
610 3110 638 3155 et
667 3100 835 3170 profugum⁷²
858 3117 942 3170 super
967 3110 1078 3168 terram,
1108 3099 1265 3170 expositum
1278 3118 1311 3168 ³⁰

119 3182 249 3255 periculis
261 3193 290 3238 et
301 3183 458 3238 tormentis.
486 3181 524 3251 Si,
538 3183 567 3236 in
580 3199 663 3236 carne
677 3182 794 3253 positus,
804 3181 881 3237 suisti
894 3192 994 3253 potens
1007 3193 1035 3237 et
1044 3183 1143 3238 efficax
1155 3181 1265 3237 adiutor

119 3267 174 3322 hiis
186 3265 233 3337 qui
246 3275 293 3321 tue
311 3265 521 3321 intercessionis
534 3265 702 3320 beneficium
716 3265 912 3335 implorabant,
925 3278 1031 3336 quanto
1043 3282 1116 3321 nunc
1128 3263 1266 3320 efficatior

121 3349 250 3415 crederis,
270 3349 319 3421 qui
341 3365 417 3404 nunc
440 3349 515 3404 mole
539 3348 664 3418 corporis
689 3348 827 3419 deposita,
852 3349 925 3404 inter
947 3350 1062 3419 angelos
1087 3347 1265 3414 constitutus,

121 3431 262 3489 Christum
281 3432 369 3487 solem
387 3431 496 3487 iusticie
513 3442 541 3487 et
559 3431 749 3486 misericordie
767 3432 882 3499 sontem,
900 3431 1102 3488 irreuerberata
1119 3433 1181 3488 acie
1198 3449 1266 3487 con·

120 3514 295 3584 templarisl’
333 3514 397 3569 Hiis
419 3525 446 3570 et
466 3513 604 3570 similibus
623 3524 714 3583 utens,
736 3514 765 3569 in
784 3514 899 3584 planctu
917 3525 946 3570 et
966 3516 1072 3586 gemitu
1093 3527 1121 3573 et
1140 3516 1266 3572 oratione
1279 3534 1310 3586 35

121 3599 253 3655 continua
276 3596 352 3653 diem
376 3597 484 3653 clausit.
522 3598 555 3651 ln
585 3598 681 3652 casula
709 3613 776 3668 ergo
803 3598 937 3670 quadam,
964 3617 1018 3671 que
1048 3599 1159 3655 uiuente
1183 3601 1266 3654 beato

122 3682 261 3738 Gutblaco
273 3679 407 3751 sole[ba]t
416 3697 480 3736 esse
492 3680 649 3752 hospicium
657 3677 676 3747 ³,
689 3681 816 3737 nondum
826 3692 955 3738 cessante
966 3683 1094 3737 mesticia
1107 3699 1137 3737 se
1151 3681 1265 3751 recepit.

124 3766 248 3835 Cumque
272 3763 423 3818 maximam
448 3773 555 3834 partem
577 3763 667 3819 noctis
690 3765 775 3820 uariis
799 3765 986 3820 anxietatibus
1005 3775 1119 3819 estuans
1142 3763 1267 3818 duxisset

122 3849 306 3918 insompnem,
324 3848 439 3902 tandem
461 3846 624 3902 dormitanti
644 3848 764 3902 blandus
786 3864 870 3918 sopor
889 3847 1030 3917 obrepsit:
1054 3863 1087 3901 ac
1108 3845 1202 3900 subito
1220 3863 1266 3901 ex·
1302 3860 1306 3868 ·

123 3931 289 4004 pergiscens‚
302 3930 431 3986 celiniam
444 3930 472 3984 in
485 3946 542 4001 qua
554 3929 671 3998 iacebat,
685 3929 797 4000 respicit
814 3929 972 3984 circumfusi
989 3930 1138 4000 splendore
1154 3929 1266 3985 luminis
1278 3953 1312 4004 40

123 4013 282 4070 mirabiliter
294 4013 516 4080 choruscantem,
525 4013 694 4085 beatumque
704 4013 874 4068 Gutblacum
887 4013 939 4068 sibi
952 4022 1091 4068 astantem
1100 4013 1266 4080 fulgentem·

124 4115 174 4170 que
192 4096 287 4152 celesti
306 4097 463 4167 splendore,
476 4105 505 4151 et
521 4096 574 4150 hec
590 4097 677 4151 uerba
694 4095 853 4152 dicentem:
875 4095 945 4151 ‘Fili
961 4095 1117 4164 karissime,
1136 4093 1266 4150 dominus

123 4192 150 4238 te
166 4179 305 4250 respexit:
325 4178 437 4234 confide
455 4188 483 4234 et
501 4179 663 4246 confortare,
677 4179 744 4250 quia
761 4178 833 4234 inlra
848 4179 902 4234 hoc
916 4178 1061 4235 biennium
1077 4178 1160 4234 finem
1178 4177 1266 4234 habe-

154 4283 229 4336 ιοιιι.
290 4280 371 4333 ¹MS.
382 4289 409 4334 et
419 4282 552 4348 profugum
563 4289 588 4334 et
599 4282 740 4363 profugum.
798 4280 1119 4350 ³F21.qua...h0spiuri
1129 4279 1233 4338 solebat.
