3012 4898
1104 184 1133 228 'x

443 224 518 319 Ba
536 220 706 312 'banca
731 221 943 321 mortua
1133 228 1173 265 ⁸⁵·
1190 240 1269 316 so

112 421 192 480 nihil
204 424 327 483 curauit
363 425 451 495 Nam,
465 425 541 483 sicut
558 443 680 484 narrare
694 435 900 496 consueuerat,
912 426 987 499 ipse,
1001 434 1031 484 et
1043 427 1103 483 duo
1116 423 1188 482 socii
1205 423 1269 481 sui¹
1290 420 1293 429 '

115 512 286 571 existentes
306 514 338 571 in
357 531 484 584 earnera,
502 531 563 571 non
582 515 641 573 nisi
658 519 776 572 vnicam
795 516 945 572 habebant
963 531 1079 588 capam,
1097 522 1127 571 et
1145 512 1269 586 quilibet

117 617 227 657 eorum
245 601 376 659 tunicam
388 601 528 672 tantum¹,
540 604 596 660 sed
615 612 646 661 ct
662 604 773 661 lectum
789 604 936 660 infimum.
973 603 1111 660 Exeunte
1124 618 1197 674 ergo
1208 616 1269 656 vno

118 704 190 744 cum
199 705 274 762 capa
281 690 319 746 ad
329 689 486 747 lectionem
495 691 684 762 audiendam,
696 691 802 765 reliqui
815 691 846 749 in
854 707 972 749 camera
980 689 1151 747 residebant
1162 708 1170 755 ;
1183 696 1213 744 et
1226 688 1270 744 dc

119 775 289 832 alternatim
302 777 449 835 exierunt.
484 778 633 852 Panisque
650 790 681 837 et
692 797 799 853 parum
812 781 850 837 de
863 778 933 836 vino
945 795 1013 835 cum
1026 775 1144 851 potagio
1157 774 1201 832 eis
1214 791 1270 849 pro
1282 787 1298 838 i

120 862 190 919 cibo
208 864 393 922 sufficiebat:
419 883 479 923 non
497 866 579 923 enim
599 884 706 925 carnes
723 877 773 924 aut
791 867 901 940 pisces,
918 865 975 923 nisi
993 867 1025 922 in
1044 866 1092 921 die
1112 863 1270 929 dominica,

121 949 172 1006 vel
197 949 245 1008 die
275 953 433 1026 solempni,
457 955 506 1010 vel
536 953 684 1012 sociorum
711 972 766 1012 seu
791 954 954 1012 amicorum
979 952 1140 1027 presentia,
1165 967 1270 1008 eorum

121 1049 286 1111 paupertas
309 1039 393 1114 ipsos
417 1043 575 1099 comedere
600 1042 754 1117 permisit;
785 1051 817 1100 et
839 1051 942 1099 tamen
967 1057 1041 1114 sepe
1066 1039 1165 1097 retulit
1189 1039 1269 1112 quod

123 1143 278 1198 nunquam
295 1127 326 1183 in
338 1128 399 1185 vita
414 1146 469 1185 sua
481 1138 543 1186 tam
555 1129 723 1200 iocundam,
735 1139 797 1186 tam
810 1130 1017 1187 delectabilem
1030 1129 1157 1184 duxerat
1169 1126 1269 1182 vitam.

125 1212 240 1270 Etcum
250 1214 427 1286 Richardus,
435 1217 559 1275 scientie
568 1227 598 1275 et
608 1217 778 1291 eloquentie
788 1219 876 1275 donis
889 1219 1060 1286 adornatus,
1068 1215 1269 1289 magistralem
1285 1233 1316 1270 ro

122 1301 294 1360 cathedram
306 1303 417 1360 ibidem
430 1307 595 1364 ascendere
607 1306 645 1363 ab
655 1305 794 1363 omnibus
806 1306 1025 1362 acclamabatur
1037 1305 1162 1377 dlgnus;
1182 1301 1271 1360 rediit

124 1376 164 1445 'ad
181 1390 307 1460 patn'am
325 1409 420 1457 suam,
436 1401 466 1449 et
484 1394 522 1450 ad
541 1393 766 1450 uniuersitatem
785 1394 981 1450 oxoniensem
1001 1409 1035 1448 se
1053 1390 1222 1458 decimauit,
1240 1400 1272 1446 et

123 1475 235 1534 ibidem
254 1488 323 1553 post
339 1481 489 1538 modicum
508 1491 628 1555 tempus
641 1483 814 1540 cathedram
826 1481 1028 1555 magistralem
1040 1479 1183 1546 ascendit,
1196 1476 1270 1548 aliis,

123 1581 185 1636 que
207 1576 296 1625 antea
319 1569 487 1643 collegerat,
511 1569 673 1626 liberaliter
696 1573 822 1627 studens
847 1586 996 1642 errogare.
1035 1567 1141 1625 Postea
1166 1567 1271 1623 beatus

127 1651 297 1712 Richardus
307 1655 473 1714 Bononiam
485 1657 688 1730 proficiscens,
702 1675 757 1731 per
765 1659 957 1731 septennium
970 1665 999 1713 et
1011 1655 1140 1728 amplius
1153 1654 1239 1727 [iuris
1247 1653 1269 1725 ³]
1286 1677 1315 1728 ¹⁵

123 1757 271 1798 canonum
288 1742 402 1800 fluenta
417 1744 460 1801 sic
477 1745 583 1816 hausit,
596 1747 675 1819 quod
688 1746 832 1818 magister
843 1763 926 1814 suus,
938 1745 1110 1802 infirmitate
1122 1745 1271 1812 detentus,

123 1828 164 1884 ad
178 1829 321 1888 lectiones
336 1849 407 1889 suas
418 1833 484 1890 vice
501 1849 555 1890 sua
567 1835 792 1902 continuandas,
805 1850 860 1906 pre
875 1833 1015 1890 omnibus
1033 1830 1189 1905 discipulis
1207 1830 1271 1888 suis

123 1916 236 1974 dictum
250 1918 436 1977 Richardum
452 1921 550 1994 elegit.
588 1921 646 1991 Qui
662 1939 719 1994 per
734 1920 891 1978 dimidium
907 1937 1020 1978 annum
1037 1918 1212 1992 etamplius
1229 1918 1271 1976 sic

124 2005 290 2078 prudenter
302 2016 332 2064 et
348 2006 500 2066 humiliter
512 2008 543 2065 in
556 2007 654 2066 officio
666 2008 718 2065 illo
730 2026 765 2065 se
777 2009 914 2078 habebat,
927 2008 1007 2081 quod
1021 2025 1040 2063 a
1051 2015 1114 2064 tota
1125 2006 1270 2064 vniuersi-

123 2102 187 2149 tate
198 2093 317 2151 laudem
334 2103 364 2153 et
382 2097 528 2153 honorem
547 2095 655 2153 meruit
669 2095 805 2154 obtinere
817 2096 1019 2169 singularem:
1039 2113 1156 2152 necnon
1173 2113 1192 2152 a
1208 2112 1271 2152 ma·
1286 2118 1318 2152 ιο

121 2179 220 2253 gistro
245 2199 301 2238 suo
321 2191 433 2240 tantam
455 2183 580 2256 gratiam
599 2185 722 2252 inuenit,
743 2185 823 2256 quod
844 2185 963 2242 vnicam
989 2181 1081 2239 filiam
1106 2199 1191 2240 suam
1216 2182 1272 2239 sibi

123 2269 280 2339 heredem,
293 2287 361 2326 cum
374 2271 514 2328 omnibus
530 2271 621 2328 terris
636 2279 667 2329 et
682 2270 771 2328 bonis
789 2270 860 2342 suis,
874 2288 912 2328 ex
924 2271 1076 2328 voluntate
1092 2269 1153 2327 filie
1166 2269 1272 2326 obtulit

120 2355 295 2414 affectuose.
331 2357 393 2414 Sed
418 2359 524 2415 beatus
550 2358 720 2415 Richardus
744 2357 802 2415 alia
825 2357 968 2431 cogitans,
992 2376 1010 2415 a
1035 2357 1139 2431 spiritu
1168 2367 1273 2414 sancto

119 2443 296 2517 inspiratus,
316 2445 467 2503 humiliter
486 2446 597 2519 gratias
618 2447 681 2504 eis⁴
701 2445 867 2517 reserebat3
896 2455 925 2504 et
946 2463 1105 2520 exponens
1126 2447 1272 2519 quasdam

118 2531 254 2589 curiales
271 2533 402 2590 cautelas
420 2541 450 2590 et
468 2534 718 2607 peregrinationis
736 2550 866 2601 causam,
881 2533 1018 2607 promisit
1036 2551 1070 2592 se
1087 2534 1272 2591 voluntatem
1288 2555 1317 2606 ²⁵

118 2621 261 2693 ipsorum
275 2619 306 2675 in
325 2636 380 2676 suo
393 2621 508 2677 reditu⁵
519 2621 675 2695 perficere.
711 2621 758 2677 Ac
771 2621 814 2679 sic
828 2621 998 2679 Richardus
1010 2623 1048 2679 ad
1061 2631 1173 2678 terram
1186 2639 1272 2678 suam

118 2722 277 2774 reuersus,
290 2707 389 2764 statim
408 2717 476 2781 post
494 2710 655 2766 aduentum
675 2725 762 2766 suum
782 2709 814 2765 in
832 2709 973 2782 Angliam
991 2711 1029 2766 ad
1046 2709 1273 2766 uniuersitatem

120 2792 272 2866 Oxou[ie]
302 2811 452 2864 remeans,
476 2794 507 2851 in
535 2797 696 2867 laboribus,
720 2795 830 2870 vigiliis
855 2808 885 2855 et
914 2796 1088 2854 multimoda
1115 2797 1273 2855 afflictione

117 2881 273 2954 corporali
291 2881 407 2952 viuens,
424 2883 557 2940 vnanitni
577 2901 704 2941 assensu
723 2884 918 2941 cancellarius
939 2883 1050 2941 ibidem
1072 2892 1120 2941 est
1141 2884 1273 2941 effectus

119 2970 240 3027 Beatus
263 2985 336 3025 vero
363 2969 550 3039 Edmundus,
575 2980 646 3028 tunc
670 2971 916 3045 archiepiscopus
946 2971 1198 3044 eantua[n'ensis],
1222 2972 1274 3045 qui
1287 2988 1320 3039 30

118 3055 387 3114 conuersationem
404 3057 470 3114 eius
488 3067 518 3114 et
534 3057 694 3115 discretam
710 3058 866 3116 scientiam
883 3058 934 3115 diu
950 3067 1020 3114 ante
1037 3067 1226 3132 cognouerat,
1239 3076 1273 3116 ac

118 3145 216 3202 etiarn
226 3143 378 3201 Robertus
388 3144 617 3217 lincoln[iensis]
628 3145 798 3219 episcopus,
807 3146 930 3218 dictu[s]
941 3145 1219 3219 ‘Grossumcaput
1229 3147 1276 3203 vir

118 3229 307 3290 venerabilis
325 3231 499 3301 sanctitatis,
513 3249 573 3290 vno
593 3233 787 3306 eodem[que]
807 3242 953 3306 tempore,
971 3233 1039 3290 licet
1056 3233 1211 3308 utriusque
1229 3234 1275 3292 in-

120 3317 219 3376 tentio
226 3328 386 3392 vtrumque
395 3319 526 3392 late[re]t
532 3319 551 3388 ⁷,
557 3319 733 3393 magistrum
743 3320 962 3378 Richardumin
973 3321 1274 3379 cancellariumsuum

119 3408 305 3478 adoptarunt
327 3423 522 3480 magnacum
543 3408 685 3464 instantia
706 3408 875 3465 laborantes
883 3407 901 3464 ⁸.
944 3407 1080 3466 Tandem
1099 3417 1167 3466 voto
1185 3410 1275 3467 dicti·
1289 3431 1318 3480 3⁵

120 3492 222 3568 patris
241 3493 502 3567 Cantuar[iensis],
521 3495 606 3551 cuius
622 3511 731 3568 preces
748 3504 778 3552 et
794 3496 936 3552 mandata
952 3505 1164 3568 preuenerant,
1182 3497 1275 3571 gratis

119 3581 301 3654 obsequitur
321 3589 352 3639 et
372 3591 549 3639 reuerenter
568 3583 758 3655 obtemperat
776 3583 927 3639 voluntati.
973 3582 1085 3641 Beatus
1106 3583 1195 3658 igitur
1215 3584 1275 3641 Ed·

121 3668 259 3726 mundus
275 3669 427 3742 propriam
445 3668 492 3726 sui
508 3668 639 3726 nominis
655 3668 881 3742 inscriptionem
893 3678 923 3726 et
935 3669 1087 3742 dignitatis
1104 3671 1274 3744 imaginem,

119 3755 244 3813 titulum
259 3755 374 3813 scilicet
389 3765 419 3813 et
435 3756 574 3829 sigillum,
586 3765 617 3812 et
635 3756 725 3813 totius
742 3756 1015 3830 archiepiscopatus
1032 3757 1144 3815 maiora
1155 3775 1275 3832 queque

120 3843 152 3900 ei
178 3842 335 3900 commisit
379 3842 468 3916 Cepit
496 3843 586 3917 igitur
608 3843 778 3900 Richardus
803 3844 934 3917 quotidie
958 3843 989 3900 in
1013 3843 1101 3901 bonis
1128 3862 1274 3917 cresccre,
1288 3865 1321 3915 4ο

122 3929 325 3988 ministerium
334 3929 391 3987 sibi
400 3929 550 4001 traditum,
563 3929 671 3988 ¹⁰sastu
683 3930 825 4004 superbie
835 3932 968 4005 dempto,
978 3931 1105 3988 fideliter
1112 3949 1256 3990 exercere
1266 3953 1274 4003 ς

121 4035 236 4076 manus
245 4021 402 4076 excutiens
415 4017 537 4093 penitus
549 4034 568 4075 a
579 4034 740 4076 munerum
752 4019 935 4092 acceptione,
945 4035 1003 4091 que
1014 4017 1117 4075 oculos
1129 4035 1275 4078 excecare

158 4158 171 4202 ¹.
185 4157 252 4207 Boll
265 4157 328 4207 eiua
456 4155 468 4186 ¹
485 4156 550 4208 Boll.
563 4171 678 4220 cappam,
692 4164 719 4207 et
730 4158 842 4207 tunicam
853 4163 960 4217 tautum,
973 4165 999 4207 et
1009 4157 1116 4220 quilibet
1126 4171 1215 4206 eorum
1227 4157 1243 4208 l.
1257 4159 1273 4210 i.

121 4222 134 4252 ⁸
151 4237 184 4273 so
196 4223 249 4286 Sl,
266 4222 295 4273 Ε.
308 4223 369 4283 niel,
381 4222 446 4272 nott
460 4223 559 4274 mellea.
603 4223 614 4252 ⁴
631 4222 697 4272 lioll.
705 4224 738 4274 ei.
780 4221 791 4253 ⁸
808 4223 837 4272 F„
849 4223 958 4274 redditu.
1009 4225 1019 4250 ·
1036 4221 1065 4272 E.
1077 4223 1178 4272 dictum
1217 4222 1227 4252 ¹
1245 4224 1276 4277 E.

123 4289 214 4340 lateat.
291 4287 302 4318 ⁸
318 4287 730 4354 Rostedoptare..iaborarunt
806 4287 951 4340 'ii-dicto
1027 4285 1046 4320 ¹⁰
1063 4287 1249 4344 lacunabant
