3008 4904
424 309 500 403 Dr
524 308 690 399 sunna
715 308 882 407 baina.
1155 333 1224 408 235

75 509 161 584 pulit
199 509 311 584 Sicquc
323 509 420 585 capite
431 521 591 585 amputato,
604 529 675 570 mox
686 513 772 585 virgo
784 511 916 586 erigitur,
929 519 958 570 et
970 521 1058 586 caput
1073 511 1103 569 in
1117 521 1227 570 terram

76 599 244 671 collapsum
255 598 394 658 manibus
404 600 560 673 arripiens,
568 610 649 657 recto
657 617 764 672 gressu
774 601 870 657 firmis
879 599 1012 672 vestigiis
1020 601 1227 673 progrediens,

76 703 174 759 vsque
191 687 229 743 ad
242 687 402 744 ecclesiam
414 686 617 760 apostolorum
632 687 712 764 Petri
724 697 754 745 et
768 687 859 758 Pauli,
872 705 890 745 a
902 689 967 744 loco
980 687 1129 761 passionis
1141 689 1227 760 quasi

75 791 134 847 per
147 774 203 830 tria
215 775 310 832 stadia
319 775 488 842 distantem,
498 775 631 849 angelico
644 776 733 832 ductu
744 775 890 848 peruenit.
922 774 1058 848 Cumque
1070 776 1108 831 ad
1118 775 1227 832 ostium

76 861 207 919 ecclesie
228 862 422 920 subsisteret¹
444 863 641 932 obserratum,
664 863 803 918 manibus
823 862 993 928 cruentatis,
1012 863 1096 935 quasi
1118 873 1149 920 vt
1171 863 1256 927 sibis

76 949 257 1022 aperiretur,
270 949 380 1007 ostium
393 950 527 1023 pulsans,
537 951 693 1023 sanguinis
704 951 830 1023 vestigia
841 955 873 1008 ln
886 969 923 1008 eo
936 951 1063 1023 reliquit,
1074 959 1104 1006 et
1116 950 1227 1007 ibidem

75 1039 115 1094 ad
129 1046 243 1094 terram
261 1037 377 1095 cecidit.
416 1037 450 1094 In
467 1039 532 1095 loco
549 1048 648 1096 autem
661 1038 711 1094 vbi
729 1038 860 1110 gloriosa
871 1041 956 1111 virgo
969 1039 1124 1112 capitalem
1138 1038 1228 1094 subiit

75 1124 271 1196 sententiam,
281 1125 349 1182 lons
362 1125 478 1182 lucidus
491 1125 597 1198 erupit,
604 1124 695 1182 variis
709 1127 881 1183 morborum
893 1126 1055 1199 generibus
1068 1125 1228 1183 sanitatem

75 1212 221 1282 prebens.
275 1201 410 1269 'Audito
423 1221 523 1270 autem
533 1212 659 1284 virginis
667 1223 769 1269 sancte
783 1213 924 1280 martirio,
934 1223 1019 1286 pater
1027 1214 1093 1270 eius
1106 1213 1227 1269 Frethe-

75 1299 195 1355 waldus
208 1315 262 1356 rex
275 1309 305 1356 et
315 1299 472 1372 Wilburga
483 1317 560 1356 vxor
572 1300 637 1356 eius
650 1300 793 1372 precipuo
806 1299 957 1357 desiderio
969 1301 1126 1356 estuabant
1135 1309 1166 1356 vt
1178 1300 1227 1356 vel
1244 1315 1273 1350 10

74 1386 208 1442 truncati
226 1386 361 1460 corporis
380 1386 506 1460 pignore
524 1405 621 1460 penes
640 1405 693 1444 eos
711 1389 849 1460 deposito
868 1389 1019 1459 consolati,
1038 1389 1150 1445 doloris
1168 1389 1227 1445 iac·

75 1482 177 1530 turam
200 1474 391 1531 redimerent.
429 1476 565 1547 Cumque
584 1493 693 1547 corpus
712 1485 815 1534 sancte
833 1475 956 1549 virginis
975 1477 1012 1533 ad
1032 1495 1085 1533 eos
1107 1477 1227 1533 allatum

75 1569 169 1630 esset,
183 1561 214 1616 in
226 1561 353 1618 ecclesia
365 1562 403 1617 de
415 1561 580 1635 Aylesbiry
592 1580 659 1619 cum
673 1580 782 1635 magno
795 1564 909 1620 honore
924 1564 955 1620 in
969 1563 1073 1620 locello
1087 1564 1228 1637 plumbeo

75 1648 270 1707 collocarunt.
345 1636 482 1706 Peractis
495 1659 594 1707 autem
607 1650 710 1706 multis
723 1659 792 1723 post
806 1652 861 1708 hec
873 1651 904 1707 in
918 1653 1024 1708 eodem
1038 1652 1103 1708 loco
1114 1651 1228 1708 meritis

75 1746 184 1792 sancte
207 1735 332 1808 virginis
362 1737 522 1807 miraculis,
547 1738 665 1794 cuidam
689 1738 772 1794 labro
797 1739 828 1795 in
852 1739 918 1796 visu
943 1740 1081 1812 apparuit
1104 1739 1272 1804 dicens:15

76 1823 196 1896 ‘Surge
220 1833 251 1880 et
268 1825 345 1880 vade
369 1825 407 1880 ad
432 1825 592 1881 ecclesiam
609 1825 778 1894 Ailesbirie,
798 1835 829 1882 et
850 1826 959 1883 tollens
978 1826 1106 1883 loculum
1126 1825 1228 1882 illum³

75 1912 255 1984 plumbeum
281 1911 312 1968 irr
337 1929 396 1984 quo
427 1920 497 1968 sunt
528 1929 599 1968 ossa
629 1929 704 1980 mea,
728 1922 760 1968 et
784 1931 862 1986 equo
886 1924 972 1971 caute
997 1913 1165 1986 imponens,
1190 1914 1227 1968 ad

75 1998 238 2056 ecclesiam
257 1999 451 2057 chichensem
470 1999 587 2057 deleme
606 2018 667 2056 non
686 2001 815 2057 differas.
854 2001 893 2058 Et
911 2019 950 2058 ne
969 2002 1006 2058 de
1025 2000 1127 2057 labore
1146 2010 1228 2057 tanto

75 2086 210 2156 diffidas,
229 2103 297 2170 cum¹
315 2086 373 2144 iter
391 2104 552 2160 aggressus
570 2086 671 2158 fueris,
690 2088 721 2143 in
739 2089 787 2144 vie
806 2088 909 2145 labore
927 2097 956 2144 et
978 2088 1096 2146 sarcine
1117 2090 1228 2145 sudore

75 2175 242 2232 releuatrix
264 2192 317 2231 ero
339 2183 369 2231 et
392 2175 539 2232 adiutrix!
578 2175 649 2231 Post
673 2176 781 2232 trinam
802 2193 876 2234 vero
900 2177 1117 2248 apparitionem
1141 2185 1228 2233 nocte
1243 2193 1273 2229 ιο

74 2263 209 2334 quadarn
240 2271 345 2319 nactus
376 2262 607 2335 oportunitatem
615 2263 635 2330 ⁴,
660 2263 817 2320 ecclesiam
848 2264 1013 2334 ingressus,
1045 2264 1228 2320 excubantes

74 2367 190 2422 sopore
205 2359 346 2422 granatos
364 2349 485 2418 inuenit,
499 2350 627 2406 loculum
646 2350 820 2422 plumbeum
839 2353 879 2408 de
897 2361 977 2409 terra
994 2352 1132 2408 euulsum
1150 2369 1228 2424 equo

74 2437 224 2509 imposuit
245 2446 276 2493 et
296 2436 376 2494 abiit.
415 2435 505 2494 Mane
529 2438 607 2494 facto
628 2438 805 2510 euigilantes
830 2442 980 2510 custodes,
1000 2438 1137 2497 excitatis
1158 2456 1227 2495 con-

75 2524 215 2594 uicaniis,
241 2525 406 2597 platearum
431 2525 605 2582 diuerticula
629 2535 660 2581 et
684 2527 804 2582 callium
834 2537 949 2584 secreta
980 2527 1157 2600 compendia
1187 2527 1227 2582 ri-

74 2621 208 2680 mantur,
234 2611 260 2668 si
287 2611 372 2682 forte,
397 2629 487 2686 quem
512 2614 780 2686 persequebantur,
806 2615 1063 2688 comprehendere
1093 2622 1227 2687 possent.
1242 2637 1271 2687 ²5

74 2699 218 2771 Cumque
241 2699 326 2756 saber
346 2699 395 2756 ille
417 2700 572 2757 hominum
594 2710 744 2758 cateruam
766 2703 1009 2776 appropinquare
1030 2703 1227 2775 conspiceret,

75 2787 147 2844 fusa
172 2786 210 2842 ad
235 2787 326 2844 deum
352 2795 382 2844 et
406 2788 444 2842 ad
463 2786 612 2859 virginem
636 2797 770 2844 sanctam
796 2806 895 2861 prece,
915 2799 1132 2862 persequentes
1157 2806 1227 2844 eum

74 2873 191 2932 mentis
210 2873 388 2931 alienatione
400 2873 613 2947 oculorumque
626 2885 748 2948 stupore
761 2877 888 2934 mirabili
902 2880 1045 2952 percussi,
1056 2878 1093 2933 ad
1107 2879 1228 2950 propria

73 2960 166 3018 vacui
188 2961 350 3018 redierunt.
389 2961 486 3019 Faber
503 2980 577 3020 vero
595 2981 663 3020 cum
682 2964 815 3036 reliquiis
837 2973 940 3022 sancte
958 2965 1081 3038 virginis
1102 2965 1227 3022 eumad

74 3048 239 3105 ecclesiam
253 3049 446 3106 chichensem
459 3050 657 3122 peruenisset,
669 3051 831 3110 Mauricius
845 3053 1052 3110 londoniensis
1065 3053 1227 3126 episcopus
1240 3076 1272 3125 30

75 3137 109 3192 in
135 3136 249 3193 scrinio
274 3137 411 3210 precioso
442 3137 584 3211 reliquias
613 3149 733 3196 sanctas
764 3157 832 3197 curn
857 3141 970 3198 honore
995 3140 1165 3210 collocauit3
1197 3149 1227 3196 et

76 3223 221 3281 roffensis
238 3225 400 3298 episcopus
418 3225 529 3281 ibidem
547 3243 675 3299 presens
692 3244 709 3282 a
725 3228 808 3300 graui
826 3245 885 3301 qua
901 3229 1089 3286 detinebatur
1104 3228 1226 3284 infirmi-

75 3321 140 3369 tate
150 3312 248 3369 curari
259 3313 391 3368 meruit².
446 3301 530 3371 Cum
540 3313 661 3386 quidam
672 3325 761 3371 naute
771 3317 921 3388 quoddam
933 3315 1058 3372 frustum
1070 3316 1227 3372 marmoris

75 3401 118 3456 de
134 3400 251 3472 porticu
269 3399 397 3456 ecclesie
413 3409 515 3458 sancte
528 3401 635 3458 Osithe
651 3402 728 3459 clam
745 3420 848 3460 secum
865 3403 1025 3474 auferrent,
1039 3403 1226 3471 nauiculam

75 3506 139 3562 qua
150 3488 279 3544 frustum
292 3497 356 3545 erat
367 3488 508 3560 positum,
519 3489 601 3546 velut
613 3497 693 3547 terre
706 3491 767 3547 fixa
779 3490 939 3548 immobilis
952 3499 1024 3561 erat,
1034 3493 1130 3548 donec
1143 3500 1226 3548 reatu
1240 3509 1270 3560 35
1281 3521 1292 3531 —

75 3576 199 3649 cognito
215 3577 342 3632 frustum
358 3577 430 3634 illud
445 3579 482 3634 ad
495 3579 654 3635 ecclesiam
671 3581 709 3636 de
726 3597 784 3652 qua
803 3587 867 3637 erat
885 3579 1035 3636 ablatum⁶
1050 3580 1227 3636 attulissent.

80 3653 242 3723 'Clericus
255 3664 376 3736 quidam
390 3673 458 3721 voto
471 3665 598 3738 simplici
606 3666 637 3722 in
652 3667 834 3724 monasterio
848 3677 951 3725 sancte
965 3667 1071 3725 Osithe
1084 3667 1226 3740 virginis⁷

78 3752 215 3810 habitum
236 3751 389 3825 religionis
408 3753 563 3827 suscipere
582 3757 777 3828 spospondit:
804 3757 1052 3829 propositumque
1073 3755 1224 3813 arridente

78 3841 200 3897 fortuna
213 3839 364 3910 differens,
378 3841 415 3897 ad
428 3851 563 3898 extrema
575 3843 635 3901 vite
648 3845 744 3900 morbi
757 3854 898 3917 grauatus
913 3844 1050 3901 molestia
1062 3844 1226 3900 deducitur.

78 3927 136 3985 Cui
161 3937 265 3984 sancta
286 3945 437 4002 apparens
457 3929 564 3987 Ositha
589 3932 647 3988 ait:
676 3932 770 4002 ‘Quid
793 3941 839 3988 est
859 3933 939 4005 quod
959 3941 1020 3988 tam
1043 3930 1156 3987 solicite
1177 3947 1226 3986 me
1239 3952 1272 4000 40

76 4017 223 4073 inuocasl
260 4015 424 4089 Nunquid⁸
444 4018 607 4075 meministi
632 4019 702 4092 quid
727 4020 779 4076 tibi
802 4018 923 4077 fecerim
946 4027 1051 4090 quarto
1069 4035 1149 4074 anno
1166 4016 1226 4074 iarn

76 4104 204 4176 elapso?
240 4103 318 4161 Cum
336 4114 490 4177 egrotares
508 4106 597 4164 morti
615 4108 738 4176 vicinus,
757 4125 826 4165 curn
845 4106 1049 4164 satisfacerem
1069 4105 1138 4162 lruic
1156 4121 1227 4178 pro·

111 4243 121 4274 ¹
139 4243 169 4294 T.
180 4245 324 4295 susisteret
440 4244 481 4274 Η
498 4245 540 4294 All
553 4247 604 4295 this
615 4247 637 4295 is
648 4247 766 4309 wanting
777 4248 803 4295 irr
817 4247 871 4297 MS.
886 4245 960 4296 Bodl.
1068 4244 1077 4273 ¹
1093 4259 1144 4296 orn.
1156 4245 1183 4293 irr
1196 4244 1225 4296 T.

75 4308 651 4427 :ffffufzoponun'stge'nnnoir.T'⁸bm
724 4311 1071 4372 'Therestiswantingin
1085 4311 1139 4360 MS.
1153 4311 1227 4360 bodl.
1324 4325 1328 4334 ·
