<?xml version="1.0" encoding="UTF-8"?>
<!DOCTYPE html PUBLIC "-//W3C//DTD XHTML 1.0 Transitional//EN"
    "http://www.w3.org/TR/xhtml1/DTD/xhtml1-transitional.dtd">
<html xmlns="http://www.w3.org/1999/xhtml" xml:lang="en" lang="en">
 <head>
  <title>
</title>
<meta http-equiv="Content-Type" content="text/html;charset=utf-8" />
  <meta name='ocr-system' content='tesseract 3.04.00' />
  <meta name='ocr-capabilities' content='ocr_page ocr_carea ocr_par ocr_line ocrx_word'/>
</head>
<body>
  <div class='ocr_page' id='page_1' title='image "./novalegendaangl00wordgoog/novalegendaangl00wordgoog_0432.png"; bbox 0 0 3028 4894; ppageno 0'>
   <div class='ocr_carea' id='block_1_1' title="bbox 403 309 1251 417">
    <p class='ocr_par' dir='ltr' id='par_1_1' title="bbox 403 309 1251 417">
     <span class='ocr_line' id='line_1_1' title="bbox 403 309 1251 417; baseline -0.018 -12"><span class='ocrx_word' id='word_1_1' title='bbox 403 312 478 405; x_wconf 72' lang='lat' dir='ltr'>Dr</span> <span class='ocrx_word' id='word_1_2' title='bbox 502 309 669 401; x_wconf 56' lang='lat' dir='ltr'>benaa</span> <span class='ocrx_word' id='word_1_3' title='bbox 693 310 949 417; x_wconf 70' lang='lat' dir='ltr'>waharna.</span> <span class='ocrx_word' id='word_1_4' title='bbox 1177 337 1251 410; x_wconf 79' lang='lat'>423</span> 
     </span>
    </p>
   </div>
   <div class='ocr_carea' id='block_1_2' title="bbox 84 511 1291 2431">
    <p class='ocr_par' dir='ltr' id='par_1_2' title="bbox 84 511 1291 2431">
     <span class='ocr_line' id='line_1_2' title="bbox 97 511 1250 588; baseline 0.003 -18"><span class='ocrx_word' id='word_1_5' title='bbox 97 528 135 570; x_wconf 88' lang='lat' dir='ltr'>sc</span> <span class='ocrx_word' id='word_1_6' title='bbox 151 511 324 571; x_wconf 85' lang='lat' dir='ltr'>inferiorem</span> <span class='ocrx_word' id='word_1_7' title='bbox 337 513 506 583; x_wconf 80' lang='lat' dir='ltr'>exhibebat,</span> <span class='ocrx_word' id='word_1_8' title='bbox 518 531 591 588; x_wconf 88' lang='lat' dir='ltr'>erga</span> <span class='ocrx_word' id='word_1_9' title='bbox 607 515 741 574; x_wconf 90' lang='lat' dir='ltr'>omnium</span> <span class='ocrx_word' id='word_1_10' title='bbox 758 515 952 575; x_wconf 82' lang='lat' dir='ltr'><strong>necessitates</strong></span> <span class='ocrx_word' id='word_1_11' title='bbox 970 514 1121 574; x_wconf 87' lang='lat' dir='ltr'>charitatis</span> <span class='ocrx_word' id='word_1_12' title='bbox 1132 515 1250 574; x_wconf 87' lang='lat' dir='ltr'>viscera</span> 
     </span>
     <span class='ocr_line' id='line_1_3' title="bbox 96 600 1250 677; baseline 0.003 -19"><span class='ocrx_word' id='word_1_13' title='bbox 96 600 301 674; x_wconf 74' lang='lat' dir='ltr'>impendebat</span> <span class='ocrx_word' id='word_1_14' title='bbox 339 602 458 660; x_wconf 90' lang='lat' dir='ltr'>Mortuo</span> <span class='ocrx_word' id='word_1_15' title='bbox 467 603 590 660; x_wconf 88' lang='lat' dir='ltr'>tandem</span> <span class='ocrx_word' id='word_1_16' title='bbox 599 613 685 676; x_wconf 91' lang='lat' dir='ltr'>patre</span> <span class='ocrx_word' id='word_1_17' title='bbox 695 603 768 672; x_wconf 92' lang='lat' dir='ltr'>eius,</span> <span class='ocrx_word' id='word_1_18' title='bbox 779 603 1136 677; x_wconf 85' lang='lat' dir='ltr'>regerfero,successit</span> <span class='ocrx_word' id='word_1_19' title='bbox 1147 602 1250 662; x_wconf 87' lang='lat' dir='ltr'>Ethel-</span> 
     </span>
     <span class='ocr_line' id='line_1_4' title="bbox 96 689 1250 764; baseline 0.005 -19"><span class='ocrx_word' id='word_1_20' title='bbox 96 689 398 760; x_wconf 80' lang='lat' dir='ltr'>redusiratereius¹3</span> <span class='ocrx_word' id='word_1_21' title='bbox 416 690 469 764; x_wconf 91' lang='lat' dir='ltr'>qui</span> <span class='ocrx_word' id='word_1_22' title='bbox 478 690 612 748; x_wconf 89' lang='lat' dir='ltr'>omnium</span> <span class='ocrx_word' id='word_1_23' title='bbox 621 690 870 748; x_wconf 82' lang='lat' dir='ltr'>monasteriorum</span> <span class='ocrx_word' id='word_1_24' title='bbox 879 691 1148 750; x_wconf 83' lang='lat' dir='ltr'>sanctimonialium</span> <span class='ocrx_word' id='word_1_25' title='bbox 1160 692 1250 751; x_wconf 87' lang='lat' dir='ltr'>totius</span> 
     </span>
     <span class='ocr_line' id='line_1_5' title="bbox 96 777 1249 853; baseline 0.003 -21"><span class='ocrx_word' id='word_1_26' title='bbox 96 777 185 850; x_wconf 88' lang='lat' dir='ltr'>regni</span> <span class='ocrx_word' id='word_1_27' title='bbox 198 780 244 834; x_wconf 90' lang='lat' dir='ltr'>sui</span> <span class='ocrx_word' id='word_1_28' title='bbox 257 777 286 835; x_wconf 92' lang='lat' dir='ltr'>ei</span> <span class='ocrx_word' id='word_1_29' title='bbox 298 779 419 836; x_wconf 79' lang='lat' dir='ltr'>tradidit</span> <span class='ocrx_word' id='word_1_30' title='bbox 431 777 639 852; x_wconf 79' lang='lat' dir='ltr'>principatum.</span> <span class='ocrx_word' id='word_1_31' title='bbox 677 778 788 836; x_wconf 89' lang='lat' dir='ltr'>Sancta</span> <span class='ocrx_word' id='word_1_32' title='bbox 798 782 899 852; x_wconf 88' lang='lat' dir='ltr'>itaque</span> <span class='ocrx_word' id='word_1_33' title='bbox 910 778 1083 853; x_wconf 87' lang='lat' dir='ltr'>Werburga</span> <span class='ocrx_word' id='word_1_34' title='bbox 1094 796 1166 853; x_wconf 90' lang='lat' dir='ltr'>erga</span> <span class='ocrx_word' id='word_1_35' title='bbox 1178 780 1249 836; x_wconf 83' lang='lat' dir='ltr'>sub·</span> 
     </span>
     <span class='ocr_line' id='line_1_6' title="bbox 94 863 1276 940; baseline 0.005 -21"><span class='ocrx_word' id='word_1_36' title='bbox 94 863 191 922; x_wconf 87' lang='lat' dir='ltr'>lectos</span> <span class='ocrx_word' id='word_1_37' title='bbox 205 864 245 921; x_wconf 90' lang='lat' dir='ltr'>ita</span> <span class='ocrx_word' id='word_1_38' title='bbox 255 875 319 922; x_wconf 89' lang='lat' dir='ltr'>erat</span> <span class='ocrx_word' id='word_1_39' title='bbox 332 865 475 939; x_wconf 87' lang='lat' dir='ltr'>magistra</span> <span class='ocrx_word' id='word_1_40' title='bbox 485 875 517 923; x_wconf 92' lang='lat' dir='ltr'>vt</span> <span class='ocrx_word' id='word_1_41' title='bbox 526 867 625 940; x_wconf 88' lang='lat' dir='ltr'>potius</span> <span class='ocrx_word' id='word_1_42' title='bbox 638 865 775 924; x_wconf 89' lang='lat' dir='ltr'>ministra</span> <span class='ocrx_word' id='word_1_43' title='bbox 784 864 945 924; x_wconf 88' lang='lat' dir='ltr'>videretur.</span> <span class='ocrx_word' id='word_1_44' title='bbox 975 867 1092 924; x_wconf 83' lang='lat' dir='ltr'>Omnes</span> <span class='ocrx_word' id='word_1_45' title='bbox 1105 867 1248 926; x_wconf 89' lang='lat' dir='ltr'>attentius</span> <span class='ocrx_word' id='word_1_46' title='bbox 1262 883 1276 936; x_wconf 82' lang='lat'>⁵</span> 
     </span>
     <span class='ocr_line' id='line_1_7' title="bbox 94 952 1247 1029; baseline 0.004 -22"><span class='ocrx_word' id='word_1_47' title='bbox 94 952 240 1026; x_wconf 83' lang='lat' dir='ltr'>exemplo</span> <span class='ocrx_word' id='word_1_48' title='bbox 252 953 407 1010; x_wconf 88' lang='lat' dir='ltr'>erudiebat</span> <span class='ocrx_word' id='word_1_49' title='bbox 418 971 509 1027; x_wconf 91' lang='lat' dir='ltr'>quam</span> <span class='ocrx_word' id='word_1_50' title='bbox 523 953 659 1028; x_wconf 90' lang='lat' dir='ltr'>imperio.</span> <span class='ocrx_word' id='word_1_51' title='bbox 695 955 918 1013; x_wconf 85' lang='lat' dir='ltr'>Abstinentiam</span> <span class='ocrx_word' id='word_1_52' title='bbox 932 973 986 1029; x_wconf 89' lang='lat' dir='ltr'>pro</span> <span class='ocrx_word' id='word_1_53' title='bbox 999 955 1118 1026; x_wconf 89' lang='lat' dir='ltr'>delitiis,</span> <span class='ocrx_word' id='word_1_54' title='bbox 1130 955 1247 1029; x_wconf 84' lang='lat' dir='ltr'>vigilias</span> 
     </span>
     <span class='ocr_line' id='line_1_8' title="bbox 94 1040 1247 1116; baseline 0.005 -21"><span class='ocrx_word' id='word_1_55' title='bbox 94 1055 154 1111; x_wconf 91' lang='lat' dir='ltr'>pro</span> <span class='ocrx_word' id='word_1_56' title='bbox 172 1040 348 1114; x_wconf 90' lang='lat' dir='ltr'>solempniis</span> <span class='ocrx_word' id='word_1_57' title='bbox 355 1041 374 1112; x_wconf 78' lang='lat'>²,</span> <span class='ocrx_word' id='word_1_58' title='bbox 387 1040 507 1098; x_wconf 83' lang='lat' dir='ltr'>labores</span> <span class='ocrx_word' id='word_1_59' title='bbox 523 1059 579 1114; x_wconf 94' lang='lat' dir='ltr'>pro</span> <span class='ocrx_word' id='word_1_60' title='bbox 594 1042 754 1116; x_wconf 86' lang='lat' dir='ltr'>voluptate,</span> <span class='ocrx_word' id='word_1_61' title='bbox 767 1041 912 1100; x_wconf 90' lang='lat' dir='ltr'>lectiones</span> <span class='ocrx_word' id='word_1_62' title='bbox 930 1051 960 1100; x_wconf 88' lang='lat' dir='ltr'>et</span> <span class='ocrx_word' id='word_1_63' title='bbox 977 1042 1127 1101; x_wconf 90' lang='lat' dir='ltr'>orationes</span> <span class='ocrx_word' id='word_1_64' title='bbox 1145 1059 1247 1102; x_wconf 89' lang='lat' dir='ltr'>sacras</span> 
     </span>
     <span class='ocr_line' id='line_1_9' title="bbox 95 1128 1246 1202; baseline 0.004 -19"><span class='ocrx_word' id='word_1_65' title='bbox 95 1143 154 1198; x_wconf 94' lang='lat' dir='ltr'>pro</span> <span class='ocrx_word' id='word_1_66' title='bbox 166 1128 264 1201; x_wconf 89' lang='lat' dir='ltr'>epulis</span> <span class='ocrx_word' id='word_1_67' title='bbox 277 1128 414 1187; x_wconf 89' lang='lat' dir='ltr'>habebat.</span> <span class='ocrx_word' id='word_1_68' title='bbox 451 1129 584 1202; x_wconf 88' lang='lat' dir='ltr'>Corpore</span> <span class='ocrx_word' id='word_1_69' title='bbox 600 1129 630 1186; x_wconf 91' lang='lat' dir='ltr'>in</span> <span class='ocrx_word' id='word_1_70' title='bbox 644 1129 742 1200; x_wconf 89' lang='lat' dir='ltr'>terris,</span> <span class='ocrx_word' id='word_1_71' title='bbox 754 1129 855 1187; x_wconf 90' lang='lat' dir='ltr'>animo</span> <span class='ocrx_word' id='word_1_72' title='bbox 867 1131 1101 1187; x_wconf 88' lang='lat' dir='ltr'>conuersabatur</span> <span class='ocrx_word' id='word_1_73' title='bbox 1116 1131 1148 1188; x_wconf 92' lang='lat' dir='ltr'>in</span> <span class='ocrx_word' id='word_1_74' title='bbox 1165 1131 1246 1188; x_wconf 83' lang='lat' dir='ltr'>celis.</span> 
     </span>
     <span class='ocr_line' id='line_1_10' title="bbox 94 1201 1246 1291; baseline 0.003 -20"><span class='ocrx_word' id='word_1_75' title='bbox 94 1201 182 1272; x_wconf 88' lang='lat' dir='ltr'>Cum</span> <span class='ocrx_word' id='word_1_76' title='bbox 206 1225 306 1273; x_wconf 87' lang='lat' dir='ltr'>autem</span> <span class='ocrx_word' id='word_1_77' title='bbox 330 1219 414 1290; x_wconf 88' lang='lat' dir='ltr'>virgo</span> <span class='ocrx_word' id='word_1_78' title='bbox 441 1225 545 1274; x_wconf 84' lang='lat' dir='ltr'>sancta</span> <span class='ocrx_word' id='word_1_79' title='bbox 572 1216 603 1274; x_wconf 91' lang='lat' dir='ltr'>in</span> <span class='ocrx_word' id='word_1_80' title='bbox 628 1215 768 1274; x_wconf 90' lang='lat' dir='ltr'>Wedune</span> <span class='ocrx_word' id='word_1_81' title='bbox 793 1217 959 1288; x_wconf 87' lang='lat' dir='ltr'>mansione,</span> <span class='ocrx_word' id='word_1_82' title='bbox 983 1217 1063 1291; x_wconf 91' lang='lat' dir='ltr'>quod</span> <span class='ocrx_word' id='word_1_83' title='bbox 1087 1225 1134 1274; x_wconf 89' lang='lat' dir='ltr'>est</span> <span class='ocrx_word' id='word_1_84' title='bbox 1162 1219 1246 1275; x_wconf 89' lang='lat' dir='ltr'>iuxta</span> 
     </span>
     <span class='ocr_line' id='line_1_11' title="bbox 94 1301 1291 1378; baseline 0.002 -20"><span class='ocrx_word' id='word_1_85' title='bbox 94 1301 323 1376; x_wconf 87' lang='lat' dir='ltr'>Hamptoniam,</span> <span class='ocrx_word' id='word_1_86' title='bbox 348 1313 523 1374; x_wconf 89' lang='lat' dir='ltr'>moraretur,</span> <span class='ocrx_word' id='word_1_87' title='bbox 548 1320 636 1378; x_wconf 87' lang='lat' dir='ltr'>agros</span> <span class='ocrx_word' id='word_1_88' title='bbox 661 1305 727 1362; x_wconf 91' lang='lat' dir='ltr'>eius</span> <span class='ocrx_word' id='word_1_89' title='bbox 754 1305 872 1363; x_wconf 88' lang='lat' dir='ltr'>infinita</span> <span class='ocrx_word' id='word_1_90' title='bbox 896 1322 1037 1364; x_wconf 87' lang='lat' dir='ltr'>aucarum</span> <span class='ocrx_word' id='word_1_91' title='bbox 1061 1305 1244 1363; x_wconf 89' lang='lat' dir='ltr'>siluestrium</span> <span class='ocrx_word' id='word_1_92' title='bbox 1260 1324 1291 1360; x_wconf 81' lang='grc' dir='ltr'>ιο</span> 
     </span>
     <span class='ocr_line' id='line_1_12' title="bbox 91 1389 1246 1466; baseline 0.003 -20"><span class='ocrx_word' id='word_1_93' title='bbox 91 1389 334 1465; x_wconf 79' lang='lat' dir='ltr'>depopulabatur</span> <span class='ocrx_word' id='word_1_94' title='bbox 352 1392 517 1450; x_wconf 91' lang='lat' dir='ltr'>multitudo.</span> <span class='ocrx_word' id='word_1_95' title='bbox 554 1393 641 1463; x_wconf 85' lang='lat' dir='ltr'>Quod</span> <span class='ocrx_word' id='word_1_96' title='bbox 660 1410 729 1450; x_wconf 91' lang='lat' dir='ltr'>cum</span> <span class='ocrx_word' id='word_1_97' title='bbox 747 1393 869 1466; x_wconf 87' lang='lat' dir='ltr'>quidam</span> <span class='ocrx_word' id='word_1_98' title='bbox 888 1392 916 1450; x_wconf 91' lang='lat' dir='ltr'>ei</span> <span class='ocrx_word' id='word_1_99' title='bbox 937 1391 1099 1462; x_wconf 81' lang='lat' dir='ltr'>nunciaret,</span> <span class='ocrx_word' id='word_1_100' title='bbox 1117 1393 1246 1466; x_wconf 88' lang='lat' dir='ltr'>precipit</span> 
     </span>
     <span class='ocr_line' id='line_1_13' title="bbox 90 1478 1243 1553; baseline 0.003 -19"><span class='ocrx_word' id='word_1_101' title='bbox 90 1487 126 1534; x_wconf 88' lang='lat' dir='ltr'>vt</span> <span class='ocrx_word' id='word_1_102' title='bbox 143 1478 213 1535; x_wconf 90' lang='lat' dir='ltr'>illuc</span> <span class='ocrx_word' id='word_1_103' title='bbox 227 1489 366 1553; x_wconf 81' lang='lat' dir='ltr'>pergeret</span> <span class='ocrx_word' id='word_1_104' title='bbox 379 1489 408 1538; x_wconf 90' lang='lat' dir='ltr'>et</span> <span class='ocrx_word' id='word_1_105' title='bbox 420 1497 527 1537; x_wconf 90' lang='lat' dir='ltr'>omnes</span> <span class='ocrx_word' id='word_1_106' title='bbox 543 1481 696 1537; x_wconf 91' lang='lat' dir='ltr'>adducens</span> <span class='ocrx_word' id='word_1_107' title='bbox 714 1480 744 1536; x_wconf 91' lang='lat' dir='ltr'>in</span> <span class='ocrx_word' id='word_1_108' title='bbox 761 1480 926 1538; x_wconf 89' lang='lat' dir='ltr'>custodiam</span> <span class='ocrx_word' id='word_1_109' title='bbox 944 1480 1119 1538; x_wconf 80' lang='lat' dir='ltr'>recluderet</span> <span class='ocrx_word' id='word_1_110' title='bbox 1155 1480 1243 1550; x_wconf 83' lang='lat' dir='ltr'>Quod</span> 
     </span>
     <span class='ocr_line' id='line_1_14' title="bbox 90 1566 1243 1641; baseline 0.004 -20"><span class='ocrx_word' id='word_1_111' title='bbox 90 1582 163 1622; x_wconf 91' lang='lat' dir='ltr'>cum</span> <span class='ocrx_word' id='word_1_112' title='bbox 181 1566 302 1635; x_wconf 83' lang='lat' dir='ltr'>iaceret,</span> <span class='ocrx_word' id='word_1_113' title='bbox 321 1567 401 1624; x_wconf 90' lang='lat' dir='ltr'>nulla</span> <span class='ocrx_word' id='word_1_114' title='bbox 419 1569 458 1624; x_wconf 89' lang='lat' dir='ltr'>de</span> <span class='ocrx_word' id='word_1_115' title='bbox 476 1576 558 1625; x_wconf 90' lang='lat' dir='ltr'>tanto</span> <span class='ocrx_word' id='word_1_116' title='bbox 576 1575 644 1624; x_wconf 91' lang='lat' dir='ltr'>cetu</span> <span class='ocrx_word' id='word_1_117' title='bbox 663 1585 797 1641; x_wconf 89' lang='lat' dir='ltr'>pennam</span> <span class='ocrx_word' id='word_1_118' title='bbox 815 1568 853 1625; x_wconf 90' lang='lat' dir='ltr'>ad</span> <span class='ocrx_word' id='word_1_119' title='bbox 871 1567 1033 1626; x_wconf 88' lang='lat' dir='ltr'>volandum</span> <span class='ocrx_word' id='word_1_120' title='bbox 1052 1567 1169 1633; x_wconf 88' lang='lat' dir='ltr'>leuauit,</span> <span class='ocrx_word' id='word_1_121' title='bbox 1188 1569 1243 1626; x_wconf 88' lang='lat' dir='ltr'>sed</span> 
     </span>
     <span class='ocr_line' id='line_1_15' title="bbox 89 1653 1242 1729; baseline 0.004 -20"><span class='ocrx_word' id='word_1_122' title='bbox 89 1653 180 1725; x_wconf 88' lang='lat' dir='ltr'>quasi</span> <span class='ocrx_word' id='word_1_123' title='bbox 204 1655 366 1728; x_wconf 88' lang='lat' dir='ltr'>implumes</span> <span class='ocrx_word' id='word_1_124' title='bbox 385 1655 434 1712; x_wconf 89' lang='lat' dir='ltr'>vel</span> <span class='ocrx_word' id='word_1_125' title='bbox 455 1656 512 1712; x_wconf 90' lang='lat' dir='ltr'>alis</span> <span class='ocrx_word' id='word_1_126' title='bbox 532 1655 643 1712; x_wconf 84' lang='lat' dir='ltr'>excisis</span> <span class='ocrx_word' id='word_1_127' title='bbox 664 1657 797 1729; x_wconf 87' lang='lat' dir='ltr'>pedestri</span> <span class='ocrx_word' id='word_1_128' title='bbox 822 1655 952 1728; x_wconf 88' lang='lat' dir='ltr'>incessu,</span> <span class='ocrx_word' id='word_1_129' title='bbox 974 1655 1133 1714; x_wconf 88' lang='lat' dir='ltr'>submissis</span> <span class='ocrx_word' id='word_1_130' title='bbox 1157 1656 1242 1714; x_wconf 90' lang='lat' dir='ltr'>collis</span> 
     </span>
     <span class='ocr_line' id='line_1_16' title="bbox 89 1742 1286 1817; baseline -0.002 -19"><span class='ocrx_word' id='word_1_131' title='bbox 89 1742 174 1798; x_wconf 86' lang='lat' dir='ltr'>velut</span> <span class='ocrx_word' id='word_1_132' title='bbox 191 1759 247 1815; x_wconf 89' lang='lat' dir='ltr'>pro</span> <span class='ocrx_word' id='word_1_133' title='bbox 266 1742 440 1802; x_wconf 79' lang='lat' dir='ltr'>confusione</span> <span class='ocrx_word' id='word_1_134' title='bbox 457 1752 559 1800; x_wconf 87' lang='lat' dir='ltr'>reatus</span> <span class='ocrx_word' id='word_1_135' title='bbox 577 1743 625 1801; x_wconf 91' lang='lat' dir='ltr'>sui</span> <span class='ocrx_word' id='word_1_136' title='bbox 640 1743 757 1817; x_wconf 88' lang='lat' dir='ltr'>trepide</span> <span class='ocrx_word' id='word_1_137' title='bbox 775 1745 813 1801; x_wconf 91' lang='lat' dir='ltr'>ad</span> <span class='ocrx_word' id='word_1_138' title='bbox 831 1744 931 1801; x_wconf 89' lang='lat' dir='ltr'>locum</span> <span class='ocrx_word' id='word_1_139' title='bbox 941 1743 1067 1817; x_wconf 88' lang='lat' dir='ltr'>virginis</span> <span class='ocrx_word' id='word_1_140' title='bbox 1085 1743 1241 1816; x_wconf 82' lang='lat' dir='ltr'>adducte³,</span> <span class='ocrx_word' id='word_1_141' title='bbox 1258 1761 1286 1812; x_wconf 83' lang='lat'>¹5</span> 
     </span>
     <span class='ocr_line' id='line_1_17' title="bbox 88 1830 1243 1905; baseline 0.003 -20"><span class='ocrx_word' id='word_1_142' title='bbox 88 1845 149 1900; x_wconf 91' lang='lat' dir='ltr'>per</span> <span class='ocrx_word' id='word_1_143' title='bbox 167 1837 259 1886; x_wconf 91' lang='lat' dir='ltr'>totam</span> <span class='ocrx_word' id='word_1_144' title='bbox 279 1839 397 1888; x_wconf 88' lang='lat' dir='ltr'>noctem</span> <span class='ocrx_word' id='word_1_145' title='bbox 416 1831 610 1888; x_wconf 89' lang='lat' dir='ltr'>recluduntur</span> <span class='ocrx_word' id='word_1_146' title='bbox 627 1831 753 1905; x_wconf 88' lang='lat' dir='ltr'>captiue.</span> <span class='ocrx_word' id='word_1_147' title='bbox 792 1831 883 1890; x_wconf 89' lang='lat' dir='ltr'>Mane</span> <span class='ocrx_word' id='word_1_148' title='bbox 901 1840 1002 1888; x_wconf 86' lang='lat' dir='ltr'>autem</span> <span class='ocrx_word' id='word_1_149' title='bbox 1021 1830 1097 1888; x_wconf 84' lang='lat' dir='ltr'>lacto</span> <span class='ocrx_word' id='word_1_150' title='bbox 1116 1830 1243 1888; x_wconf 88' lang='lat' dir='ltr'>eleuatis</span> 
     </span>
     <span class='ocr_line' id='line_1_18' title="bbox 87 1915 1241 1993; baseline 0.004 -21"><span class='ocrx_word' id='word_1_151' title='bbox 87 1915 215 1974; x_wconf 91' lang='lat' dir='ltr'>vocibus</span> <span class='ocrx_word' id='word_1_152' title='bbox 228 1927 454 1992; x_wconf 88' lang='lat' dir='ltr'>concrepantes,</span> <span class='ocrx_word' id='word_1_153' title='bbox 466 1918 551 1992; x_wconf 87' lang='lat' dir='ltr'>quasi</span> <span class='ocrx_word' id='word_1_154' title='bbox 563 1918 684 1977; x_wconf 86' lang='lat' dir='ltr'>veniam</span> <span class='ocrx_word' id='word_1_155' title='bbox 702 1928 733 1976; x_wconf 93' lang='lat' dir='ltr'>et</span> <span class='ocrx_word' id='word_1_156' title='bbox 749 1918 915 1993; x_wconf 81' lang='lat' dir='ltr'>emigrandi</span> <span class='ocrx_word' id='word_1_157' title='bbox 932 1917 1081 1976; x_wconf 85' lang='lat' dir='ltr'>licentiam</span> <span class='ocrx_word' id='word_1_158' title='bbox 1096 1917 1241 1989; x_wconf 88' lang='lat' dir='ltr'>avirgine</span> 
     </span>
     <span class='ocr_line' id='line_1_19' title="bbox 87 2005 1240 2080; baseline 0.003 -20"><span class='ocrx_word' id='word_1_159' title='bbox 87 2005 303 2077; x_wconf 78' lang='lat' dir='ltr'>deposcebant</span> <span class='ocrx_word' id='word_1_160' title='bbox 330 2005 374 2062; x_wconf 82' lang='lat' dir='ltr'>At</span> <span class='ocrx_word' id='word_1_161' title='bbox 386 2005 445 2077; x_wconf 88' lang='lat' dir='ltr'>illa,</span> <span class='ocrx_word' id='word_1_162' title='bbox 455 2023 527 2080; x_wconf 88' lang='lat' dir='ltr'>erga</span> <span class='ocrx_word' id='word_1_163' title='bbox 539 2023 660 2064; x_wconf 90' lang='lat' dir='ltr'>omnem</span> <span class='ocrx_word' id='word_1_164' title='bbox 674 2016 842 2064; x_wconf 88' lang='lat' dir='ltr'>creaturam</span> <span class='ocrx_word' id='word_1_165' title='bbox 855 2006 1080 2080; x_wconf 88' lang='lat' dir='ltr'>benignissima,</span> <span class='ocrx_word' id='word_1_166' title='bbox 1088 2005 1240 2064; x_wconf 89' lang='lat' dir='ltr'>absolutas</span> 
     </span>
     <span class='ocr_line' id='line_1_20' title="bbox 87 2091 1240 2166; baseline 0.003 -19"><span class='ocrx_word' id='word_1_167' title='bbox 87 2091 159 2148; x_wconf 89' lang='lat' dir='ltr'>illas</span> <span class='ocrx_word' id='word_1_168' title='bbox 173 2092 280 2149; x_wconf 90' lang='lat' dir='ltr'>dimitti</span> <span class='ocrx_word' id='word_1_169' title='bbox 299 2093 390 2164; x_wconf 91' lang='lat' dir='ltr'>iubet,</span> <span class='ocrx_word' id='word_1_170' title='bbox 402 2091 601 2151; x_wconf 89' lang='lat' dir='ltr'>interminans</span> <span class='ocrx_word' id='word_1_171' title='bbox 620 2112 659 2151; x_wconf 92' lang='lat' dir='ltr'>ne</span> <span class='ocrx_word' id='word_1_172' title='bbox 671 2094 747 2151; x_wconf 90' lang='lat' dir='ltr'>vltra</span> <span class='ocrx_word' id='word_1_173' title='bbox 766 2094 796 2150; x_wconf 93' lang='lat' dir='ltr'>in</span> <span class='ocrx_word' id='word_1_174' title='bbox 814 2093 899 2150; x_wconf 90' lang='lat' dir='ltr'>illum</span> <span class='ocrx_word' id='word_1_175' title='bbox 918 2092 1015 2150; x_wconf 91' lang='lat' dir='ltr'>locum</span> <span class='ocrx_word' id='word_1_176' title='bbox 1034 2091 1152 2166; x_wconf 86' lang='lat' dir='ltr'>regredi</span> <span class='ocrx_word' id='word_1_177' title='bbox 1170 2110 1240 2166; x_wconf 89' lang='lat' dir='ltr'>pre·</span> 
     </span>
     <span class='ocr_line' id='line_1_21' title="bbox 85 2179 1284 2254; baseline 0.004 -18"><span class='ocrx_word' id='word_1_178' title='bbox 85 2189 219 2238; x_wconf 82' lang='lat' dir='ltr'>sumant</span> <span class='ocrx_word' id='word_1_179' title='bbox 257 2180 294 2238; x_wconf 85' lang='lat' dir='ltr'>Et</span> <span class='ocrx_word' id='word_1_180' title='bbox 313 2199 381 2239; x_wconf 90' lang='lat' dir='ltr'>cum</span> <span class='ocrx_word' id='word_1_181' title='bbox 394 2197 484 2238; x_wconf 89' lang='lat' dir='ltr'>vnam</span> <span class='ocrx_word' id='word_1_182' title='bbox 503 2198 542 2238; x_wconf 84' lang='lat' dir='ltr'>ex</span> <span class='ocrx_word' id='word_1_183' title='bbox 560 2180 619 2238; x_wconf 94' lang='lat' dir='ltr'>illis</span> <span class='ocrx_word' id='word_1_184' title='bbox 637 2181 760 2254; x_wconf 90' lang='lat' dir='ltr'>quidam</span> <span class='ocrx_word' id='word_1_185' title='bbox 778 2181 983 2238; x_wconf 89' lang='lat' dir='ltr'>ministrorum</span> <span class='ocrx_word' id='word_1_186' title='bbox 1001 2179 1079 2237; x_wconf 82' lang='lat' dir='ltr'>furto</span> <span class='ocrx_word' id='word_1_187' title='bbox 1098 2179 1239 2238; x_wconf 88' lang='lat' dir='ltr'>auferens</span> <span class='ocrx_word' id='word_1_188' title='bbox 1254 2205 1284 2241; x_wconf 71' lang='grc' dir='ltr'>ιο</span> 
     </span>
     <span class='ocr_line' id='line_1_22' title="bbox 84 2267 1238 2342; baseline 0.001 -18"><span class='ocrx_word' id='word_1_189' title='bbox 84 2267 276 2339; x_wconf 89' lang='lat' dir='ltr'>occultasset,</span> <span class='ocrx_word' id='word_1_190' title='bbox 289 2285 395 2326; x_wconf 90' lang='lat' dir='ltr'>omnes</span> <span class='ocrx_word' id='word_1_191' title='bbox 414 2268 538 2326; x_wconf 87' lang='lat' dir='ltr'>eleuatis</span> <span class='ocrx_word' id='word_1_192' title='bbox 552 2268 660 2342; x_wconf 88' lang='lat' dir='ltr'>pennis</span> <span class='ocrx_word' id='word_1_193' title='bbox 677 2270 707 2326; x_wconf 89' lang='lat' dir='ltr'>in</span> <span class='ocrx_word' id='word_1_194' title='bbox 725 2286 796 2327; x_wconf 89' lang='lat' dir='ltr'>aera</span> <span class='ocrx_word' id='word_1_195' title='bbox 811 2287 845 2326; x_wconf 91' lang='lat' dir='ltr'>se</span> <span class='ocrx_word' id='word_1_196' title='bbox 863 2268 1047 2326; x_wconf 86' lang='lat' dir='ltr'>sustulerunt</span> <span class='ocrx_word' id='word_1_197' title='bbox 1065 2277 1096 2324; x_wconf 89' lang='lat' dir='ltr'>et</span> <span class='ocrx_word' id='word_1_198' title='bbox 1112 2267 1238 2325; x_wconf 91' lang='lat' dir='ltr'>circum·</span> 
     </span>
     <span class='ocr_line' id='line_1_23' title="bbox 84 2354 1238 2431; baseline 0 -19"><span class='ocrx_word' id='word_1_199' title='bbox 84 2355 244 2428; x_wconf 89' lang='lat' dir='ltr'>spiciendo</span> <span class='ocrx_word' id='word_1_200' title='bbox 267 2356 354 2430; x_wconf 88' lang='lat' dir='ltr'>quasi</span> <span class='ocrx_word' id='word_1_201' title='bbox 377 2356 465 2414; x_wconf 70' lang='lat' dir='ltr'>sese*</span> <span class='ocrx_word' id='word_1_202' title='bbox 489 2356 677 2431; x_wconf 86' lang='lat' dir='ltr'>requirentes</span> <span class='ocrx_word' id='word_1_203' title='bbox 701 2357 865 2430; x_wconf 89' lang='lat' dir='ltr'>dampnum</span> <span class='ocrx_word' id='word_1_204' title='bbox 890 2355 1076 2413; x_wconf 87' lang='lat' dir='ltr'>contubernii</span> <span class='ocrx_word' id='word_1_205' title='bbox 1106 2354 1153 2412; x_wconf 90' lang='lat' dir='ltr'>sui</span> <span class='ocrx_word' id='word_1_206' title='bbox 1178 2373 1238 2413; x_wconf 89' lang='lat' dir='ltr'>vna</span> 
     </span>
    </p>
   </div>
   <div class='ocr_carea' id='block_1_3' title="bbox 84 2442 1238 2517">
    <p class='ocr_par' dir='ltr' id='par_1_3' title="bbox 84 2442 1238 2517">
     <span class='ocr_line' id='line_1_24' title="bbox 84 2442 1238 2517; baseline 0 -17"><span class='ocrx_word' id='word_1_207' title='bbox 84 2445 212 2500; x_wconf 86' lang='lat' dir='ltr'>absente</span> <span class='ocrx_word' id='word_1_208' title='bbox 238 2445 438 2517; x_wconf 89' lang='lat' dir='ltr'>perpendunt.</span> <span class='ocrx_word' id='word_1_209' title='bbox 480 2443 518 2501; x_wconf 88' lang='lat' dir='ltr'>Et</span> <span class='ocrx_word' id='word_1_210' title='bbox 543 2462 613 2502; x_wconf 89' lang='lat' dir='ltr'>ecce</span> <span class='ocrx_word' id='word_1_211' title='bbox 637 2444 795 2502; x_wconf 83' lang='lat' dir='ltr'>confestim</span> <span class='ocrx_word' id='word_1_212' title='bbox 823 2443 921 2502; x_wconf 89' lang='lat' dir='ltr'>omnis</span> <span class='ocrx_word' id='word_1_213' title='bbox 945 2443 1061 2500; x_wconf 90' lang='lat' dir='ltr'>illarum</span> <span class='ocrx_word' id='word_1_214' title='bbox 1087 2442 1238 2500; x_wconf 87' lang='lat' dir='ltr'>exercitus</span> 
     </span>
    </p>
   </div>
   <div class='ocr_carea' id='block_1_4' title="bbox 77 2530 1280 4182">
    <p class='ocr_par' dir='ltr' id='par_1_4' title="bbox 77 2530 1280 4182">
     <span class='ocr_line' id='line_1_25' title="bbox 83 2530 1236 2606; baseline 0 -18"><span class='ocrx_word' id='word_1_215' title='bbox 83 2547 180 2602; x_wconf 87' lang='lat' dir='ltr'>supra</span> <span class='ocrx_word' id='word_1_216' title='bbox 202 2532 324 2588; x_wconf 91' lang='lat' dir='ltr'>domum</span> <span class='ocrx_word' id='word_1_217' title='bbox 344 2531 467 2604; x_wconf 85' lang='lat' dir='ltr'>virginis</span> <span class='ocrx_word' id='word_1_218' title='bbox 488 2541 695 2604; x_wconf 85' lang='lat' dir='ltr'>congregatus,</span> <span class='ocrx_word' id='word_1_219' title='bbox 713 2531 826 2606; x_wconf 82' lang='lat' dir='ltr'>ingenti</span> <span class='ocrx_word' id='word_1_220' title='bbox 845 2531 972 2605; x_wconf 89' lang='lat' dir='ltr'>strepitu</span> <span class='ocrx_word' id='word_1_221' title='bbox 991 2530 1128 2587; x_wconf 88' lang='lat' dir='ltr'>iniuriam</span> <span class='ocrx_word' id='word_1_222' title='bbox 1150 2548 1236 2588; x_wconf 89' lang='lat' dir='ltr'>suam</span> 
     </span>
     <span class='ocr_line' id='line_1_26' title="bbox 82 2617 1280 2697; baseline 0.004 -23"><span class='ocrx_word' id='word_1_223' title='bbox 82 2617 289 2690; x_wconf 88' lang='lat' dir='ltr'>conqueritur.</span> <span class='ocrx_word' id='word_1_224' title='bbox 325 2619 464 2677; x_wconf 87' lang='lat' dir='ltr'>Audiens</span> <span class='ocrx_word' id='word_1_225' title='bbox 475 2627 576 2677; x_wconf 89' lang='lat' dir='ltr'>autem</span> <span class='ocrx_word' id='word_1_226' title='bbox 589 2622 673 2693; x_wconf 88' lang='lat' dir='ltr'>virgo</span> <span class='ocrx_word' id='word_1_227' title='bbox 687 2629 791 2676; x_wconf 89' lang='lat' dir='ltr'>sancta</span> <span class='ocrx_word' id='word_1_228' title='bbox 803 2619 950 2676; x_wconf 89' lang='lat' dir='ltr'>clamores</span> <span class='ocrx_word' id='word_1_229' title='bbox 963 2618 1081 2674; x_wconf 87' lang='lat' dir='ltr'>illarum</span> <span class='ocrx_word' id='word_1_230' title='bbox 1095 2626 1125 2674; x_wconf 90' lang='lat' dir='ltr'>et</span> <span class='ocrx_word' id='word_1_231' title='bbox 1137 2618 1236 2690; x_wconf 90' lang='lat' dir='ltr'>queri·</span> <span class='ocrx_word' id='word_1_232' title='bbox 1251 2646 1280 2697; x_wconf 83' lang='lat'>25</span> 
     </span>
     <span class='ocr_line' id='line_1_27' title="bbox 82 2704 1236 2780; baseline 0.001 -18"><span class='ocrx_word' id='word_1_233' title='bbox 82 2704 227 2773; x_wconf 88' lang='lat' dir='ltr'>moniam,</span> <span class='ocrx_word' id='word_1_234' title='bbox 245 2723 280 2763; x_wconf 90' lang='lat' dir='ltr'>ac</span> <span class='ocrx_word' id='word_1_235' title='bbox 299 2723 420 2763; x_wconf 89' lang='lat' dir='ltr'>causam</span> <span class='ocrx_word' id='word_1_236' title='bbox 441 2705 619 2780; x_wconf 86' lang='lat' dir='ltr'>intelligens,</span> <span class='ocrx_word' id='word_1_237' title='bbox 637 2715 856 2780; x_wconf 89' lang='lat' dir='ltr'>perscrutatum</span> <span class='ocrx_word' id='word_1_238' title='bbox 879 2706 1014 2779; x_wconf 91' lang='lat' dir='ltr'>protinus</span> <span class='ocrx_word' id='word_1_239' title='bbox 1033 2705 1144 2762; x_wconf 80' lang='lat' dir='ltr'>furtum</span> <span class='ocrx_word' id='word_1_240' title='bbox 1164 2722 1236 2763; x_wconf 86' lang='lat' dir='ltr'>reus</span> 
     </span>
     <span class='ocr_line' id='line_1_28' title="bbox 81 2792 1235 2867; baseline 0.001 -19"><span class='ocrx_word' id='word_1_241' title='bbox 81 2793 153 2866; x_wconf 90' lang='lat' dir='ltr'>ipse</span> <span class='ocrx_word' id='word_1_242' title='bbox 174 2793 313 2866; x_wconf 90' lang='lat' dir='ltr'>publicat,</span> <span class='ocrx_word' id='word_1_243' title='bbox 335 2802 548 2867; x_wconf 88' lang='lat' dir='ltr'>receptamque</span> <span class='ocrx_word' id='word_1_244' title='bbox 570 2793 722 2852; x_wconf 91' lang='lat' dir='ltr'>volucrem</span> <span class='ocrx_word' id='word_1_245' title='bbox 744 2794 896 2852; x_wconf 88' lang='lat' dir='ltr'>sodalibus</span> <span class='ocrx_word' id='word_1_246' title='bbox 917 2793 1061 2866; x_wconf 83' lang='lat' dir='ltr'>associat3</span> <span class='ocrx_word' id='word_1_247' title='bbox 1091 2801 1121 2851; x_wconf 91' lang='lat' dir='ltr'>et</span> <span class='ocrx_word' id='word_1_248' title='bbox 1145 2792 1235 2850; x_wconf 89' lang='lat' dir='ltr'>simul</span> 
     </span>
     <span class='ocr_line' id='line_1_29' title="bbox 81 2880 1235 2954; baseline -0.001 -16"><span class='ocrx_word' id='word_1_249' title='bbox 81 2897 193 2938; x_wconf 89' lang='lat' dir='ltr'>omnes</span> <span class='ocrx_word' id='word_1_250' title='bbox 217 2880 299 2937; x_wconf 89' lang='lat' dir='ltr'>abire</span> <span class='ocrx_word' id='word_1_251' title='bbox 323 2880 373 2954; x_wconf 90' lang='lat' dir='ltr'>pia</span> <span class='ocrx_word' id='word_1_252' title='bbox 393 2883 479 2954; x_wconf 86' lang='lat' dir='ltr'>virgo</span> <span class='ocrx_word' id='word_1_253' title='bbox 503 2883 634 2940; x_wconf 88' lang='lat' dir='ltr'>mandat.</span> <span class='ocrx_word' id='word_1_254' title='bbox 670 2882 733 2940; x_wconf 91' lang='lat' dir='ltr'>Nec</span> <span class='ocrx_word' id='word_1_255' title='bbox 758 2899 850 2950; x_wconf 90' lang='lat' dir='ltr'>mora,</span> <span class='ocrx_word' id='word_1_256' title='bbox 869 2881 967 2938; x_wconf 91' lang='lat' dir='ltr'>omnis</span> <span class='ocrx_word' id='word_1_257' title='bbox 992 2881 1042 2937; x_wconf 91' lang='lat' dir='ltr'>illa</span> <span class='ocrx_word' id='word_1_258' title='bbox 1066 2880 1170 2938; x_wconf 91' lang='lat' dir='ltr'>concio</span> <span class='ocrx_word' id='word_1_259' title='bbox 1194 2880 1235 2937; x_wconf 87' lang='lat' dir='ltr'>ita</span> 
     </span>
     <span class='ocr_line' id='line_1_30' title="bbox 81 2967 1234 3043; baseline -0.001 -18"><span class='ocrx_word' id='word_1_260' title='bbox 81 2968 205 3026; x_wconf 87' lang='lat' dir='ltr'>auolare</span> <span class='ocrx_word' id='word_1_261' title='bbox 217 2970 297 3042; x_wconf 92' lang='lat' dir='ltr'>cepit</span> <span class='ocrx_word' id='word_1_262' title='bbox 309 2977 341 3026; x_wconf 88' lang='lat' dir='ltr'>vt</span> <span class='ocrx_word' id='word_1_263' title='bbox 353 2969 436 3026; x_wconf 90' lang='lat' dir='ltr'>nulla</span> <span class='ocrx_word' id='word_1_264' title='bbox 448 2969 538 3027; x_wconf 90' lang='lat' dir='ltr'>huius</span> <span class='ocrx_word' id='word_1_265' title='bbox 549 2969 671 3043; x_wconf 89' lang='lat' dir='ltr'>generis</span> <span class='ocrx_word' id='word_1_266' title='bbox 683 2969 798 3026; x_wconf 85' lang='lat' dir='ltr'>anicula</span> <span class='ocrx_word' id='word_1_267' title='bbox 810 2969 841 3025; x_wconf 92' lang='lat' dir='ltr'>in</span> <span class='ocrx_word' id='word_1_268' title='bbox 854 2967 921 3042; x_wconf 89' lang='lat' dir='ltr'>ipsa</span> <span class='ocrx_word' id='word_1_269' title='bbox 933 2977 1013 3025; x_wconf 90' lang='lat' dir='ltr'>terra</span> <span class='ocrx_word' id='word_1_270' title='bbox 1024 2968 1101 3024; x_wconf 89' lang='lat' dir='ltr'>vltra</span> <span class='ocrx_word' id='word_1_271' title='bbox 1113 2976 1234 3040; x_wconf 88' lang='lat' dir='ltr'>reperta</span> 
     </span>
     <span class='ocr_line' id='line_1_31' title="bbox 81 3043 1279 3131; baseline -0.003 -17"><span class='ocrx_word' id='word_1_272' title='bbox 81 3056 132 3114; x_wconf 90' lang='lat' dir='ltr'>sit.</span> <span class='ocrx_word' id='word_1_273' title='bbox 207 3043 283 3114; x_wconf 82' lang='lat' dir='ltr'>Erat</span> <span class='ocrx_word' id='word_1_274' title='bbox 303 3065 403 3114; x_wconf 86' lang='lat' dir='ltr'>autem</span> <span class='ocrx_word' id='word_1_275' title='bbox 422 3056 464 3114; x_wconf 92' lang='lat' dir='ltr'>illi</span> <span class='ocrx_word' id='word_1_276' title='bbox 483 3058 682 3115; x_wconf 85' lang='lat' dir='ltr'>armentarius</span> <span class='ocrx_word' id='word_1_277' title='bbox 699 3057 749 3130; x_wconf 89' lang='lat' dir='ltr'>pie</span> <span class='ocrx_word' id='word_1_278' title='bbox 766 3054 1003 3114; x_wconf 88' lang='lat' dir='ltr'>conuersationis</span> <span class='ocrx_word' id='word_1_279' title='bbox 1015 3055 1069 3124; x_wconf 91' lang='lat' dir='ltr'>vir,</span> <span class='ocrx_word' id='word_1_280' title='bbox 1082 3053 1234 3111; x_wconf 87' lang='lat' dir='ltr'>Alnothus</span> <span class='ocrx_word' id='word_1_281' title='bbox 1247 3081 1279 3131; x_wconf 76' lang='lat'>³⁰</span> 
     </span>
     <span class='ocr_line' id='line_1_32' title="bbox 81 3141 1233 3218; baseline 0.001 -18"><span class='ocrx_word' id='word_1_282' title='bbox 81 3143 224 3214; x_wconf 88' lang='lat' dir='ltr'>nomine;</span> <span class='ocrx_word' id='word_1_283' title='bbox 247 3161 337 3217; x_wconf 89' lang='lat' dir='ltr'>quem</span> <span class='ocrx_word' id='word_1_284' title='bbox 363 3161 432 3218; x_wconf 80' lang='lat' dir='ltr'>cum</span> <span class='ocrx_word' id='word_1_285' title='bbox 456 3145 573 3203; x_wconf 86' lang='lat' dir='ltr'>villicus</span> <span class='ocrx_word' id='word_1_286' title='bbox 597 3144 809 3202; x_wconf 89' lang='lat' dir='ltr'>cruentissimo</span> <span class='ocrx_word' id='word_1_287' title='bbox 833 3143 959 3200; x_wconf 87' lang='lat' dir='ltr'>laniaret</span> <span class='ocrx_word' id='word_1_288' title='bbox 976 3143 1111 3212; x_wconf 89' lang='lat' dir='ltr'>verbere,</span> <span class='ocrx_word' id='word_1_289' title='bbox 1129 3149 1159 3199; x_wconf 91' lang='lat' dir='ltr'>et</span> <span class='ocrx_word' id='word_1_290' title='bbox 1182 3141 1233 3201; x_wconf 90' lang='lat' dir='ltr'>ille</span> 
     </span>
     <span class='ocr_line' id='line_1_33' title="bbox 80 3229 1231 3306; baseline -0.001 -18"><span class='ocrx_word' id='word_1_291' title='bbox 80 3231 184 3288; x_wconf 89' lang='lat' dir='ltr'>omnia</span> <span class='ocrx_word' id='word_1_292' title='bbox 197 3233 346 3305; x_wconf 87' lang='lat' dir='ltr'>patienter</span> <span class='ocrx_word' id='word_1_293' title='bbox 358 3232 509 3302; x_wconf 90' lang='lat' dir='ltr'>toleraret,</span> <span class='ocrx_word' id='word_1_294' title='bbox 521 3232 607 3306; x_wconf 90' lang='lat' dir='ltr'>virgo</span> <span class='ocrx_word' id='word_1_295' title='bbox 618 3241 721 3290; x_wconf 88' lang='lat' dir='ltr'>sancta</span> <span class='ocrx_word' id='word_1_296' title='bbox 738 3234 776 3289; x_wconf 91' lang='lat' dir='ltr'>ad</span> <span class='ocrx_word' id='word_1_297' title='bbox 788 3233 884 3306; x_wconf 90' lang='lat' dir='ltr'>pedes</span> <span class='ocrx_word' id='word_1_298' title='bbox 900 3232 965 3289; x_wconf 89' lang='lat' dir='ltr'>eius</span> <span class='ocrx_word' id='word_1_299' title='bbox 982 3229 1151 3304; x_wconf 87' lang='lat' dir='ltr'>procidens,</span> <span class='ocrx_word' id='word_1_300' title='bbox 1164 3247 1231 3287; x_wconf 93' lang='lat' dir='ltr'>cum</span> 
     </span>
     <span class='ocr_line' id='line_1_34' title="bbox 81 3317 1232 3394; baseline -0.003 -16"><span class='ocrx_word' id='word_1_301' title='bbox 81 3336 173 3392; x_wconf 86' lang='lat' dir='ltr'>prece</span> <span class='ocrx_word' id='word_1_302' title='bbox 186 3319 274 3376; x_wconf 90' lang='lat' dir='ltr'>simul</span> <span class='ocrx_word' id='word_1_303' title='bbox 287 3329 316 3377; x_wconf 90' lang='lat' dir='ltr'>et</span> <span class='ocrx_word' id='word_1_304' title='bbox 334 3319 546 3393; x_wconf 88' lang='lat' dir='ltr'>increpatione,</span> <span class='ocrx_word' id='word_1_305' title='bbox 557 3329 590 3377; x_wconf 86' lang='lat' dir='ltr'>vt</span> <span class='ocrx_word' id='word_1_306' title='bbox 602 3320 754 3377; x_wconf 90' lang='lat' dir='ltr'>innocenti</span> <span class='ocrx_word' id='word_1_307' title='bbox 766 3327 904 3394; x_wconf 89' lang='lat' dir='ltr'>parceret</span> <span class='ocrx_word' id='word_1_308' title='bbox 916 3319 1103 3376; x_wconf 83' lang='lat' dir='ltr'>exclamauit.</span> <span class='ocrx_word' id='word_1_309' title='bbox 1134 3317 1232 3387; x_wconf 87' lang='lat' dir='ltr'>Quam</span> 
     </span>
     <span class='ocr_line' id='line_1_35' title="bbox 80 3404 1232 3482; baseline -0.001 -18"><span class='ocrx_word' id='word_1_310' title='bbox 80 3425 151 3464; x_wconf 91' lang='lat' dir='ltr'>cum</span> <span class='ocrx_word' id='word_1_311' title='bbox 167 3407 218 3466; x_wconf 89' lang='lat' dir='ltr'>ille</span> <span class='ocrx_word' id='word_1_312' title='bbox 235 3423 290 3482; x_wconf 90' lang='lat' dir='ltr'>pre</span> <span class='ocrx_word' id='word_1_313' title='bbox 306 3405 407 3464; x_wconf 82' lang='lat' dir='ltr'>surore</span> <span class='ocrx_word' id='word_1_314' title='bbox 426 3413 457 3464; x_wconf 91' lang='lat' dir='ltr'>et</span> <span class='ocrx_word' id='word_1_315' title='bbox 476 3409 618 3481; x_wconf 86' lang='lat' dir='ltr'>superbia</span> <span class='ocrx_word' id='word_1_316' title='bbox 636 3425 697 3464; x_wconf 91' lang='lat' dir='ltr'>non</span> <span class='ocrx_word' id='word_1_317' title='bbox 710 3406 875 3476; x_wconf 79' lang='lat' dir='ltr'>exaudiret,</span> <span class='ocrx_word' id='word_1_318' title='bbox 888 3408 963 3464; x_wconf 90' lang='lat' dir='ltr'>dura</span> <span class='ocrx_word' id='word_1_319' title='bbox 975 3407 1116 3464; x_wconf 90' lang='lat' dir='ltr'>continuo</span> <span class='ocrx_word' id='word_1_320' title='bbox 1129 3404 1232 3463; x_wconf 86' lang='lat' dir='ltr'>ceruix</span> 
     </span>
     <span class='ocr_line' id='line_1_36' title="bbox 80 3492 1275 3569; baseline -0.001 -17"><span class='ocrx_word' id='word_1_321' title='bbox 80 3505 112 3552; x_wconf 89' lang='lat' dir='ltr'>et</span> <span class='ocrx_word' id='word_1_322' title='bbox 129 3493 221 3553; x_wconf 84' lang='lat' dir='ltr'>facies</span> <span class='ocrx_word' id='word_1_323' title='bbox 237 3503 322 3552; x_wconf 89' lang='lat' dir='ltr'>torua</span> <span class='ocrx_word' id='word_1_324' title='bbox 340 3511 472 3568; x_wconf 88' lang='lat' dir='ltr'>superna</span> <span class='ocrx_word' id='word_1_325' title='bbox 488 3495 690 3569; x_wconf 89' lang='lat' dir='ltr'>indignatione</span> <span class='ocrx_word' id='word_1_326' title='bbox 707 3495 738 3552; x_wconf 91' lang='lat' dir='ltr'>in</span> <span class='ocrx_word' id='word_1_327' title='bbox 754 3504 838 3569; x_wconf 88' lang='lat' dir='ltr'>terga</span> <span class='ocrx_word' id='word_1_328' title='bbox 854 3494 897 3551; x_wconf 92' lang='lat' dir='ltr'>illi</span> <span class='ocrx_word' id='word_1_329' title='bbox 914 3494 1083 3552; x_wconf 88' lang='lat' dir='ltr'>rellectitur.</span> <span class='ocrx_word' id='word_1_330' title='bbox 1120 3492 1231 3567; x_wconf 90' lang='lat' dir='ltr'>Sicque</span> <span class='ocrx_word' id='word_1_331' title='bbox 1245 3511 1275 3562; x_wconf 75' lang='lat'>35</span> 
     </span>
     <span class='ocr_line' id='line_1_37' title="bbox 79 3577 1231 3657; baseline -0.002 -17"><span class='ocrx_word' id='word_1_332' title='bbox 79 3583 120 3640; x_wconf 89' lang='lat' dir='ltr'>ad</span> <span class='ocrx_word' id='word_1_333' title='bbox 139 3583 234 3656; x_wconf 90' lang='lat' dir='ltr'>pedes</span> <span class='ocrx_word' id='word_1_334' title='bbox 252 3582 378 3657; x_wconf 87' lang='lat' dir='ltr'>virginis</span> <span class='ocrx_word' id='word_1_335' title='bbox 396 3583 572 3656; x_wconf 89' lang='lat' dir='ltr'>prouolutus</span> <span class='ocrx_word' id='word_1_336' title='bbox 590 3577 710 3641; x_wconf 71' lang='lat' dir='ltr'>ueniam</span> <span class='ocrx_word' id='word_1_337' title='bbox 728 3601 797 3640; x_wconf 89' lang='lat' dir='ltr'>curn</span> <span class='ocrx_word' id='word_1_338' title='bbox 815 3581 968 3640; x_wconf 88' lang='lat' dir='ltr'>lachrimis</span> <span class='ocrx_word' id='word_1_339' title='bbox 986 3583 1180 3656; x_wconf 88' lang='lat' dir='ltr'>deprecatur:</span> <span class='ocrx_word' id='word_1_340' title='bbox 1200 3589 1231 3638; x_wconf 90' lang='lat' dir='ltr'>et</span> 
     </span>
     <span class='ocr_line' id='line_1_38' title="bbox 79 3667 1231 3745; baseline -0.002 -18"><span class='ocrx_word' id='word_1_341' title='bbox 79 3669 302 3728; x_wconf 88' lang='lat' dir='ltr'>interueniente</span> <span class='ocrx_word' id='word_1_342' title='bbox 328 3679 432 3728; x_wconf 86' lang='lat' dir='ltr'>sancta</span> <span class='ocrx_word' id='word_1_343' title='bbox 452 3670 579 3745; x_wconf 87' lang='lat' dir='ltr'>virgine,</span> <span class='ocrx_word' id='word_1_344' title='bbox 599 3671 631 3728; x_wconf 91' lang='lat' dir='ltr'>in</span> <span class='ocrx_word' id='word_1_345' title='bbox 655 3670 815 3745; x_wconf 88' lang='lat' dir='ltr'>pristinum</span> <span class='ocrx_word' id='word_1_346' title='bbox 837 3679 947 3728; x_wconf 86' lang='lat' dir='ltr'>statum</span> <span class='ocrx_word' id='word_1_347' title='bbox 970 3678 1135 3743; x_wconf 88' lang='lat' dir='ltr'>reparatur.</span> <span class='ocrx_word' id='word_1_348' title='bbox 1171 3667 1231 3725; x_wconf 89' lang='lat' dir='ltr'>Ar-</span> 
     </span>
     <span class='ocr_line' id='line_1_39' title="bbox 80 3755 1230 3832; baseline -0.003 -16"><span class='ocrx_word' id='word_1_349' title='bbox 80 3757 248 3816; x_wconf 88' lang='lat' dir='ltr'>mentarius</span> <span class='ocrx_word' id='word_1_350' title='bbox 259 3760 382 3815; x_wconf 86' lang='lat' dir='ltr'>tandem</span> <span class='ocrx_word' id='word_1_351' title='bbox 395 3757 445 3815; x_wconf 91' lang='lat' dir='ltr'>ille</span> <span class='ocrx_word' id='word_1_352' title='bbox 457 3757 488 3816; x_wconf 90' lang='lat' dir='ltr'>in</span> <span class='ocrx_word' id='word_1_353' title='bbox 501 3758 579 3816; x_wconf 90' lang='lat' dir='ltr'>silua</span> <span class='ocrx_word' id='word_1_354' title='bbox 590 3761 720 3832; x_wconf 87' lang='lat' dir='ltr'>quadarn</span> <span class='ocrx_word' id='word_1_355' title='bbox 733 3757 963 3816; x_wconf 89' lang='lat' dir='ltr'>anachoriticam</span> <span class='ocrx_word' id='word_1_356' title='bbox 976 3758 1090 3815; x_wconf 92' lang='lat' dir='ltr'>ducens</span> <span class='ocrx_word' id='word_1_357' title='bbox 1102 3755 1230 3828; x_wconf 77' lang='lat' dir='ltr'>vitame</span> 
     </span>
     <span class='ocr_line' id='line_1_40' title="bbox 79 3833 1228 3919; baseline -0.001 -17"><span class='ocrx_word' id='word_1_358' title='bbox 79 3845 247 3902; x_wconf 88' lang='lat' dir='ltr'>latronibus</span> <span class='ocrx_word' id='word_1_359' title='bbox 268 3845 474 3904; x_wconf 82' lang='lat' dir='ltr'>martirizatur.</span> <span class='ocrx_word' id='word_1_360' title='bbox 547 3833 664 3906; x_wconf 82' lang='lat' dir='ltr'>Sancta</span> <span class='ocrx_word' id='word_1_361' title='bbox 689 3847 788 3919; x_wconf 90' lang='lat' dir='ltr'>itaque</span> <span class='ocrx_word' id='word_1_362' title='bbox 808 3845 978 3918; x_wconf 90' lang='lat' dir='ltr'>Werburga</span> <span class='ocrx_word' id='word_1_363' title='bbox 1002 3843 1116 3902; x_wconf 92' lang='lat' dir='ltr'>obitum</span> <span class='ocrx_word' id='word_1_364' title='bbox 1140 3861 1228 3901; x_wconf 90' lang='lat' dir='ltr'>suum</span> 
     </span>
     <span class='ocr_line' id='line_1_41' title="bbox 79 3931 1274 4008; baseline 0 -18"><span class='ocrx_word' id='word_1_365' title='bbox 79 3949 276 4008; x_wconf 88' lang='lat' dir='ltr'>prenoscens,</span> <span class='ocrx_word' id='word_1_366' title='bbox 286 3933 350 3990; x_wconf 88' lang='lat' dir='ltr'>suis</span> <span class='ocrx_word' id='word_1_367' title='bbox 363 3932 502 3991; x_wconf 89' lang='lat' dir='ltr'>omnibus</span> <span class='ocrx_word' id='word_1_368' title='bbox 514 3933 649 4008; x_wconf 89' lang='lat' dir='ltr'>precepit</span> <span class='ocrx_word' id='word_1_369' title='bbox 658 3943 689 3991; x_wconf 91' lang='lat' dir='ltr'>vt</span> <span class='ocrx_word' id='word_1_370' title='bbox 698 3934 866 4008; x_wconf 81' lang='lat' dir='ltr'>ubicunque</span> <span class='ocrx_word' id='word_1_371' title='bbox 878 3951 917 3990; x_wconf 89' lang='lat' dir='ltr'>ex</span> <span class='ocrx_word' id='word_1_372' title='bbox 930 3933 984 3990; x_wconf 87' lang='lat' dir='ltr'>hac</span> <span class='ocrx_word' id='word_1_373' title='bbox 997 3932 1063 3990; x_wconf 91' lang='lat' dir='ltr'>luce</span> <span class='ocrx_word' id='word_1_374' title='bbox 1076 3931 1228 4006; x_wconf 85' lang='lat' dir='ltr'>migraret,</span> <span class='ocrx_word' id='word_1_375' title='bbox 1241 3953 1274 4006; x_wconf 82' lang='lat'>40</span> 
     </span>
     <span class='ocr_line' id='line_1_42' title="bbox 77 4019 1228 4094; baseline -0.003 -14"><span class='ocrx_word' id='word_1_376' title='bbox 77 4020 160 4094; x_wconf 87' lang='lat' dir='ltr'>apud</span> <span class='ocrx_word' id='word_1_377' title='bbox 182 4020 405 4093; x_wconf 88' lang='lat' dir='ltr'>hamburgense</span> <span class='ocrx_word' id='word_1_378' title='bbox 429 4020 589 4079; x_wconf 90' lang='lat' dir='ltr'>cenobium</span> <span class='ocrx_word' id='word_1_379' title='bbox 611 4038 722 4094; x_wconf 90' lang='lat' dir='ltr'>corpus</span> <span class='ocrx_word' id='word_1_380' title='bbox 746 4021 810 4079; x_wconf 92' lang='lat' dir='ltr'>eius</span> <span class='ocrx_word' id='word_1_381' title='bbox 830 4019 1027 4078; x_wconf 83' lang='lat' dir='ltr'>transferrent</span> <span class='ocrx_word' id='word_1_382' title='bbox 1051 4028 1082 4078; x_wconf 93' lang='lat' dir='ltr'>et</span> <span class='ocrx_word' id='word_1_383' title='bbox 1106 4021 1228 4076; x_wconf 90' lang='lat' dir='ltr'>incunc-</span> 
     </span>
     <span class='ocr_line' id='line_1_43' title="bbox 77 4105 1223 4182; baseline -0.003 -15"><span class='ocrx_word' id='word_1_384' title='bbox 77 4116 179 4167; x_wconf 90' lang='lat' dir='ltr'>tanter</span> <span class='ocrx_word' id='word_1_385' title='bbox 191 4107 365 4182; x_wconf 79' lang='lat' dir='ltr'>sepelirent</span> <span class='ocrx_word' id='word_1_386' title='bbox 402 4107 441 4166; x_wconf 89' lang='lat' dir='ltr'>Et</span> <span class='ocrx_word' id='word_1_387' title='bbox 456 4125 525 4166; x_wconf 90' lang='lat' dir='ltr'>curn</span> <span class='ocrx_word' id='word_1_388' title='bbox 538 4107 625 4166; x_wconf 91' lang='lat' dir='ltr'>tertio</span> <span class='ocrx_word' id='word_1_389' title='bbox 637 4126 732 4166; x_wconf 89' lang='lat' dir='ltr'>nonas</span> <span class='ocrx_word' id='word_1_390' title='bbox 749 4107 889 4167; x_wconf 78' lang='lat' dir='ltr'>februarii</span> <span class='ocrx_word' id='word_1_391' title='bbox 907 4107 1065 4181; x_wconf 84' lang='lat' dir='ltr'>migrasset</span> <span class='ocrx_word' id='word_1_392' title='bbox 1082 4107 1119 4165; x_wconf 87' lang='lat' dir='ltr'>ad</span> <span class='ocrx_word' id='word_1_393' title='bbox 1132 4105 1223 4164; x_wconf 91' lang='lat' dir='ltr'>domi·</span> 
     </span>
    </p>
   </div>
   <div class='ocr_carea' id='block_1_5' title="bbox 73 4299 1226 4431">
    <p class='ocr_par' dir='ltr' id='par_1_5' title="bbox 73 4299 1226 4431">
     <span class='ocr_line' id='line_1_44' title="bbox 109 4299 1226 4380; baseline -0.002 -28"><span class='ocrx_word' id='word_1_394' title='bbox 109 4301 165 4352; x_wconf 89' lang='lat' dir='ltr'>¹T.</span> <span class='ocrx_word' id='word_1_395' title='bbox 179 4303 235 4380; x_wconf 76' lang='lat' dir='ltr'>eius</span> <span class='ocrx_word' id='word_1_396' title='bbox 248 4302 336 4357; x_wconf 82' lang='lat' dir='ltr'>irater.</span> <span class='ocrx_word' id='word_1_397' title='bbox 398 4301 453 4354; x_wconf 86' lang='lat' dir='ltr'>¹T.</span> <span class='ocrx_word' id='word_1_398' title='bbox 467 4301 634 4367; x_wconf 84' lang='lat' dir='ltr'>solempniis;</span> <span class='ocrx_word' id='word_1_399' title='bbox 652 4301 681 4354; x_wconf 85' lang='lat' dir='ltr'>E.</span> <span class='ocrx_word' id='word_1_400' title='bbox 694 4302 827 4366; x_wconf 87' lang='lat' dir='ltr'>sompniis.</span> <span class='ocrx_word' id='word_1_401' title='bbox 886 4300 1073 4352; x_wconf 85' lang='lat' dir='ltr'>⁸E.abducte.</span> <span class='ocrx_word' id='word_1_402' title='bbox 1131 4299 1226 4352; x_wconf 74' lang='lat' dir='ltr'>*nott</span> 
     </span>
     <span class='ocr_line' id='line_1_45' title="bbox 73 4383 226 4431; baseline -0.007 -10"><span class='ocrx_word' id='word_1_403' title='bbox 73 4383 226 4431; x_wconf 79' lang='lat' dir='ltr'>sesequasr.</span> 
     </span>
    </p>
   </div>
   <div class='ocr_carea' id='block_1_6' title="bbox 0 0 1518 4894">
    <p class='ocr_par' dir='ltr' id='par_1_6' title="bbox 0 0 1518 4894">
     <span class='ocr_line' id='line_1_46' title="bbox 0 0 1518 4894; baseline 0 7"><span class='ocrx_word' id='word_1_404' title='bbox 0 0 1518 4894; x_wconf 95' lang='lat' dir='ltr'> </span> 
     </span>
    </p>
   </div>
  </div>
 </body>
</html>
