3008 4904
280 339 350 411 194
588 317 719 404 natta
744 314 934 418 aarum
958 313 1110 417 urata

275 519 452 578 aduersarii¹
466 518 590 585 confusi,
604 517 692 575 etiam
707 517 790 574 inuiti
803 517 1016 590 obsequuntur.
1052 516 1214 574 Abbatissa
1226 515 1336 583 cuint’,
1350 517 1431 572 vnde

277 608 454 681 resipiscere
472 607 616 663 debuerat
630 615 660 663 et
676 605 860 678 proficiendo
876 605 1012 678 penitere
1018 604 1038 674 ⁸,
1050 605 1164 662 acriore
1182 613 1299 661 armata
1314 604 1432 673 furore,

276 695 451 769 virginalem
471 693 622 767 palmam⁴
640 693 737 766 magis
756 709 846 765 quam
868 693 1022 766 propriam
1041 691 1223 750 tirannidem
1242 694 1431 750 erubescere

276 783 363 856 cepit.
401 783 439 839 Et
455 791 523 856 post
539 781 649 855 aliquot
666 781 731 837 dies
748 779 890 836 humilem
907 780 956 836 dei
969 779 1107 837 ancillam
1124 779 1239 837 solam⁸
1254 779 1430 837 inueniens
1499 825 1501 840 ,

247 893 262 945 q
276 871 307 927 in
320 889 387 927 eam
400 869 493 936 irruit,
506 869 627 932 inuadit,
642 866 765 940 impetit,
778 877 807 924 et
821 867 942 924 insertis
953 869 1088 940 utrisque
1102 868 1240 924 manibus
1253 867 1284 924 in
1298 869 1432 940 virginis

276 959 430 1026 cesariem,
444 958 474 1013 in
487 967 598 1014 terram
612 955 714 1025 allidit,
727 956 855 1027 pedibus
871 956 952 1012 illam
971 956 1072 1024 calcat,
1085 955 1215 1012 calcibus
1234 955 1313 1020 terit,
1327 956 1432 1012 tundit

257 1046 395 1118 pugnis,
419 1045 530 1102 lacerat
554 1043 712 1117 vnguibus,
738 1043 880 1116 discerpit
904 1043 1005 1100 crines
1029 1053 1059 1100 et
1090 1042 1226 1114 extirpat
1275 1042 1433 1100 Mildreda

275 1132 375 1190 crines
388 1133 510 1190 auulsos
522 1131 677 1204 arripiens,
691 1130 721 1186 in
735 1131 800 1188 loco
812 1139 928 1188 secreto
945 1130 1090 1198 recondit,
1103 1139 1132 1186 et
1149 1129 1292 1187 castitatis
1307 1131 1434 1204 pericu·

275 1222 338 1292 lum
356 1220 521 1276 formidans
540 1219 644 1275 intimo
663 1217 769 1291 spiritu
789 1217 944 1274 dominum
961 1227 1044 1292 rogat
1060 1217 1201 1291 quatinus
1218 1235 1285 1274 eam
1304 1219 1434 1274 atauus
1500 1227 1501 1232 ’

233 1327 264 1365 ro
277 1308 395 1380 dyaboli
409 1307 524 1380 laqueis
535 1306 650 1379 eripiat,
664 1306 754 1363 natali
767 1307 831 1363 solo
850 1307 990 1362 intactam
1009 1305 1123 1374 reddat,
1135 1305 1183 1361 vel
1195 1305 1231 1361 in
1248 1306 1431 1378 paradisum
1500 1308 1501 1352 l

275 1395 407 1452 animam
426 1411 511 1452 suam
530 1393 661 1467 recipiat.
699 1393 877 1450 Psalterium
898 1391 1015 1449 interim
1034 1392 1145 1462 scribit,
1166 1401 1195 1448 et
1215 1392 1326 1462 crines,
1351 1411 1432 1466 quos

276 1484 482 1551 absconderat,
493 1483 523 1538 in
537 1483 635 1539 libello
648 1481 804 1550 collocans,
812 1497 868 1553 per
881 1481 973 1537 lidum
987 1479 1129 1536 nuncium
1143 1479 1230 1536 matri
1240 1481 1431 1546 transmittit,

275 1569 376 1627 verbis
389 1569 576 1627 lachrimosis
589 1569 784 1642 expostulans
796 1567 936 1642 quatinus
949 1567 1045 1640 ipsam
1054 1567 1132 1624 iuter
1141 1567 1266 1624 sathane
1275 1570 1433 1626 venabula

276 1657 493 1730 periclitantem
512 1659 550 1714 ab
565 1657 711 1730 angustiis
727 1656 843 1730 eripiat.
880 1655 965 1712 Tunc
984 1663 1081 1711 mater
1096 1671 1159 1724 sua,
1172 1654 1275 1712 missis
1293 1656 1430 1712 nauibus
1500 1641 1501 1714 s

233 1768 262 1820 ¹5
276 1761 345 1801 cum
358 1745 471 1816 legatis,
480 1763 536 1818 pro
546 1745 607 1802 filia
621 1744 719 1802 misit:
739 1743 890 1801 abbatissa
902 1751 1013 1811 umen,
1023 1759 1079 1815 pro
1092 1742 1179 1798 illatis
1191 1741 1298 1814 virgini
1306 1742 1431 1800 iniuriis
1500 1761 1501 1808 l

276 1831 354 1888 same
367 1850 421 1890 sue
435 1832 578 1890 iacturam
590 1833 710 1902 timens,
720 1831 802 1888 nulla
815 1847 905 1903 prece
918 1830 1059 1902 instigata
1071 1830 1151 1886 illam
1164 1829 1313 1886 dimittere
1320 1832 1430 1888 voluit.

278 1917 425 1976 Mildreda
449 1937 522 1976 vero
547 1928 657 1976 statuta
685 1929 772 1976 nocte
798 1919 958 1992 egreditur,
982 1927 1012 1974 et
1037 1919 1075 1974 ab
1102 1916 1247 1992 egiptiaca
1276 1921 1428 1976 semitute

276 2006 408 2076 liberata,
430 2007 613 2080 redemptori
637 2007 748 2080 gratias
772 2006 928 2064 referebat
965 2005 1101 2079 Cumque
1125 2006 1312 2078 quorundam
1332 2007 1430 2064 vesti-

277 2103 447 2151 mentorum
469 2093 604 2163 ecclesie,
630 2111 748 2152 necnon
772 2093 869 2151 claui⁸
893 2092 1091 2152 confixionis⁷
1110 2093 1268 2160 dominice,
1285 2095 1429 2166 que[m]'

232 2203 264 2240 20
279 2182 373 2238 multo
386 2181 487 2254 precio
500 2190 735 2254 comparauerat,
748 2183 845 2238 subita
858 2181 926 2254 luga
939 2189 1065 2254 cogente
1078 2181 1168 2236 oblita
1180 2179 1293 2250 suisset,
1306 2181 1379 2239 fusa
1391 2185 1429 2238 ad

277 2268 368 2325 deum
386 2286 478 2341 prece
496 2269 592 2338 rediit,
611 2269 814 2326 desideratum
832 2269 1027 2325 thesaurum'
1045 2269 1132 2342 cepit,
1150 2277 1180 2324 et
1198 2285 1300 2325 secum
1317 2271 1427 2328 attulit

278 2355 477 2428 Deprehensa
496 2355 624 2413 diluculo
639 2355 763 2428 virginis
779 2355 858 2428 fuga,
871 2356 970 2412 omnis
985 2355 1135 2429 virginum
1152 2357 1261 2412 chorus
1277 2355 1307 2412 in
1321 2357 1429 2428 planc-

276 2452 341 2500 tum
360 2443 551 2510 conuertitur,
570 2451 600 2500 et
619 2443 816 2515 persecutrix,
835 2443 961 2515 pulsatis
982 2443 1144 2516 campanis,
1164 2461 1269 2500 omnes
1288 2446 1428 2512 aduocat,

276 2530 410 2603 episcopi
423 2530 567 2587 auxilium
580 2530 727 2602 efflagitat,
741 2539 770 2587 et
783 2549 851 2587 cum
865 2549 902 2587 eo
913 2531 1042 2588 validam
1060 2548 1183 2588 manum
1196 2533 1233 2587 ad
1247 2531 1427 2604 rapiendam

231 2643 261 2692 25
276 2617 423 2690 virginem
449 2617 544 2674 mittit.
587 2617 681 2690 Virgo
705 2618 825 2675 interim
851 2627 953 2675 sancta
978 2635 1046 2676 cum
1072 2618 1135 2676 suis
1160 2635 1267 2676 nauem
1288 2631 1428 2692 paratam

277 2705 402 2773 intrans,
414 2705 506 2761 maris
524 2705 668 2762 contracti
684 2723 788 2762 reuma
804 2705 993 2762 solummodo
1009 2707 1193 2780 expectabat
1230 2707 1428 2778 Aspicientcs

276 2792 395 2849 interim
407 2801 497 2850 naute
509 2800 641 2849 armatos
654 2801 871 2866 persequentes
883 2794 1136 2866 appropinquare,
1149 2793 1252 2850 mortis
1264 2793 1428 2854 formidine

276 2881 421 2948 concussi,
441 2881 512 2953 quid
535 2880 667 2936 iacerent
688 2881 873 2952 ignorabant.
912 2881 1000 2936 Nulla
1021 2880 1182 2937 resistendi
1203 2880 1319 2952 fiducia,
1342 2887 1428 2941 nulla

275 2977 339 3024 erat
349 2967 491 3041 iugavia3
506 2967 609 3024 hostes
617 2967 896 3041 appropinquabant
906 2968 933 3036 ¹⁰,
943 2967 1090 3040 refugium
1102 2968 1193 3024 maris
1201 2969 1428 3041 ab[s]cesserat,

231 3077 262 3128 30
276 3055 389 3112 siccum
413 3055 496 3112 littus
520 3072 631 3112 nauem
654 3054 801 3127 alligabat.
838 3055 973 3128 Cumque
998 3055 1082 3128 virgo
1106 3065 1208 3112 sancta
1231 3056 1359 3114 eleuatis
1389 3063 1427 3116 ad

277 3143 375 3200 celum
389 3143 528 3199 manibus
540 3159 648 3215 preces
661 3143 786 3200 denotas
798 3160 854 3215 pro
874 3160 928 3199 sua
941 3142 1114 3199 liberatione
1128 3145 1185 3200 deo
1197 3143 1333 3214 fudisset,
1342 3145 1427 3204 littus

276 3247 365 3287 omne
379 3247 462 3286 mare
475 3229 573 3286 subito
585 3247 745 3302 occupans,
759 3247 852 3288 naues
866 3232 971 3300 eleuat,
984 3241 1014 3287 et
1027 3230 1169 3288 militares
1182 3249 1294 3288 cuneos
1307 3232 1428 3306 longius

276 3319 431 3390 proturbat
441 3318 470 3374 ¹¹.
496 3317 609 3374 Delusa
616 3319 715 3390 itaque
723 3320 969 3391 persequentium
984 3318 1108 3386 malicia,
1120 3317 1266 3375 Mildreda
1279 3320 1319 3376 de
1331 3323 1428 3377 mani-

276 3405 333 3470 bus
358 3403 518 3476 impiorum
543 3413 654 3477 erepta,
679 3407 716 3461 ad
741 3413 860 3478 portum
884 3405 980 3462 insule
1003 3405 1054 3478 qui
1085 3405 1268 3479 Ipplesilet¹²
1293 3419 1427 3476 vocatur,

230 3509 262 3560 35
276 3491 427 3564 applicuit.
454 3491 499 3547 Ibi
512 3491 593 3548 enirn
607 3493 784 3565 quadratum
799 3511 906 3550 saxum
920 3511 1061 3566 magnum
1074 3494 1217 3550 diuinitus
1230 3505 1427 3567 preparatum

275 3578 398 3650 inuenit,
411 3589 441 3636 et
454 3595 521 3636 cum
536 3578 684 3636 Mildrede
696 3580 908 3638 descendentis
921 3583 959 3637 de
973 3579 1042 3638 naui
1054 3581 1180 3654 vestigia
1193 3582 1373 3654 excepisset,
1386 3583 1427 3639 ita

275 3685 312 3724 ea
326 3667 406 3740 [sibi]
420 3667 506 3739 quasi
519 3668 631 3724 recenti
650 3666 711 3724 niui
722 3667 742 3700 ¹³
753 3677 804 3724 aut
823 3669 884 3724 luto
898 3669 991 3726 infixa
1002 3667 1099 3726 subito
1118 3670 1255 3738 ostendit,
1269 3679 1301 3726 vt
1315 3687 1427 3727 omnes

275 3755 342 3820 eius
358 3754 490 3824 comites,
503 3754 678 3812 miraculum
696 3755 752 3811 hoc
767 3755 914 3826 videntes,
927 3756 958 3812 in
973 3755 1201 3814 admirationem
1218 3765 1247 3813 et
1266 3767 1425 3830 stuporem

275 3853 472 3902 conuerteret.
511 3844 578 3899 Non
592 3844 689 3902 solum
699 3845 871 3901 eternaliter
879 3846 967 3901 durat
980 3845 1035 3902 hoc
1048 3845 1169 3919 signum
1177 3845 1311 3918 virginea
1319 3847 1426 3919 planta

228 3951 262 4000 40
275 3931 446 4000 formatum,
459 3947 563 3988 verum
574 3929 664 3998 variis
678 3931 871 4003 languoribus
885 3931 986 3989 afflicti
1003 3933 1133 4006 lapidem
1150 3933 1259 3989 radunt
1276 3943 1307 3990 et
1321 3943 1425 4007 potato

308 4155 539 4206 ¹E.aduersariis.
614 4154 768 4207 'rautem
834 4158 893 4208 ³G.
910 4159 1044 4221 prolicere.
1111 4157 1169 4210 ¹G.
1182 4159 1314 4222 virginalis
1329 4161 1422 4224 palme.

277 4020 412 4091 puluere,
425 4017 583 4076 sanitatem
601 4030 832 4091 consequuntur.
870 4019 962 4093 Lapis
980 4020 1037 4091 ille,
1050 4020 1126 4077 sicut
1144 4037 1163 4076 a
1180 4021 1334 4078 nonnullis
1353 4039 1425 4094 pro·
1496 4033 1497 4040 ’

274 4220 330 4272 Ἐ
344 4222 437 4271 solum.
527 4221 584 4270 *Β
595 4222 683 4272 clauis.
776 4219 833 4274 7Ε.
846 4225 1016 4274 confictionis.
1107 4224 1162 4275 ⁸T.
1177 4225 1276 4288 Eque.
1367 4227 1422 4276 ⁸T.
1495 4271 1496 4280 .

273 4289 429 4342 thesaurum.
507 4287 526 4317 ¹⁰
543 4287 574 4336 G.
586 4287 667 4337 hostis
679 4297 795 4352 occupat
872 4289 891 4321 ¹¹
907 4290 936 4340 T.
949 4289 1127 4354 E.perturbat.
1203 4291 1223 4320 ¹¹
1240 4291 1423 4356 suppleam

274 4352 471 4426 G31pplestleot.
541 4353 559 4382 ¹³
574 4353 603 4403 T.
617 4353 646 4403 E.
660 4353 727 4403 niue.
1257 4373 1260 4379 ·
