3008 4904
406 323 498 416 *bt
522 321 687 412 &attttu
713 325 868 412 tituto.
1152 344 1221 418 215

66 525 181 582 ciatum
196 523 484 598 suissetpisciculos¹
496 543 580 582 more
598 526 684 582 solito
694 525 724 582 in
734 525 816 582 sonte
827 525 1102 584 natare²viuentes
1138 522 1224 579 Tunc

65 615 184 668 unnm'
196 613 298 670 denuo
310 612 394 669 iussit
407 612 517 682 afferri,
534 621 564 668 et
576 622 712 685 paratum
726 614 755 669 in
775 630 861 669 esum
874 613 931 670 sibi
943 613 1063 686 apponi.
1102 611 1138 668 Et
1155 628 1224 668 cum

66 717 106 754 ex
130 717 169 756 eo
192 701 343 756 modicum
363 709 524 772 gustasset,
547 700 625 756 illico
644 717 736 757 sanus
758 700 883 757 effectus
905 699 1061 758 conualuit
1140 686 1223 757 Cum

65 787 123 842 viri
145 787 241 844 sancti
258 788 352 844 boues
371 787 450 844 surto
471 787 578 844 sublati
596 796 707 858 essent,
727 797 757 844 et
776 805 831 860 pro
850 788 900 844 tali
919 789 1045 860 penuria
1060 786 1167 843 fratres
1185 787 1223 842 ad

66 891 162 946 agros
174 875 289 946 egressi
304 874 454 931 laboribus
466 875 651 944 inslsterent,
665 892 734 931 ecce
747 875 827 931 cerui
841 876 1036 948 quamplures
1049 875 1087 931 de
1099 890 1224 931 nemore
1239 891 1252 942 5

65 962 218 1034 gregatim
244 962 449 1032 aduenientes,
474 963 512 1018 ad
536 979 590 1020 eos
615 961 850 1019 mansuetissimi
874 962 1086 1036 applaudendo
1116 979 1224 1034 prope·

67 1051 187 1106 rabant.
224 1049 292 1120 Quo
304 1051 378 1118 viso,
392 1050 506 1106 Neotus
518 1049 594 1105 colla
605 1067 709 1106 eorum
722 1049 791 1123 iugo
804 1050 938 1106 submitti
951 1058 980 1106 et
993 1048 1099 1106 aratris
1112 1048 1224 1122 apponi

67 1137 177 1195 iussit:
215 1147 244 1194 et
268 1137 358 1210 longo
381 1145 518 1208 tempore
543 1137 632 1193 boum
656 1137 738 1194 vices
762 1137 860 1194 inuiso
885 1155 968 1194 more
999 1138 1224 1211 suppleuerunt.

70 1223 168 1282 Fures
190 1235 290 1282 autem
311 1225 366 1280 hoc
388 1225 553 1294 audientes,
572 1225 670 1280 ablata
692 1224 861 1293 restituunt,
880 1234 910 1282 et
931 1225 1050 1281 veniam
1071 1223 1224 1281 humiliter

67 1311 277 1384 implorantes,
299 1312 438 1368 decetero
460 1312 526 1368 eius
550 1312 674 1369 consilio
694 1313 874 1369 adherentes
899 1314 990 1370 vitam
1016 1312 1223 1369 emendarunt.
1239 1326 1270 1362 10

67 1400 242 1458 Asserunt⁴
266 1401 348 1456 enim
373 1399 507 1457 nonnulli
532 1417 639 1456 ceruos
664 1400 740 1468 illos,
762 1409 793 1456 et
817 1416 924 1456 omnes
946 1402 983 1457 de
1004 1399 1098 1472 stirpe
1118 1415 1223 1455 eorum

68 1489 265 1559 prodeuntes,
278 1488 309 1544 in
324 1487 410 1544 huius
423 1487 466 1544 rei
479 1487 655 1544 memoriam
668 1505 763 1560 vsque
782 1487 869 1544 hodie
885 1487 1054 1544 albedinem
1068 1486 1146 1543 circa
1159 1486 1224 1542 loca

67 1576 118 1631 vbi
131 1575 197 1632 lora
209 1575 370 1649 tetigerunt
382 1585 579 1648 apparentem
593 1575 782 1647 pretendere.
821 1575 887 1631 Hoc
901 1574 1002 1632 enim³
1015 1593 1070 1630 nec
1085 1589 1223 1630 asserere

68 1664 230 1732 contendo,
240 1681 296 1720 nec
309 1664 347 1720 de
360 1663 408 1719 dei
422 1662 553 1736 potentia
563 1662 702 1719 diffidens
715 1663 865 1735 abnegare
879 1679 1029 1735 presumo.
1096 1649 1222 1718 Factum

68 1761 115 1807 est
133 1759 237 1818 autem
253 1760 285 1809 vt
302 1751 382 1807 idem
402 1750 516 1807 domini
531 1767 640 1806 seruus
655 1767 739 1806 more
756 1750 843 1806 solito
861 1759 954 1806 staret
971 1749 1001 1806 in
1021 1749 1102 1805 sonte
1114 1748 1145 1805 in
1164 1766 1223 1821 quo
1239 1765 1269 1816 15

68 1839 178 1896 solitus
196 1847 261 1895 erat
279 1847 375 1894 totum
394 1856 433 1895 ex
449 1839 565 1911 integro
579 1837 752 1910 psalterium
770 1839 963 1910 persoluere:
985 1854 1075 1893 cerua
1093 1837 1223 1908 quedam

69 1943 125 1997 per
136 1943 297 1982 nemorum
314 1925 401 1982 deuia
418 1943 509 1982 canes
522 1925 717 1998 insequentes
734 1925 862 1998 fugiens,
875 1924 1080 1981 immoderatis
1097 1924 1134 1979 ad
1154 1940 1223 1979 eum

69 2014 196 2071 saltibus
208 2014 408 2083 accelerabat;
428 2031 520 2086 supra
534 2012 647 2070 fontem
658 2029 746 2068 secus
759 2015 854 2084 pedes
867 2012 922 2068 viri
935 2012 983 2068 dei
996 2027 1148 2079 corruens,
1162 2018 1223 2066 tam

69 2102 118 2158 diu
139 2110 289 2175 prostrata
308 2101 405 2168 iacuit,
427 2103 522 2158 donec
539 2099 663 2156 liberam
683 2101 753 2156 inde
772 2100 855 2156 abire
873 2099 967 2157 iussit.
1004 2099 1067 2155 Sed
1085 2109 1115 2154 et
1134 2114 1225 2154 canes

69 2190 156 2260 quasi
182 2205 301 2245 morsus
321 2189 369 2244 vel
391 2188 466 2245 ictus
487 2187 587 2244 afflicti
607 2189 741 2257 vulnere,
762 2196 842 2244 retro
862 2187 976 2260 passim
996 2203 1102 2242 omnes
1123 2185 1223 2258 sugam
1240 2203 1271 2239 ιο

69 2277 191 2334 dedere.
227 2275 361 2332 Venator
385 2293 458 2332 vero
482 2277 538 2331 hoc
562 2275 678 2343 videns,
702 2274 732 2330 in
758 2284 870 2330 terram
894 2283 1062 2347 prostratus
1088 2281 1224 2329 sanctum

71 2364 207 2422 adorauit
220 2364 359 2432 Neotum,
373 2372 402 2420 et
421 2379 531 2418 nouum
546 2363 700 2419 hominem
714 2362 844 2432 indutus,
858 2379 976 2419 sacrum
990 2362 1027 2418 ab
1042 2379 1078 2418 eo
1091 2359 1224 2416 habitum

70 2451 221 2524 suscepit;
246 2460 276 2508 et
295 2450 327 2507 in
344 2451 471 2508 ecclesia
489 2450 583 2508 saneti
605 2450 720 2506 Petroci
737 2450 803 2506 vice
822 2449 1032 2523 reliquiarum⁶
1047 2465 1140 2505 cornu
1159 2448 1225 2504 eius

71 2539 237 2612 repositum
251 2547 305 2596 est.
369 2527 463 2594 Venit
476 2537 635 2611 aliquando
648 2539 686 2594 ad
700 2539 798 2594 virum
811 2538 859 2594 dei
872 2538 964 2595 frater
977 2536 1070 2593 suus⁷
1083 2535 1225 2592 Alsredus

71 2645 124 2683 rex
137 2627 386 2694 westsaxonum,
399 2643 524 2698 corpore
543 2625 714 2683 humiliatus
732 2635 761 2682 et
780 2634 889 2694 mente,
902 2625 1140 2682 benedictionem
1160 2623 1226 2679 eius
1241 2640 1270 2689 ²5

71 2715 277 2788 expostulans.
315 2714 413 2784 Quem
438 2712 628 2783 benedicens,
651 2713 769 2770 edocuit
793 2723 823 2770 et
844 2714 973 2770 erudiuit
997 2729 1067 2769 eum
1093 2711 1225 2779 scientia,

71 2803 149 2859 viam
170 2801 328 2876 prudentie
346 2803 511 2859 ostendens
529 2801 589 2870 illi;
611 2818 722 2874 prauos
742 2801 807 2859 eius
825 2802 1010 2874 redarguens
1029 2809 1120 2869 actus,
1139 2799 1226 2856 iussit

71 2889 100 2945 in
114 2891 223 2948 melius
237 2890 388 2958 conuerti;
408 2898 438 2946 et
450 2897 532 2945 tanto
544 2889 687 2955 securius,
696 2899 806 2962 quanto
818 2889 1015 2962 propinquius
1028 2889 1066 2942 de
1080 2885 1226 2958 sanguine

72 2977 135 3035 eius
149 2987 271 3036 tractus.
344 2965 419 3034 Alio
442 2995 561 3049 quoque
583 2985 720 3049 tempore
740 2993 844 3048 regem
863 2978 994 3032 eundem
1015 2976 1053 3031 de
1070 2973 1225 3030 tirannidis

73 3063 271 3138 improbitate,
289 3066 327 3122 de
347 3066 478 3137 superba
498 3063 652 3135 regiminis
669 3064 843 3121 austeritate
862 3064 970 3120 acriter
989 3069 1111 3119 sanctus
1129 3061 1225 3118 incre·
1240 3075 1272 3123 ,ao

74 3154 155 3224 pauit
170 3153 293 3209 Neotus.
330 3153 513 3225 Apponebat
529 3152 556 3208 ei
575 3161 712 3209 sanctum
727 3151 833 3221 Dauid,
847 3169 936 3225 quem
953 3153 991 3208 ad
1006 3151 1171 3224 regendum
1187 3149 1225 3206 de

73 3251 139 3311 post
165 3240 312 3298 fetantes⁸
337 3240 477 3296 dominus
505 3249 669 3313 acceperat,
689 3257 792 3312 regem
818 3249 1008 3296 mansuetum
1031 3248 1060 3296 et
1085 3237 1225 3294 omnibus

75 3328 249 3386 humilitatis
267 3327 432 3400 exemplar,
448 3328 613 3384 humilitate
632 3328 760 3384 electum
780 3337 809 3384 et
829 3328 1044 3400 approbatum
1071 3325 1226 3382 asserebat

74 3425 102 3471 et
122 3417 248 3474 Saulem
268 3417 410 3488 superbia
429 3417 632 3490 reprobatum,
654 3416 705 3489 qui
727 3433 796 3471 cum
815 3415 958 3488 paruulus
980 3423 1061 3472 esset
1081 3415 1112 3470 in
1132 3413 1226 3470 oculis

74 3504 144 3574 suis,
172 3513 262 3576 caput
283 3505 460 3560 constitutus
481 3503 577 3560 suerat
597 3503 628 3559 in
653 3503 791 3560 tribubus
818 3503 919 3560 lsrael.
957 3502 1053 3572 ‘Quid
1077 3501 1225 3574 gloriaris,
1239 3511 1270 3562 ³5

76 3591 176 3664 inquit,
202 3593 233 3648 in
265 3591 389 3660 malicia,
415 3590 466 3663 qui
497 3601 606 3664 potens
631 3609 665 3648 es
689 3591 719 3647 in
750 3591 924 3663 iniquitate?
962 3590 1103 3646 Eleuatus
1127 3607 1161 3646 es
1186 3591 1224 3646 ad

76 3681 231 3745 modicum,
240 3689 270 3736 et
283 3696 343 3734 non
356 3679 521 3748 subsiste53
537 3688 567 3736 et
580 3679 656 3736 sicut
669 3679 856 3735 summitates
870 3678 1019 3751 spicarum
1032 3677 1197 3734 conteretis
1205 3677 1224 3735 ⁸.

76 3764 130 3823 Vbi
156 3777 203 3824 est
227 3767 362 3840 gloriatio
381 3771 451 3823 tua?
489 3767 554 3824 Etsi
576 3768 711 3822 nondum
732 3766 854 3822 exclusa
873 3775 926 3832 est,
946 3765 1223 3838 aliquandotamen

75 3856 257 3913 excludetur.
294 3856 365 3928 lpso
385 3855 466 3912 enim
487 3855 640 3927 regiminis
657 3853 836 3927 principatu,
849 3854 933 3910 cuius
949 3853 1029 3909 inani
1048 3851 1224 3924 glorIatione

76 3942 203 4016 teipsum
216 3944 392 4000 excedendo
404 3944 561 4015 superbis;
575 3942 606 3998 in
620 3942 757 4015 proximo
770 3941 946 4014 priuaberis.
983 3938 1223 4011 lrrumpentibus
1237 3957 1269 4006 40

77 4031 185 4104 quippe
205 4032 283 4088 intra
295 4031 449 4104 regionem
468 4031 556 4088 istam
574 4031 716 4098 barbaris,
733 4038 823 4101 atque
841 4028 890 4086 dei
902 4026 1102 4102 permissione
1120 4025 1222 4082 trium·

79 4117 244 4187 phantibus,
257 4119 308 4176 vix
328 4119 411 4175 solus
428 4119 571 4186 suadens,
584 4135 679 4190 vagus
697 4127 727 4174 et
746 4117 891 4190 profugus
907 4117 967 4173 eris
980 4130 1073 4187 super
1091 4123 1221 4170 terram:

108 4238 291 4304 ¹E.pisculos.
376 4240 431 4290 ²13.
444 4247 542 4290 nature.
627 4239 772 4290 ³E.enim.
860 4237 1056 4289 ⁴E.Ati”erunt.
1145 4235 1222 4286 ’vit

79 4311 168 4358 tamen.
199 4321 204 4330 ·
245 4305 301 4358 Τ..
316 4307 478 4368 reliquarum.
554 4303 794 4356 ⁷iratersuusom.
807 4304 894 4354 invit.
970 4301 1224 4365 ⁸T.postsetontes;

79 4369 106 4418 cf.
119 4371 157 4422 Pa
172 4389 210 4436 ῃ,
224 4389 262 4435 qo.
364 4373 374 4400 ⁹
391 4371 421 4422 E.
435 4379 594 4423 contereres.
