3036 4878
268 271 341 348 710
684 247 891 352 detumit
917 249 992 327 111.

266 453 380 524 nauigio
399 453 507 510 ueniret
528 452 556 508 io
572 451 799 508 insulam-alias
816 451 891 508 enim
909 469 967 508 non
986 461 1094 523 poterat
1111 451 1216 508 uenire.
1253 451 1367 522 Quibus
1385 450 1423 506 de
1505 445 1506 532 J

266 537 343 594 scala
363 536 535 604 exeumibus,
556 535 703 591 wilfridus
726 535 798 590 duas
819 535 952 601 manera.
972 535 1075 607 quibus
1096 553 1131 592 eo
1150 546 1281 606 tempore
1298 535 1340 591 uti
1357 553 1423 590 mos

266 632 335 686 erat
358 621 386 676 in
404 619 481 676 scafa
497 618 611 674 dimisit.
658 621 763 674 Beatus
780 628 875 674 autem
894 619 1058 688 Guthlacus,
1075 620 1144 675 dum
1163 619 1192 674 in
1210 619 1335 674 oratorio
1353 637 1422 674 con·

267 703 442 774 templationi
468 713 588 768 uacaret,
610 700 708 774 spiritu
728 712 827 758 sancto
850 711 1017 772 suggerente
1036 702 1175 772 cognouit,
1198 721 1217 757 a
1237 703 1334 758 cornis
1358 703 1422 756 illas

239 786 339 853 eduis
362 785 488 840 manicas
508 785 654 856 asportari.
699 786 826 855 Cumque
850 783 888 840 illi
912 784 969 840 duo
992 784 1044 840 uiri
1065 785 1170 842 Christi
1190 786 1327 840 famulum
1349 787 1421 841 salu·
1505 795 1506 798 ’

267 878 394 936 tasseut;
413 869 510 924 habita
523 869 596 924 iuter
610 885 659 924 eos
675 867 789 924 modica
806 867 956 924 collatione
974 869 1132 936 uerbomm,
1145 879 1259 924 sancitu
1271 868 1314 924 eis
1328 870 1422 926 Guth-

268 953 347 1008 lacus
365 952 546 1008 denuntiauit
568 953 640 1007 duos
661 968 761 1007 coruos
778 950 912 1008 detulisse
930 951 959 1006 in
977 952 1095 1022 predam
1113 953 1184 1008 duas
1202 953 1332 1008 manicas
1350 969 1421 1023 quas
1505 979 1506 986 κ

269 1037 298 1091 in
310 1035 405 1092 cimba
420 1035 592 1092 dimiserant.
629 1035 820 1104 Egrediuntur
837 1034 921 1104 igitur
936 1036 1021 1090 ambo
1037 1033 1067 1090 ut
1086 1035 1170 1090 huius
1184 1035 1223 1094 rei
1242 1037 1422 1106 experiantur

268 1129 402 1176 euentum
415 1137 422 1174 :
441 1119 592 1191 uidentque
599 1134 714 1174 coruum
723 1117 751 1172 in
761 1116 873 1188 fastigio
883 1117 1028 1174 cuiusdam
1041 1118 1142 1174 domus
1154 1136 1240 1174 vnam
1252 1118 1290 1174 de
1300 1119 1422 1174 manicis
1505 1153 1506 1164 κ

225 1215 257 1258 to
269 1212 412 1260 tenentem
437 1202 466 1258 in
494 1202 614 1274 pedibus
641 1211 788 1272 rostroque
812 1201 969 1258 uellentenu
1020 1203 1126 1257 Beatus
1148 1201 1234 1257 etiam
1261 1203 1422 1257 Gutblacus

269 1285 426 1356 egrediens,
438 1285 563 1356 precepit
581 1301 667 1340 coruo
682 1293 712 1338 ut
731 1282 885 1340 dimitteret
902 1283 1040 1339 manicam
1053 1302 1060 1339 t
1079 1301 1164 1355 quam
1176 1301 1276 1339 cornus
1288 1285 1367 1340 uelut
1378 1283 1421 1340 ssi

269 1369 400 1426 conscius
420 1368 553 1434 criminis,
574 1385 609 1422 ac
632 1377 740 1423 reatum
759 1383 880 1438 purgare
899 1367 1042 1434 festinans,
1068 1367 1185 1424 dimissa
1203 1367 1315 1423 manica
1339 1368 1423 1424 eitius

269 1451 401 1508 auolauit.
438 1452 533 1520 Quam
551 1467 615 1506 cum
634 1451 671 1506 ad
690 1467 720 1506 se
736 1449 881 1506 Willn'dus
893 1460 1006 1506 extenta
1018 1450 1096 1521 uirge
1108 1451 1269 1506 summitate
1282 1452 1422 1518 traxisset,

270 1533 403 1590 sollicitus
413 1535 449 1590 de
459 1533 620 1590 inuentione
632 1533 762 1590 alterius:
776 1543 889 1590 sanctus
898 1533 924 1590 ei
936 1535 1092 1590 Gutblacus
1102 1534 1193 1606 ipsam
1206 1535 1267 1590 sine
1279 1535 1423 1591 dilacione

227 1637 256 1690 ¹⁵
269 1618 414 1674 restituere
433 1617 588 1688 pollicetur.
626 1617 689 1673 Nec
710 1633 788 1672 mora
808 1616 898 1671 tribus
921 1617 988 1672 uiris
1005 1616 1231 1685 aduentantibus,
1248 1629 1363 1674 sanctus
1380 1617 1423 1673 eis

271 1700 428 1758 Guthlacus
449 1701 576 1756 occurrit.
621 1699 676 1769 Qui
697 1699 837 1754 manicam
856 1699 883 1754 ei
906 1701 1063 1771 optulerunt
1083 1700 1246 1757 inuentam:
1274 1719 1363 1772 quam
1380 1702 1424 1756 uir

270 1785 370 1840 beatus
390 1784 498 1854 accepit
519 1794 602 1855 atque
623 1781 762 1848 Wilfn'do,
784 1782 917 1838 celestem
937 1783 1087 1840 admiranti
1108 1783 1241 1854 graciam,
1260 1784 1423 1854 resignauit.

272 1869 418 1923 Hactenus
436 1867 555 1922 latuerat
573 1866 687 1921 lucerna
704 1875 801 1920 nostra
819 1866 872 1921 sub
884 1865 999 1921 modio:
1019 1867 1068 1921 sed
1081 1866 1186 1922 diutius
1200 1866 1353 1922 ‘abscondi
1366 1884 1423 1922 non

271 1960 363 2022 potest
384 1950 484 2006 ciuitas
505 1966 591 2021 supra
610 1959 735 2005 montem
752 1948 860 2018 posita?
874 1947 985 2020 iamque
1004 1949 1120 2006 uirtutes
1138 1949 1214 2005 beati
1232 1951 1376 2020 Guthlaci,
1389 1967 1424 2007 eo

228 2055 260 2092 ao
271 2033 336 2090 licet
349 2033 446 2104 inuito,
458 2033 535 2088 fama
547 2029 682 2090 celebrior
694 2031 866 2103 publicabat.

433 2219 598 2289 QUALITER
618 2228 833 2274 DEMONIACUH
852 2229 892 2272 m·
910 2227 1057 2273 mssttvrr
1075 2228 1264 2273 sartensttrr.

341 2335 397 2390 Rat
418 2345 513 2390 autem
532 2333 560 2389 in
579 2333 764 2390 Orientalium
783 2335 939 2404 Anglorum
958 2332 1059 2388 tinibus
1078 2332 1186 2388 iuuenis
1208 2333 1326 2404 quidam
1345 2336 1424 2391 Huc·

374 2419 469 2473 tredus
486 2417 609 2486 nomine,
625 2434 681 2472 non
700 2417 816 2472 minima
833 2417 1005 2487 ingenuitate
1022 2417 1193 2488 perspicuus.
1230 2418 1362 2487 Degebat
1379 2419 1424 2474 hic

273 2499 301 2556 io
320 2499 406 2554 domo
423 2509 570 2570 parentum
594 2517 716 2566 suorum,
736 2487 855 2572 quorum
873 2500 1034 2556 reuerencie
1055 2509 1084 2555 et
1105 2499 1239 2570 obsequio
1259 2501 1359 2556 filiales
1376 2519 1426 2572 per

272 2581 367 2638 omnia
379 2581 528 2637 exhibebat
547 2581 673 2637 affectus.
711 2583 796 2652 Quod
813 2581 913 2638 uidens
930 2594 960 2639 et
978 2582 1109 2637 inuideas
1123 2583 1234 2638 uirtutis
1252 2583 1385 2640 inimicus
1396 2597 1425 2640 et

229 2689 259 2740 ²5
273 2676 371 2722 auctor
393 2663 513 2730 malicie,
537 2663 658 2720 eundem
683 2666 835 2734 ingressus,
859 2665 933 2736 cepit
957 2681 1021 2721 eum
1050 2666 1078 2720 in
1108 2675 1217 2720 tantam
1247 2667 1426 2723 demenciam

273 2749 396 2806 excitare
416 2757 446 2802 ut
470 2745 552 2818 lignis
577 2757 605 2802 et
628 2747 770 2819 lapidibus
794 2748 920 2820 ferroque
941 2749 1070 2804 homines
1091 2758 1244 2819 appeteret.
1266 2766 1319 2805 sua
1339 2751 1424 2806 etiam

273 2834 400 2889 membra
418 2831 556 2900 unguibus
578 2840 605 2886 et
629 2831 763 2887 dentibus
786 2831 911 2886 laniaret.
958 2831 1045 2888 Cuius
1068 2832 1207 2887 insaniam
1230 2849 1296 2887 cum
1320 2835 1424 2889 uellent

274 2917 393 2972 uinculis
405 2915 544 2982 cohibere,
558 2914 603 2970 ille
620 2915 771 2985 bipennem
788 2915 912 2985 arripuit,
925 2923 1037 2985 tresque
1055 2915 1183 2970 homines
1200 2915 1247 2986 qui
1261 2934 1326 2972 eum
1339 2917 1426 2987 ligare

273 3001 421 3056 uoluerunt
437 2997 582 3053 interiecit.
620 2999 711 3052 Multa
723 3015 774 3068 pro
786 3015 820 3053 eo
834 3007 963 3068 parentes
976 2998 1004 3052 in
1023 2998 1149 3053 medicos
1161 2999 1363 3068 expenderant,
1375 3000 1426 3055 sed

230 3106 263 3158 30
274 3099 360 3154 opera
371 3081 546 3137 medicinalis
558 3079 688 3135 effectum
700 3097 756 3135 non
769 3081 876 3135 habuit.
913 3079 1163 3136 Circumduxerunt
1174 3097 1238 3136 eum
1255 3081 1293 3137 ad
1304 3083 1426 3153 plurium

275 3175 436 3221 sanctorum
466 3162 623 3232 memorias,
650 3163 700 3218 sed
730 3163 911 3233 perdiderunt
942 3164 1054 3220 labores
1078 3164 1185 3235 pariter
1216 3175 1246 3220 et
1275 3167 1425 3238 impensas

274 3249 429 3304 Audientes
453 3257 546 3302 autem
570 3246 682 3318 quantis
707 3247 902 3301 miraculorum
925 3246 1021 3314 titulis,
1046 3258 1151 3318 quante
1174 3247 1314 3318 opinionis
1338 3250 1426 3319 gloria

275 3332 366 3386 insula
378 3331 414 3386 de
428 3331 589 3386 Croilarrdia
604 3347 655 3400 per
672 3330 746 3385 beati
760 3329 892 3386 Guthlaci
904 3331 1004 3385 merita
1022 3329 1158 3386 celebris¹
1177 3332 1343 3388 baberetur:
1363 3335 1426 3389 illuc

274 3413 397 3481 ueniunt,
411 3413 594 3484 iuuenemque
606 3413 723 3484 ligatum
739 3410 853 3468 funibus
869 3413 1042 3480 inducentes,
1055 3415 1138 3470 beato
1157 3415 1298 3470 Guthlaco
1310 3432 1425 3472 causam

178 3557 192 3566 ,Δ
231 3517 262 3570 35
277 3495 318 3552 sui
337 3497 484 3563 aduentus,
497 3507 526 3552 et
544 3496 618 3551 illius
636 3489 754 3552 infelicis
772 3495 899 3552 miserias
919 3513 1040 3568 suosque
1057 3497 1169 3553 labores
1186 3511 1339 3569 exponunt.
1375 3499 1424 3556 Eis

276 3579 359 3650 igitur
371 3579 470 3634 beatus
483 3581 638 3635 Guthlacus
649 3580 880 3635 condescendens
892 3579 940 3650 pio
952 3580 1156 3651 compassionis
1167 3581 1279 3649 affectu,
1291 3581 1427 3639 furiosum

276 3663 347 3719 solui
363 3663 494 3734 precepit,
507 3663 623 3734 eiusque
641 3679 757 3718 manum
776 3662 925 3733 accipiens,
938 3663 1030 3734 ipsum
1048 3663 1077 3718 in
1095 3663 1247 3719 oratorium
1265 3664 1425 3722 introduxit

278 3746 322 3803 lbi
345 3746 493 3802 effundens
517 3745 642 3802 animam
666 3763 745 3801 suam
769 3745 848 3817 quasi
874 3763 977 3817 aquam
1001 3745 1031 3801 in
1052 3757 1205 3818 conspectu
1226 3747 1343 3814 domini,
1363 3766 1425 3804 cum

276 3829 365 3886 multo
376 3831 481 3900 gemitu
498 3829 641 3901 multoque
660 3828 794 3900 profluuio
806 3827 993 3898 lacrimarum,
1005 3828 1077 3884 iuter
1090 3831 1228 3886 archanas
1240 3831 1424 3898 iubilationes,

231 3941 265 3993 40
277 3913 350 3970 iuter
361 3913 464 3984 ignitas
482 3912 720 3984 compunctiones,
733 3911 805 3967 inter
821 3914 926 3967 deuota
944 3910 1070 3983 suspiria,
1084 3911 1157 3968 inter
1174 3915 1314 3985 quasdam
1332 3915 1425 3972 diuine

278 3995 425 4052 suauitatis
436 3996 623 4067 experiencias
636 3995 737 4068 quibus
755 3995 785 4050 io
797 3995 854 4051 suis
866 3995 1040 4051 orationibus
1050 3997 1201 4064 fruebatur,
1214 3997 1243 4052 in
1254 4008 1316 4052 tota
1327 3997 1424 4054 uirtute

277 4079 415 4135 humiliati
435 4079 549 4150 spiritus
570 4081 704 4135 celestem
724 4078 848 4149 graciam
870 4095 954 4150 super
977 4078 1118 4135 infirmum
1143 4079 1243 4150 iugiter
1259 4079 1422 4152 implorauit,

277 4162 456 4234 triduumque
475 4162 642 4220 continuans
660 4163 688 4218 io
708 4161 811 4231 ieiunio
829 4171 858 4218 et
875 4161 1009 4231 oratione,
1022 4175 1050 4220 et
1067 4174 1195 4236 egrotum
1213 4180 1288 4236 aqua
1303 4163 1422 4220 sanctifi·

756 4290 767 4324 ¹
783 4289 838 4343 MS.
851 4289 943 4343 aute
