3054 4904
413 309 489 406 De
512 307 675 401 &mitto
701 310 876 413 aarum
1150 337 1220 412 177

67 509 247 584 episcopum
266 511 375 570 sectum
392 515 479 572 esse¹
495 513 652 572 referrent.
689 513 744 571 Cui
763 514 937 588 suggerenti
956 515 1080 571 multam
1094 515 1216 590 quidem

68 597 126 653 sibi
140 615 276 658 messem
288 601 383 672 esse',
397 603 451 660 sed
464 603 618 676 operarios
634 619 754 674 paucos,
767 602 847 660 misit
863 603 944 660 idem
958 602 1121 676 Gregorius
1140 621 1218 678 papa

67 703 137 741 curn
155 687 281 760 prelatis
299 689 449 763 legatariis
465 691 568 764 piures
583 699 793 763 cooperatores
806 707 840 746 ac
852 690 936 748 verbi
949 691 997 747 dei
1011 691 1173 761 ministros,
1187 692 1218 748 in

67 773 180 844 quibus
192 776 281 849 primi
294 787 324 834 et
336 777 469 851 precipui
482 787 568 834 erant
583 776 723 846 Mellitus,
737 776 845 847 iustus,
859 778 1010 848 Paulinus,
1021 779 1217 850 Rufinianus;

68 869 97 916 et
114 877 174 934 per
187 881 240 920 eos
255 883 314 938 que
330 866 368 922 ad
381 867 493 923 cultum
507 865 633 923 ecclesie
650 873 735 922 erant
753 865 931 936 necessaria,
944 875 1115 922 sanctorum
1128 867 1217 925 etiam
1233 879 1248 930 5

67 951 276 1021 apostolorum
301 971 335 1010 ac
360 953 514 1010 martirum
540 953 688 1027 reliquias,
714 970 831 1010 necnon
857 961 887 1010 et
917 954 1034 1010 codices
1065 954 1219 1027 plurimos.

66 1035 200 1096 Tantum
218 1042 299 1097 enim
318 1058 374 1114 pro
392 1051 483 1113 gente
495 1041 665 1114 Angiorum
684 1040 828 1097 sollicitus
846 1050 910 1096 erat
928 1041 1034 1098 beatus
1047 1041 1219 1114 Gregorius,

66 1133 98 1180 vt
115 1126 207 1182 beato
221 1127 341 1199 Melino,
354 1128 414 1185 iam
430 1129 549 1201 longius
567 1127 710 1201 proiecto,
723 1129 867 1184 scriberet
881 1128 1021 1201 quatinus
1038 1129 1231 1188 reuerentia-1

67 1212 146 1269 simo
167 1215 337 1288 Augustino
358 1216 513 1274 nunciaret
530 1216 657 1290 qualiter
678 1215 756 1272 idola
778 1217 1011 1284 destruerentur,
1031 1215 1099 1272 iana
1118 1217 1148 1272 in
1170 1235 1219 1274 ec-

67 1299 180 1359 clesias
194 1312 388 1374 mutarentur,
396 1305 499 1360 altaria
509 1312 761 1372 construerentur,
770 1303 915 1360 sacrificia
922 1303 970 1360 vel
980 1303 1116 1360 conuiuia
1128 1304 1159 1360 in
1169 1306 1219 1363 dei
1235 1317 1265 1354 10

67 1389 158 1446 laude
179 1399 210 1446 et
232 1392 353 1449 nomine
377 1402 547 1465 agerentur.
619 1379 716 1448 Anno
740 1400 840 1447 autern
862 1391 975 1447 domini
1000 1392 1219 1449 sexcentesimo

67 1487 187 1548 quarto,
209 1479 314 1536 beatus
334 1479 521 1553 Augustinus
546 1479 693 1536 ordinauit
718 1480 793 1535 duos
817 1479 995 1551 episcopos:
1022 1479 1169 1536 Mellitum
1189 1488 1220 1537 et

69 1564 199 1622 lustum.
233 1565 378 1624 Meiiitnm
391 1569 428 1624 ad
441 1567 657 1641 predicandum
670 1565 826 1639 prouincie
839 1565 1036 1624 Orientalium
1054 1567 1219 1638 Saxonum,

68 1654 119 1725 qui
132 1653 309 1711 Thamense
322 1655 413 1711 iluuio
429 1655 610 1711 dirimuntur
626 1653 773 1722 aCancia,
787 1662 816 1710 et
833 1653 890 1726 ipsi
908 1655 1043 1710 orientali
1060 1655 1134 1711 man'
1151 1673 1220 1712 con-

68 1741 151 1813 tigui,
171 1759 300 1814 quorum
320 1743 495 1815 metropolis
515 1741 669 1798 Londonia
687 1741 792 1798 ciuitas
813 1750 867 1809 est,
887 1758 979 1814 super
998 1742 1093 1814 ripam
1112 1743 1221 1816 prefati
1235 1754 1264 1806 15

68 1828 206 1884 iiuminis
225 1830 338 1902 posita;
358 1831 389 1886 in
406 1847 465 1903 qua
482 1838 572 1903 gente
588 1839 659 1886 tunc
678 1829 823 1902 temporis
841 1828 993 1898 Sabertus‚
1007 1845 1103 1902 nepos
1118 1830 1221 1887 Ethel-

68 1916 148 1972 berti
162 1917 244 1989 regis
258 1935 297 1973 ex
306 1935 409 1974 sorore
419 1917 533 1986 Ricula,
544 1919 600 1974 sub
610 1917 746 1974 eiusdem
758 1916 923 1973 Etheiberti
937 1926 1085 1989 potestate
1095 1918 1220 1990 positus,

68 2005 224 2076 regnabat.
260 2004 318 2061 Vbi
331 2023 403 2062 vero
415 2015 446 2061 et
458 2006 514 2062 hec
527 2005 680 2077 prouincia
692 2021 760 2061 cum
772 2005 839 2077 ipso
854 2021 926 2077 rege
939 2005 1064 2061 verbum
1076 2005 1220 2076 veritatis,

69 2093 250 2163 predicante
274 2093 360 2150 beato
386 2093 509 2161 Mellito,
528 2092 652 2164 accepit,
671 2092 739 2149 fecit
764 2109 818 2149 rex
839 2091 1030 2149 Etheibertus
1052 2091 1082 2148 in
1102 2093 1221 2150 ciuitate

70 2179 232 2236 Londonie
248 2181 405 2238 ecclesiam
423 2180 517 2237 sancti
531 2179 614 2236 Pauli
631 2180 767 2252 apostoli,
779 2179 809 2236 in
823 2197 882 2252 qua
899 2179 996 2236 iocum
1010 2181 1091 2236 sedis
1104 2181 1220 2252 episco·
1236 2196 1268 2232 πο

68 2267 150 2338 palis
163 2276 194 2323 et
210 2267 276 2340 ipse
289 2277 409 2326 sanctus
424 2267 554 2325 Mellitos
570 2277 599 2324 et
616 2283 807 2326 successores
821 2268 972 2324 haberent
1010 2267 1135 2324 Beatum
1147 2285 1221 2325 vero

71 2354 190 2410 Iustum
209 2355 238 2411 in
258 2356 324 2429 ipsa
343 2356 452 2413 Cancia
470 2356 501 2411 in
521 2355 639 2412 ciuitate
661 2355 783 2411 roffensi
802 2354 976 2429 episcopum
995 2356 1143 2412 ordinauit
1151 2355 1170 2426 ⁸,
1189 2355 1221 2412 in

70 2459 131 2514 qua
144 2459 201 2499 rex
215 2442 409 2500 Etbeibertus
421 2444 500 2500 beati
512 2445 637 2500 Andree
649 2443 775 2516 apostoli
789 2442 947 2500 ecclesiam
961 2443 1037 2500 iecit.
1115 2432 1221 2518 Quam

69 2547 144 2586 vero
154 2530 281 2588 dilectus
294 2532 351 2587 deo
361 2540 390 2588 et
403 2531 544 2604 supernis
556 2531 671 2588 ciuibus
682 2531 815 2588 Meiiitus
828 2529 967 2600 extiterit,
976 2532 1065 2588 etiarn
1078 2531 1109 2588 in
1122 2531 1222 2589 inclita

70 2618 201 2675 ecclesia
213 2635 272 2691 que
289 2619 346 2675 sub
357 2621 432 2676 vrbe
447 2619 602 2675 Londonia
613 2619 651 2674 ab
663 2619 816 2676 occidente
829 2635 884 2675 sua
896 2619 1002 2675 attollit
1013 2619 1129 2692 fastigia
1142 2629 1171 2676 et
1183 2621 1221 2676 ab
1236 2633 1267 2685 25

73 2707 142 2778 ipsa
162 2706 251 2780 plaga
263 2706 568 2764 westmonasterium
587 2715 635 2764 est
650 2707 809 2780 appellata,
822 2706 964 2763 diuinitus
982 2707 1124 2776 clarescit,
1137 2707 1221 2764 cuius

70 2794 270 2852 dedicationis
287 2794 417 2850 officium
430 2811 485 2850 suo
498 2794 604 2850 honori
617 2796 769 2851 decretum
782 2811 838 2866 per
851 2811 883 2850 se
897 2794 1087 2851 beatissimus
1103 2804 1222 2867 aposto

69 2883 171 2938 iorum
190 2882 333 2955 princeps
349 2882 456 2938 Petrus
474 2899 529 2954 pro
548 2882 614 2955 ipso
628 2881 741 2938 Meilito
757 2881 899 2954 expleuit,
912 2883 987 2938 sicut
1006 2899 1097 2954 supra
1115 2885 1145 2938 in
1161 2884 1222 2939 vita

69 2969 170 3026 sancti
196 2969 337 3026 Edwardi
361 2970 529 3042 legentibus
553 2987 699 3042 expresse
723 2970 896 3026 declaratur.
980 2957 1095 3026 Beatus
1122 2979 1222 3026 autern

70 3057 208 3114 Mellitos
221 3057 382 3131 episcopus
394 3058 424 3113 in
437 3057 591 3130 prouincia
604 3057 801 3114 Orientalium
816 3057 971 3113 Saxonum
983 3057 1063 3129 cepit
1075 3057 1222 3114 instanter
1235 3073 1269 3122 30

69 3145 263 3217 euangelium
277 3145 429 3218 [Christi]⁴
441 3145 605 3219 predicare,
616 3145 776 3211 exhortari,
789 3146 897 3200 docere
909 3153 939 3200 et
952 3145 1102 3217 baptizare
1114 3161 1221 3202 omnes

69 3233 120 3304 qui
129 3231 288 3289 inChn'sto
296 3232 468 3305 regenerari
476 3233 777 3302 vellent3secundum
787 3231 918 3288 instituta
926 3233 1086 3304 apostolica
1095 3233 1221 3290 ecclesie

70 3323 229 3377 ministros
241 3320 403 3393 deputauit,
412 3329 441 3376 et
452 3319 484 3377 in
496 3320 624 3393 puritate
631 3321 692 3376 vite
704 3319 819 3376 seruire
829 3321 886 3376 deo
898 3321 1022 3376 edocuit.
1097 3308 1223 3377 Beatis⁶

70 3419 175 3466 autem
188 3408 309 3481 regibus
322 3408 496 3465 Etheiberto
508 3417 538 3464 et
551 3408 679 3465 Saberto
695 3409 733 3464 ad
747 3408 844 3464 celurn
859 3407 1018 3478 translatis,
1033 3425 1222 3466 successores

70 3498 122 3553 iiiii
145 3497 352 3553 intermissam
372 3496 549 3570 ydolatriam
568 3505 736 3553 restaurare
755 3495 918 3568 elegerunt,
936 3504 965 3552 et
987 3513 1005 3551 a
1024 3513 1079 3552 suo
1097 3506 1267 3569 parentets

69 3587 301 3660 degenerantes,
326 3585 402 3640 dolis
426 3593 456 3642 et
483 3583 599 3641 insidiis
623 3594 758 3640 sanctum
783 3583 958 3656 episcopum
984 3583 1130 3641 Meliitum
1159 3586 1222 3642 suis

69 3673 185 3730 tinibus
210 3672 410 3728 exterminare
431 3671 565 3744 aggressi
587 3679 665 3728 sunt.
704 3671 781 3728 Nam
804 3689 872 3728 cum
893 3671 1030 3729 viderent
1050 3673 1223 3746 pontificem

68 3762 174 3818 diuina
198 3759 332 3817 misteria
356 3761 387 3816 in
409 3759 535 3816 ecclesia
557 3760 709 3817 celebrare
731 3770 761 3816 et
782 3759 991 3816 eucharistiam
1012 3760 1122 3834 populo
1142 3761 1222 3830 dare,

68 3851 210 3907 dicebant
223 3849 360 3905 adeum:
381 3847 499 3917 ‘Quare
511 3865 571 3904 non
584 3857 614 3904 et
626 3847 712 3904 nobis
725 3847 854 3920 porrigis
867 3865 976 3920 panem
989 3849 1124 3915 nitidum,
1132 3865 1222 3920 quem

69 3937 144 4010 [et]⁴
157 3937 238 4010 patri
251 3945 354 3992 nostro
366 3935 447 3993 Saba
456 3937 550 3993 ⁹-sic'
560 3953 689 4008 namque
709 3951 779 3992 eum
797 3936 950 4009 appellare
968 3945 1222 3992 consueuerant-
1235 3949 1268 4000 4ο

69 4027 221 4093 ‘dabas,et
231 4025 344 4098 populo
353 4025 451 4080 adbuc
461 4025 533 4081 dare
544 4041 603 4081 non
613 4024 769 4081 desistisi’
792 4023 908 4094 Quibus
918 4031 1039 4081 sanctus
1049 4023 1221 4095 respondit:

68 4113 117 4170 ‘Si
130 4113 224 4170 vultis
236 4111 316 4168 ablui
328 4112 410 4169 fonte
422 4112 472 4168 ilio
485 4111 607 4170 salutari
619 4129 678 4186 quo
690 4121 776 4186 pater
787 4120 888 4168 vester
899 4111 1017 4168 ablutus
1029 4119 1084 4180 est,
1097 4112 1223 4183 potestis

100 4312 158 4362 ιΕ.
171 4311 342 4362 οεκίεοωω.
453 4309 710 4363 ¹E.essemessem.
820 4310 876 4360 ³T.
889 4310 918 4360 E.
930 4311 1069 4373 episcopus
1081 4311 1223 4360 ordinatur.

67 4379 144 4427 'om
158 4379 185 4426 in
198 4377 228 4428 E.
293 4377 351 4428 ¹E.
364 4377 467 4428 Beatus

105 4489 172 4529 vui.
187 4489 218 4530 11.
637 4488 657 4530 N
