3012 4898
273 329 346 417 284
585 325 717 412 motta
740 320 932 425 tarmus
956 319 1108 424 numu.

271 523 431 582 dixerunt:
449 523 554 582 ‘Vnde
567 523 641 581 estis
653 541 708 581 vos
717 525 742 580 ἲ·
779 521 926 580 Patricius
939 522 1110 595 respondit:
1130 520 1259 578 ‘Melius
1271 519 1337 578 en‘t
1348 519 1442 577 vobis

270 613 329 668 deo
350 622 453 670 nostro
475 613 609 680 credere,
628 629 719 683 quam
741 612 779 669 de
798 628 912 683 genere
930 621 1032 667 nostro
1053 611 1255 682 interrogarer
1296 609 1340 665 Et
1366 609 1440 664 ille:

271 699 362 770 ‘Quis
375 709 422 757 est
434 700 509 756 deus
520 701 644 756 vester?
661 709 691 756 et
704 699 753 756 vbi
764 707 811 755 est
824 699 1025 754 habitaculum
1037 697 1111 764 eius,
1123 698 1155 754 in
1167 699 1232 754 celo
1245 715 1285 754 an
1300 697 1335 753 in
1351 707 1440 754 terra

270 803 310 844 an
322 787 353 843 in
367 789 461 844 marii
479 786 505 844 si
518 788 608 844 habet
625 786 703 843 lilios
720 795 750 842 et
767 785 844 842 filias
861 785 1048 858 pulchriores
1064 785 1235 842 hominibus
1253 785 1394 841 mundi?
1412 783 1439 838 si

243 893 258 946 5
270 873 343 931 vluit
356 891 479 949 semper
490 876 566 932 deus
578 879 697 932 vester?
716 873 742 930 si
755 874 845 931 habet
857 891 964 930 aurum
976 883 1007 930 et
1019 875 1211 946 argentumi'
1251 872 1439 945 Respondit

272 961 435 1019 Patricius:
456 961 557 1018 ‘Deus
570 971 674 1018 noster
683 962 759 1018 deus
769 961 903 1018 omnium
913 961 1088 1030 hominum;
1101 963 1177 1018 deus
1189 961 1245 1018 celi
1259 969 1291 1018 et
1303 969 1397 1018 terre
1407 971 1439 1016 et

271 1049 371 1119 maris,
385 1059 415 1107 et
427 1049 561 1106 omnium
574 1067 632 1122 que
645 1049 676 1104 in
690 1049 735 1106 eis
747 1057 837 1120 sunt;
857 1050 932 1106 deus
945 1049 1027 1116 solis,
1040 1048 1111 1106 lune
1124 1059 1154 1105 et
1166 1048 1336 1119 stellarum,
1352 1049 1438 1105 deus

271 1153 365 1210 super
375 1137 456 1194 celos
469 1147 499 1194 et
512 1137 543 1194 in
556 1138 622 1194 celo
634 1145 665 1194 et
681 1137 737 1193 sub
751 1137 833 1193 celo:
854 1145 883 1194 et
900 1136 989 1194 habet
1006 1137 1099 1194 filium
1112 1135 1303 1193 consimilem
1321 1136 1386 1193 sibi
1405 1149 1437 1192 et

271 1234 453 1282 coeternum.
489 1223 566 1280 Volo
578 1242 652 1297 ergo
665 1225 848 1297 coniungere
860 1241 915 1281 vos
931 1225 972 1280 illi
989 1225 1052 1298 regi
1065 1224 1177 1292 celesti,
1190 1241 1261 1281 cum
1274 1223 1337 1281 filie
1352 1225 1436 1280 estis

227 1329 258 1368 io
271 1313 352 1384 regis
363 1312 494 1369 terreni!
530 1311 616 1369 Tunc
630 1313 803 1386 predicante
816 1311 860 1368 eis
875 1311 1009 1380 Patricio,
1019 1312 1219 1378 crediderunt,
1229 1321 1259 1368 et
1273 1311 1435 1385 baptizate

271 1407 360 1456 sunt:
379 1408 410 1456 et
422 1399 648 1471 postulauerunt
660 1399 764 1456 videre
776 1398 882 1456 faciem
895 1399 1016 1457 Christi.
1054 1399 1091 1457 Et
1104 1400 1179 1456 dixit
1196 1399 1241 1456 eis
1256 1399 1433 1456 Patricius:

271 1485 352 1543 ‘Nisi
370 1497 499 1544 mortem
515 1487 716 1560 gustaueritis,
730 1503 790 1544 non
804 1487 929 1560 potestis
941 1488 1044 1545 videre
1060 1486 1166 1544 faciem
1179 1485 1300 1554 Christi,
1314 1497 1348 1543 et
1367 1486 1433 1543 nisi

270 1573 451 1630 sacrificium
469 1574 637 1647 accipiatis!
675 1574 713 1630 Et
731 1574 970 1647 responderunt:
992 1575 1054 1631 ‘Da
1074 1577 1160 1632 nobis
1182 1574 1378 1640 sacrificium,
1399 1585 1433 1630 vt

269 1661 426 1718 videamus
438 1661 531 1718 filium
544 1661 594 1718 dei
610 1679 757 1734 sponsum
774 1664 927 1719 nostrum!
964 1661 1050 1720 Tunc
1066 1661 1248 1734 accipientes
1266 1663 1432 1719 eucharis-

228 1767 256 1818 ¹5
270 1749 351 1818 tiam,
365 1759 482 1806 mortue
495 1758 573 1806 sunt.
612 1748 650 1805 Et
662 1759 812 1807 venerunt
830 1751 889 1806 duo
909 1753 988 1822 magi
1005 1750 1047 1806 illi
1064 1749 1114 1822 qui
1132 1751 1299 1806 nutrierant
1313 1767 1383 1820 eas,
1398 1758 1432 1806 et

270 1845 374 1892 sancto
388 1835 515 1892 Patricio
527 1837 620 1892 verba
632 1837 707 1892 dura
719 1836 831 1909 loquuti
849 1847 935 1894 sunt:
957 1837 1012 1894 sed
1031 1837 1205 1910 predicante
1223 1854 1260 1892 eo
1278 1837 1431 1909 baptizati

270 1934 348 1980 sunt.
423 1911 498 1981 Post
512 1924 567 1980 hec
585 1923 706 1982 intrauit
720 1924 866 1982 Patricius
884 1926 922 1981 ad
939 1941 1081 1998 magnum
1096 1924 1272 1981 concilium¹
1284 1927 1430 1996 gentium

269 2010 397 2080 illarum,
426 2011 475 2068 vbi
501 2021 587 2068 erant
611 2023 728 2084 septem
753 2011 805 2068 filii
830 2012 985 2086 Amolgith
1010 2030 1078 2069 cum
1107 2029 1162 2069 suo
1186 2013 1331 2068 exercitu.
1389 2013 1429 2069 Et

270 2101 401 2155 surrexit
425 2100 548 2172 quidam
573 2115 688 2172 magus,
712 2109 745 2156 vt
770 2109 906 2156 sanctum
931 2099 981 2157 dei
1005 2100 1173 2158 occideret:
1202 2099 1429 2173 descenditque

226 2211 257 2248 ,ο
270 2184 348 2258 ignis
360 2187 398 2244 de
411 2186 475 2243 celo
488 2195 519 2243 et
534 2187 617 2244 illum
631 2204 752 2260 magum
765 2205 867 2244 coram
879 2188 1019 2244 omnibus
1035 2187 1229 2260 consumpsit.
1267 2185 1305 2242 Et
1320 2186 1358 2243 in
1375 2189 1429 2244 illa

269 2273 318 2330 die
331 2283 448 2346 septem
463 2273 504 2329 illi
516 2291 584 2330 cum
595 2275 753 2332 duodecim
766 2275 886 2332 milibus
899 2275 1054 2332 hominum
1064 2277 1222 2332 credentes
1235 2274 1428 2346 baptismum

269 2369 476 2434 susceperunt.
546 2351 621 2418 Alio
639 2379 759 2436 quoque
779 2363 827 2420 die
842 2363 925 2420 venit
942 2363 1065 2435 quidam
1084 2379 1190 2436 magus
1204 2370 1236 2418 vt
1256 2361 1427 2420 Patricium

269 2447 432 2520 iugularet:
452 2458 483 2506 et
500 2449 641 2522 aperiens
653 2458 732 2506 terra
745 2465 779 2506 os
797 2467 895 2520 suum,
908 2451 1062 2507 deuorauit
1079 2451 1171 2507 illum.
1209 2450 1296 2519 Quod
1308 2448 1427 2508 videns

269 2533 362 2591 frater
386 2535 463 2592 illius
486 2535 570 2593 veuit
593 2545 625 2592 vt
650 2537 800 2594 occideret
825 2547 981 2595 sanctum:
1012 2547 1043 2595 et
1067 2539 1150 2594 illum
1175 2537 1312 2594 similiter
1336 2547 1427 2596 terra

226 2651 255 2701 ²5
270 2623 426 2695 deglutiuit
435 2641 530 2696 vsque
543 2624 582 2680 ad
593 2641 692 2682 aures.
730 2625 768 2682 Et
778 2625 951 2682 exclamans
963 2625 1012 2682 ille
1024 2625 1161 2698 promisit
1171 2623 1405 2683 secrediturum
1417 2646 1425 2684 :

269 2710 430 2783 statimque
443 2727 562 2768 sursum
576 2711 712 2769 eleustus
724 2721 779 2782 est,
790 2723 819 2770 et
832 2713 959 2770 credens
969 2713 1143 2786 baptizatur.
1220 2699 1301 2772 Cum
1315 2723 1426 2773 autem

269 2807 390 2855 sanctus
401 2797 546 2856 Patricius
555 2799 670 2856 videret
679 2800 829 2872 quandam
842 2800 954 2857 fossam
964 2809 1044 2858 terre
1053 2801 1221 2870 rotundam,
1228 2800 1279 2856 vbi
1286 2803 1424 2873 quedam

268 2885 377 2943 mulier
397 2887 515 2958 sepulta
539 2896 612 2956 erat,
633 2885 699 2943 lusa
723 2889 761 2944 ad
786 2889 876 2945 deum
901 2905 991 2961 prece
1015 2888 1170 2945 suscitauit
1193 2904 1269 2946 eam.
1341 2878 1425 2948 Atia

268 2989 387 3046 quoque
400 2974 449 3031 die
457 2975 564 3030 mulier
577 2975 706 3048 quedam
717 2984 841 3042 mortua,
850 2975 881 3031 in
891 2984 977 3032 vtero
989 2975 1083 3032 filium
1097 2974 1220 3043 habeus,
1229 2977 1359 3032 adducta
1373 2989 1424 3035 est

223 3079 255 3130 30
268 3070 338 3118 ante
350 3077 437 3120 eum:
457 3071 487 3118 et
500 3061 675 3118 resuscitata
687 3061 745 3130 illa,
758 3062 919 3136 baptizauit
934 3063 1027 3120 lilium
1040 3064 1116 3120 eius.
1190 3051 1229 3120 ln
1242 3063 1423 3136 regionibus

267 3147 326 3205 illis
339 3157 408 3206 sunt
421 3148 545 3205 flumina
557 3150 625 3218 duo,
644 3151 697 3206 sed
710 3167 788 3206 vnus
808 3149 916 3208 fluuius
929 3150 1149 3208 multitudinem
1166 3151 1267 3207 habuit
1279 3151 1423 3223 piscium,

268 3235 343 3292 alter
354 3236 420 3293 sine
432 3235 564 3310 piscibus
581 3235 691 3294 sterilis
709 3237 770 3294 suit
807 3238 883 3295 Cum
900 3247 1000 3294 autem
1018 3237 1183 3310 piscatores
1198 3238 1298 3310 pisces
1315 3251 1422 3311 postu-

268 3322 340 3380 lanti
355 3323 480 3381 Patricio
493 3325 702 3397 denegassent,
715 3343 754 3382 ex
772 3324 821 3382 illa
833 3325 883 3382 die
901 3325 932 3381 ih
951 3333 1089 3383 eternum
1106 3327 1206 3398 pisces
1223 3339 1421 3384 recesserunt

267 3413 306 3467 ab
327 3410 377 3467 illo
398 3410 499 3484 fluuio,
520 3419 550 3469 et
571 3412 602 3469 in
625 3411 749 3468 lluuium
772 3413 822 3485 qui
847 3413 947 3486 pisces
972 3430 1032 3468 non
1058 3413 1160 3470 habuit
1183 3413 1422 3473 descenderunt.

222 3513 253 3567 35
266 3485 456 3571 ’Postquam
468 3509 568 3556 autem
582 3501 692 3557 multas
706 3499 853 3558 Hibernis
866 3501 1035 3574 prouincias
1049 3499 1194 3558 Patricius
1206 3504 1420 3574 conuenisset,

267 3585 421 3644 redierunt
438 3603 507 3644 cum
527 3604 563 3642 eo
581 3587 806 3660 quatuordecim
826 3588 908 3645 milia
926 3588 1081 3644 hominum
1097 3605 1193 3661 vsque
1210 3588 1247 3644 ad
1267 3589 1369 3646 locum
1387 3591 1419 3649 iu

268 3692 327 3748 quo
349 3673 492 3731 habitauit
511 3674 604 3731 Trian
627 3675 805 3748 peregrinus
827 3675 986 3749 episcopus
1008 3678 1047 3733 de
1066 3675 1228 3733 Romanis:
1254 3678 1307 3749 qui
1326 3696 1419 3736 vnam

267 3761 383 3820 habens
394 3779 524 3832 vaccam,
537 3762 643 3820 occidit
662 3761 744 3820 illam
763 3779 830 3820 cum
843 3763 934 3820 vitulo
953 3781 1008 3820 suo
1023 3781 1079 3836 pro
1093 3781 1169 3822 cena
1186 3764 1283 3820 sancti
1297 3764 1418 3824 Pauicii

266 3859 296 3908 et
315 3849 483 3920 exercitus3
501 3859 710 3923 veneruntque
726 3852 785 3908 duo
803 3851 885 3909 cerui
903 3853 942 3909 de
958 3853 1044 3921 silua,
1063 3861 1094 3908 et
1110 3853 1169 3908 duo
1186 3852 1269 3924 apri:
1289 3864 1321 3910 et
1343 3854 1418 3927 ipsis

219 3955 254 4008 4⁰
267 3937 405 3995 similiter
425 3937 540 4007 occisis,
563 3938 707 3995 saturauit
729 3937 875 3996 Patricius
895 3939 1119 4014 quatuordecim
1144 3939 1224 3996 milia
1248 3939 1417 4012 hominum,

266 4025 442 4098 fragmentis
459 4024 562 4082 multis
580 4024 699 4082 relictis.
738 4025 876 4084 Crastina
894 4037 994 4084 autem
1013 4027 1062 4084 die
1079 4043 1170 4084 vacca
1187 4043 1256 4084 cum
1274 4028 1370 4086 vitulo
1388 4031 1417 4086 in

266 4129 338 4186 agro
351 4129 425 4170 sana
437 4122 557 4186 reperta
567 4121 622 4170 est.
696 4101 734 4171 ln
744 4114 795 4170 illo
805 4114 886 4172 enim
900 4115 963 4172 loco
972 4113 1126 4172 suscitauit
1139 4122 1261 4172 sanctus
1272 4117 1417 4175 Patricius

264 4201 363 4258 virum
388 4201 540 4276 quendam
565 4201 687 4258 nomine
714 4202 787 4259 Fotu
811 4211 880 4275 post
904 4204 1010 4260 decem
1039 4219 1136 4260 annos
1165 4202 1323 4275 sepulture
1355 4223 1416 4275 sue,

265 4298 443 4363 ceterosque
466 4289 572 4346 decem
596 4298 626 4346 et
650 4299 716 4348 octo
741 4289 773 4348 in
797 4291 906 4349 codem
930 4291 995 4347 loco
1020 4308 1059 4348 ex
1083 4288 1253 4362 sepulchris
1280 4292 1347 4352 suis
1371 4311 1416 4352 re·

477 4393 485 4424 ¹
503 4394 533 4446 E.
544 4395 687 4448 consilium.
902 4394 913 4425 ¹
929 4395 977 4448 See
985 4403 1047 4446 note
1058 4395 1098 4427 Η
1107 4411 1132 4460 p.
1145 4397 1201 4460 ποθ
