3054 4904
279 312 327 383 86
588 309 722 396 mota
748 305 1115 412 terminanda.

278 508 327 564 illo
340 507 404 566 solo
420 507 471 582 qui
489 507 612 582 angelos
623 507 751 579 videbat,
764 510 966 567 extinxerunt.
1003 509 1062 567 Hic
1077 508 1167 567 etiarn
1187 506 1324 574 Albinus,
1338 517 1370 564 vt
1389 507 1431 563 ait

279 595 453 653 Vincentius
473 597 504 653 in
523 613 579 654 suo
598 597 737 670 Speculo,
750 606 780 654 et
799 597 889 654 etiam
910 598 1110 671 Helynandus
1128 597 1158 654 in
1178 615 1232 654 sua
1249 595 1430 663 Historiae

279 685 400 757 regibus
424 684 520 758 anglis
545 702 600 757 pro
624 702 699 757 pace
723 685 834 742 missus
865 687 902 741 ad
930 685 1080 756 Carolum,
1105 686 1186 757 apud
1211 701 1281 741 eum
1305 684 1431 750 resedit,
1523 719 1524 722 =

278 771 362 829 cuius
382 773 526 846 precipue
551 773 724 845 magisterio
750 773 816 845 ipse
840 790 895 830 rex
918 789 1025 830 omnes
1048 781 1130 830 artes
1155 771 1255 829 didicit
1279 771 1431 828 liberales.

250 859 337 926 ,illic
355 859 488 916 omnium
506 861 674 933 Anglorum
693 869 761 932 post
782 860 896 917 Bedam
918 869 948 917 et
969 860 1134 918 Adelmum
1153 859 1346 916 doctissimus
1367 859 1432 928 fuit,

278 956 308 1004 et
328 947 463 1020 pluribus
482 948 565 1005 libris
580 948 691 1020 ingenii
709 947 901 1004 miraculum¹
919 947 997 1004 fecit.
1035 947 1176 1004 Eminent
1193 949 1274 1004 enim
1294 947 1363 1004 libri
1383 947 1431 1004 sui

278 1037 315 1092 de
329 1044 432 1092 sancta
446 1035 586 1104 trinitate,
599 1037 636 1092 ad
652 1036 751 1108 ipsum
766 1053 869 1108 regern
888 1036 998 1109 scripti.
1037 1036 1072 1093 ln
1089 1053 1216 1108 quorum
1235 1036 1312 1091 libro
1332 1035 1433 1102 tertio,

277 1124 316 1180 de
334 1141 394 1197 quo
413 1123 604 1195 responsoria
621 1133 650 1178 et
672 1123 836 1195 antiphone
854 1125 894 1180 de
907 1123 1037 1180 trinitate
1050 1123 1189 1180 videntur
1201 1141 1270 1180 esse
1289 1123 1432 1196 scripta&
1523 1183 1524 1192 ,

279 1211 407 1284 loquitur
425 1209 502 1268 ita⁸:
538 1207 673 1267 ‘'Adesto
700 1212 776 1267 deus
799 1228 877 1267 vnus
901 1211 1102 1283 omnipotens,
1127 1220 1213 1284 pater
1236 1221 1266 1267 et
1292 1211 1375 1267 filius
1401 1223 1431 1266 et
1523 1269 1524 1294 ¹

235 1315 265 1352 ro
279 1297 401 1371 spiritus
414 1307 552 1355 sanctus:
574 1297 655 1355 Doce
668 1298 769 1366 fldem,
780 1298 877 1355 excita
889 1315 987 1372 spem,
995 1298 1119 1355 infunde
1131 1299 1316 1355 charitatem.
1343 1299 1432 1356 Velle

278 1385 350 1442 mihi
363 1385 485 1454 adiacet,
499 1386 552 1442 sed
567 1385 622 1442 hoc
635 1402 695 1442 non
709 1403 726 1441 a
739 1403 788 1443 me
801 1388 855 1443 sed
868 1403 886 1442 a
897 1397 936 1453 te,
950 1387 1094 1442 mundum
1107 1396 1137 1443 et
1149 1395 1244 1443 terras
1257 1387 1433 1460 relinquere

278 1483 306 1529 et
327 1474 424 1530 celum
440 1483 553 1547 petere.
591 1473 652 1529 Sed
673 1473 820 1530 imbecilla
839 1474 942 1547 pluma
962 1485 1018 1542 est,
1032 1475 1109 1531 velle
1131 1474 1196 1531 sine
1216 1475 1352 1531 subsidio
1371 1485 1432 1532 tuo.

281 1561 326 1616 Da
339 1561 410 1617 fidei
423 1579 550 1634 pennas,
562 1567 594 1617 vt
605 1561 705 1618 volem
718 1578 839 1618 sursum
852 1562 890 1618 ad
902 1572 941 1619 te.
974 1563 1086 1634 [Hanc]
1096 1563 1106 1595 ⁸
1118 1563 1211 1619 fidem
1223 1563 1255 1618 in
1269 1571 1308 1632 te,
1321 1579 1381 1634 per
1393 1572 1433 1630 te,

278 1649 317 1705 de
330 1657 360 1705 te
373 1649 535 1706 confiteor:
558 1648 623 1706 Te⁸
636 1665 729 1706 vnum
743 1649 773 1706 in
786 1651 959 1721 substantia,
973 1651 1132 1707 trinitatem
1152 1653 1183 1706 in
1201 1651 1342 1724 personis
1360 1669 1434 1708 con-
1523 1637 1524 1662 ³

235 1751 263 1800 15
280 1736 372 1792 liteor.
395 1737 440 1792 Te
453 1755 576 1810 semper
588 1737 668 1794 idern
681 1755 759 1806 esse,
766 1738 879 1808 viuere,
890 1747 919 1795 et
932 1737 1109 1812 intelligere,
1119 1739 1271 1796 confiteor.
1292 1739 1434 1809 Genitor,

278 1825 405 1896 genitus,
419 1841 613 1898 regenerans,
627 1843 644 1881 o
660 1826 747 1881 beata
759 1825 884 1882 trinitas.
911 1826 1000 1897 Fons,
1013 1826 1137 1896 flumen,
1149 1826 1290 1899 irrigatio,
1309 1846 1328 1883 0
1343 1829 1434 1884 beata

278 1912 403 1970 trinitas.
441 1911 604 1968 Inuisibilis
618 1913 837 1984 [in]vlsibiliter,
847 1912 973 1970 visibilis
987 1914 1183 1982 inuisibiliter‚
1192 1914 1318 1970 visibilis
1329 1913 1434 1986 [inhi-

278 1999 413 2070 sibiliter,
431 2017 450 2055 o
469 2001 556 2056 beata
575 1999 701 2056 trinitas.
737 2002 767 2057 A
784 2019 853 2074 quo,
871 2017 1039 2074 perquem,
1058 2001 1089 2056 in
1106 2019 1165 2074 quo
1182 2001 1291 2072 omnia,
1305 2021 1324 2058 o
1343 2004 1433 2060 beata

278 2089 402 2144 trinitas.
439 2087 507 2144 Vita
525 2088 639 2155 viuens‚
658 2089 717 2144 vita
739 2106 757 2145 a
776 2088 905 2158 viuente,
927 2087 1091 2144 uiuificator
1111 2089 1283 2157 uiuentium,
1302 2108 1323 2144 o
1344 2091 1434 2146 beata

234 2195 264 2229 ιο
278 2177 403 2233 trinitas.
442 2175 491 2231 On
516 2191 533 2232 a
557 2193 601 2246 se,
621 2192 660 2231 on
682 2177 721 2232 ab
745 2177 847 2245 altero,
867 2193 907 2231 on
932 2176 969 2231 ab
990 2185 1124 2249 utroque,
1149 2193 1167 2232 o
1191 2177 1278 2232 beata
1301 2177 1434 2236 trinitas.

280 2265 380 2320 Verax
400 2272 492 2338 pater,
505 2264 616 2319 veritas
633 2262 720 2331 filius,
732 2264 866 2320 veritatis
886 2263 1008 2336 spiritus
1025 2273 1155 2334 sanetus,
1169 2279 1187 2316 o
1200 2264 1287 2319 beata
1302 2263 1434 2322 trinitas.
1523 2259 1524 2270 ¹

280 2352 363 2408 Deus
383 2369 475 2424 supra
496 2367 586 2423 quem
613 2351 696 2421 nihil,
718 2361 803 2408 extra
827 2368 918 2424 quem
942 2351 1025 2418 nihil,
1051 2351 1117 2407 sine
1141 2369 1200 2424 quo
1225 2351 1307 2408 nihil.
1347 2351 1435 2408 Deus
1523 2409 1524 2412 ,

279 2440 334 2494 sub
357 2456 416 2511 quo
437 2447 540 2509 toturn,
561 2438 591 2494 in
614 2455 673 2511 quo
696 2447 799 2508 toturn,
820 2455 888 2495 cum
910 2456 969 2511 quo
989 2447 1094 2495 toturn.
1127 2437 1172 2495 Te
1193 2437 1381 2509 inuocamus,
1404 2451 1434 2497 te

279 2528 447 2595 adoramus,
461 2534 491 2582 te
508 2526 682 2582 laudamus:
705 2527 829 2596 Exaudi,
843 2526 962 2597 exaudi,
975 2527 1092 2583 exaudi.
1129 2525 1208 2598 Spes
1224 2535 1336 2594 nostra,
1349 2527 1435 2584 salus
1523 2577 1524 2592 ,

235 2635 263 2684 ²5
278 2624 389 2684 nostra,
407 2613 505 2669 honor
522 2624 643 2671 noster:
673 2613 782 2670 Libera
801 2630 867 2684 nos,
885 2614 968 2670 salua
987 2630 1052 2683 nos,
1072 2614 1198 2670 iustifica
1219 2631 1284 2682 nos
1306 2633 1325 2670 o
1345 2617 1434 2671 beata

279 2702 402 2758 trinitas.
440 2700 468 2757 Ο
486 2701 582 2770 beata,
600 2710 630 2758 et
644 2701 810 2770 benedicta,
824 2711 854 2758 et
870 2700 999 2774 gloriosa
1013 2700 1146 2758 trinitas:
1167 2701 1195 2757 Ο
1206 2717 1288 2770 vera,
1301 2719 1433 2770 summa,

278 2789 464 2862 sempiterna
480 2789 594 2846 vnitas:
626 2788 782 2858 Miserere,
798 2788 952 2858 miserere,
970 2788 1115 2846 miserere
1136 2787 1231 2845 nobis.
1269 2789 1337 2845 Tibi
1357 2791 1433 2857 laus,

278 2877 331 2933 tibi
351 2877 453 2950 gloria,
472 2876 525 2932 tibi
543 2875 704 2948 gratiarum
724 2876 809 2944 actio,
826 2876 856 2932 in
875 2877 976 2934 secula
995 2875 1187 2948 sempiterna,
1203 2894 1221 2932 o
1240 2877 1328 2932 beata
1347 2877 1433 2934 trini·

277 2967 340 3022 tas.’
380 2964 468 3021 Iussu
489 2981 609 3037 quoque
634 2964 715 3037 regis
736 2963 834 3021 Caroli
856 2964 988 3020 diuinam
1013 2963 1142 3020 correxit
1169 2963 1333 3020 historiam.
1373 2964 1434 3022 Hic

233 3080 264 3126 30
278 3053 367 3109 etiarn
387 3051 531 3109 successit
551 3059 655 3108 sancto
679 3050 814 3107 Adriano
835 3051 934 3107 abbati
957 3051 1129 3107 monasterii
1152 3051 1246 3107 sancti
1267 3051 1434 3125 Augustini

278 3141 459 3228 Cantuarie.)

440 3253 465 3314 ll
486 3241 541 3310 DE
559 3269 674 3310 sancio
694 3239 811 3310 YUONE
829 3269 971 3309 Etuscoro
990 3269 1027 3308 ΕΤ
1045 3229 1262 3309 confessores&

335 3347 445 3406 'luitate
467 3348 621 3418 Frianeos,
639 3367 697 3422 qua
713 3349 846 3406 referunt
861 3359 998 3405 sanetum
1013 3349 1160 3418 Yuonem,
1178 3358 1208 3406 et
1224 3347 1347 3404 fratrem
1366 3349 1435 3406 eius
1523 3401 1524 3404 ,

374 3437 557 3493 Athanatum
565 3437 585 3504 ⁷,
598 3455 667 3494 esse
681 3446 792 3508 natum,
806 3439 941 3510 regnauit
955 3445 1041 3509 pater
1053 3453 1157 3492 eorum
1173 3436 1294 3492 nomine
1308 3435 1434 3505 Yornos,

278 3532 308 3580 et
330 3525 434 3596 regina
453 3523 575 3580 Ysitalia
594 3533 691 3580 mater
708 3541 821 3581 eorum.
858 3524 1027 3580 Athanatus
1046 3533 1145 3580 autem
1166 3523 1196 3580 in
1215 3540 1338 3579 nemore
1359 3542 1435 3597 quo·
1523 3579 1524 3588 ,

233 3626 263 3676 35
278 3614 347 3668 dam
368 3611 573 3668 heremiticam
592 3613 677 3668 duxit
695 3613 804 3670 vitam:
825 3629 881 3685 per
899 3611 982 3668 cuius
1001 3611 1108 3668 merita
1126 3611 1265 3667 dominus
1284 3611 1435 3668 hactenus

279 3698 420 3756 miracula
439 3699 531 3755 multa
550 3702 667 3772 operari
686 3699 826 3774 dignatus
845 3709 900 3756 est.
938 3701 1066 3756 Sanetus
1086 3717 1205 3772 quoque
1225 3699 1301 3768 Yuo,
1321 3698 1435 3772 inqua
1523 3759 1524 3762 ,

278 3787 397 3844 ciuitate
419 3796 508 3843 natus
527 3789 592 3844 estl
613 3788 775 3862 episcopus
799 3787 864 3844 lieri
890 3787 1015 3857 meruit;
1046 3797 1076 3845 et
1101 3804 1162 3843 non
1187 3787 1280 3842 multo
1305 3781 1376 3858 p'ost
1403 3787 1434 3843 in
1523 3817 1524 3856 3

278 3875 396 3933 ciuitate
420 3873 578 3932 Asitania⁹
601 3877 639 3931 ad
664 3876 954 3948 archiepiscopatum
978 3884 1162 3948 assumptus,
1187 3873 1313 3946 peruigil
1338 3891 1436 3948 super
1523 3895 1524 3914 ³

278 3981 401 4038 gregem
414 3962 471 4020 sibi
481 3961 685 4033 commissum,
694 3964 751 4019 deo
763 3965 873 4019 deuote
880 3964 1099 4032 obsecundans,
1109 3962 1305 4035 permanebat
1315 3981 1322 4018 :
1333 3963 1435 4020 donec

312 4072 318 4100 ¹
335 4069 391 4120 VB.
405 4070 554 4132 periculum.
619 4067 628 4096 ¹
644 4067 701 4118 VB.
712 4077 822 4132 sumpta.
905 4067 915 4096 ³
932 4069 971 4117 Ci.
983 4068 1085 4118 Alcuini
1097 4067 1165 4130 Opp.
1179 4067 1267 4130 hligne
1282 4081 1337 4130 ror,
1354 4083 1381 4130 p.
1392 4083 1435 4130 55.

278 4134 463 4186 ⁴E.habeam.
531 4135 584 4184 ⁵E.
599 4133 733 4182 Confiteor
744 4142 778 4184 te.
844 4129 930 4182 ⁸Abr,
943 4135 1007 4182 from
1019 4135 1064 4182 the
1076 4133 1135 4182 Vita
1149 4134 1174 4181 in
1189 4133 1244 4182 MS.
1258 4133 1333 4184 Bodl.
1348 4135 1437 4196 285,a

278 4201 354 4250 luller
366 4203 430 4250 form
443 4202 473 4250 ol
482 4203 526 4251 the
539 4201 582 4249 lile
593 4201 628 4261 by
640 4200 761 4249 Goscelin
778 4200 804 4248 in
816 4199 847 4249 A.
863 4199 912 4249 SS.
930 4200 995 4248 Boll.
1010 4216 1041 4249 ro
1052 4200 1121 4259 June
1134 4198 1167 4248 ll.
1179 4201 1237 4257 288,
1249 4200 1336 4249 which
1349 4209 1436 4249 wants

279 4267 324 4314 the
337 4267 392 4314 lirst
404 4283 513 4329 passage
525 4268 576 4315 and
588 4267 633 4315 the
645 4266 772 4316 miracles.
806 4265 951 4315 Goscelin's
967 4266 1012 4313 lile
1027 4267 1049 4314 is
1066 4266 1146 4314 based
1157 4280 1192 4312 on
1208 4280 1241 4312 an
1255 4265 1331 4314 older
1342 4265 1389 4315 lile
1400 4268 1437 4328 by

278 4333 396 4380 Andrew
408 4331 551 4392 Whitman,
563 4332 685 4393 formerly
697 4332 783 4381 Abbot
794 4333 825 4380 ol
835 4333 957 4393 Ramsey.
1030 4329 1089 4382 τΕ.
1102 4331 1288 4381 Athanathum.
1356 4329 1433 4382 ⁸ona

277 4399 304 4449 ln
316 4397 346 4446 T.
395 4396 452 4447 ⁹T.
465 4398 591 4458 Asitania,
605 4397 633 4446 E.
645 4397 776 4448 Asitanea
