3036 4878
135 247 353 346 asportato-1
387 231 461 324 Da
484 229 543 320 e.
562 231 778 318 cumanus
802 245 896 334 tana
919 237 959 317 at
980 238 1171 334 mature.
1209 240 1281 328 653

160 435 255 506 Quon
274 447 499 493 nononrcronn
517 447 558 490 nr
575 447 800 492 nrumncrona
819 447 929 491 sineri
948 436 1107 491 Enuunor
1126 449 1177 491 rrr
1196 449 1257 492 aaa

284 531 435 576 ennunan
454 531 508 573 vin
526 531 569 573 nn
589 530 734 574 sinesin
753 520 1001 574 Ernnrnnanan
1021 531 1055 573 in
1075 519 1150 574 Eur.

308 691 313 702 ,
333 689 340 702 ,
488 639 674 764 TEmpore
694 638 800 695 Heruei
816 639 939 710 episcopi
957 639 1077 706 eliensis,
1095 649 1209 695 sanctus
1222 641 1282 696 Ed-

170 687 223 740 Εἴ
233 704 351 742 mmm
362 689 397 742 Δ(
408 689 474 759 Ely'
584 721 705 777 mundus
724 723 824 776 colono
839 721 950 776 cuidam
969 723 1033 776 ville
1052 722 1088 777 de
1103 723 1232 792 Exninge
1251 724 1279 778 in

133 809 197 864 uisu
215 807 344 878 apparuit
362 818 447 879 atque
465 807 603 862 suscitans
624 805 679 860 hiis
700 821 764 859 eum
782 804 875 860 verbis
893 805 1050 875 alloquitur,
1071 804 1188 860 dicens:
1215 805 1282 861 ‘Vir

134 891 218 958 bone,
248 907 303 962 que
329 891 392 946 dico
421 890 569 959 diligenter
594 888 716 956 attende,
748 898 776 942 et
805 905 860 958 que
891 887 940 942 tibi
972 888 1102 943 iubentur
1131 889 1282 945 efficaciter

133 975 261 1044 comple:
275 984 304 1028 et
316 990 433 1042 surgens
445 973 483 1027 ad
495 973 660 1044 episcopum
674 971 710 1026 de
723 971 780 1040 Ely
788 979 969 1042 properanter
981 971 1111 1036 ascende,
1125 971 1205 1042 eique
1218 989 1281 1028 rneo
1296 979 1309 1027 5

132 1056 245 1110 nomine
264 1057 340 1111 dices
359 1055 491 1127 quatinus
508 1055 594 1110 michi
608 1065 687 1124 paret
706 1053 780 1108 viam
800 1050 872 1123 qua1
891 1052 1036 1107 dominam
1054 1071 1147 1110 meam
1166 1056 1280 1110 beatam

132 1138 334 1194 Etheldredam
355 1139 434 1194 adire
454 1139 571 1209 queam!
608 1139 646 1192 At
664 1137 710 1191 ille
730 1153 794 1190 mox
816 1135 845 1188 in
866 1135 921 1204 Ely
937 1135 1007 1190 sicut
1028 1135 1119 1192 iussus
1137 1137 1225 1192 fuerat
1242 1137 1280 1192 ad

132 1220 295 1291 episcopum
315 1220 466 1284 festinauit,
483 1230 511 1276 et
531 1220 697 1274 mandatum
716 1219 791 1290 quod
812 1236 830 1272 a
851 1219 934 1272 beato
959 1217 1113 1274 Edmundo
1133 1229 1279 1290 acceperat

131 1302 171 1358 illi
184 1302 371 1360 denunciauit.
409 1303 463 1373 Qui
476 1313 506 1358 ut
518 1302 585 1358 talia
601 1301 716 1369 audiuit,
728 1318 778 1370 pre
796 1300 900 1370 gaudio
914 1299 1007 1368 fleuit3
1028 1311 1056 1356 et
1069 1301 1092 1356 si
1105 1302 1176 1356 forte
1189 1303 1280 1374 ualeat

131 1385 186 1441 hoc
199 1386 306 1456 impleri
319 1405 337 1441 a
349 1387 474 1456 pluribus
486 1385 639 1456 inquisiuit.
664 1385 714 1440 Set
727 1401 791 1439 cum
804 1383 951 1454 negocium
964 1383 1059 1438 multis
1072 1383 1279 1454 com[m]odum
1296 1401 1325 1435 ιο

130 1469 271 1538 suscipere
284 1486 368 1524 nemo
381 1479 569 1541 presumeret:
588 1467 697 1523 eliensis
710 1466 827 1524 ecclesie
839 1467 995 1522 monachus
1008 1467 1122 1538 quidam
1138 1469 1279 1524 lohannes

130 1551 245 1606 nomine
257 1553 404 1620 accedens,
417 1562 526 1618 natura,
539 1551 624 1606 verbo
642 1560 670 1605 et
689 1550 766 1605 uultu
784 1548 1017 1619 simplicissimus,
1031 1567 1126 1604 coram
1146 1550 1279 1621 episcopo

129 1633 230 1703 optulit
250 1651 281 1689 se
302 1634 400 1690 dicens
422 1652 493 1705 opus
514 1635 568 1689 boc
586 1635 657 1688 velle
681 1632 812 1702 incipere,
831 1641 859 1686 et
881 1647 946 1686 curn
966 1630 1011 1685 dei
1036 1632 1174 1688 adiutorio
1193 1651 1278 1703 posse

129 1716 263 1786 perficere
275 1719 401 1772 asseruit.
439 1716 494 1786 Qui
507 1715 602 1771 statim
615 1716 706 1771 iussus
718 1714 754 1769 ab
767 1714 830 1784 ipso
844 1713 978 1784 episcopo
995 1731 1013 1768 a
1030 1723 1104 1768 terra
1121 1714 1157 1769 de
1172 1717 1278 1772 Sahatn

130 1798 203 1868 cepit
216 1799 407 1870 metiri,atque
419 1799 617 1854 arundinetum
631 1798 659 1852 in
672 1797 747 1852 viam
760 1806 885 1851 sternere
898 1815 906 1862 ;
921 1796 1017 1850 alueos
1029 1797 1119 1850 eciam
1132 1797 1277 1852 fluminum
1293 1815 1322 1864 ¹⁵

129 1882 279 1950 ponticulis
301 1883 401 1938 cinxit:
430 1883 525 1952 sicque
546 1881 589 1935 uir
609 1881 654 1935 ille
673 1881 727 1934 deo
744 1879 862 1934 dilectus
882 1878 910 1933 in
929 1878 1007 1933 breui
1026 1877 1182 1948 proficiens,
1206 1897 1277 1950 opus

129 1963 226 2019 celitus
240 1966 383 2034 prouisum
395 1964 516 2034 expleuit
528 1973 556 2019 et
570 1979 620 2032 per
632 1962 708 2017 inuia
721 1962 855 2031 paludum
866 1960 994 2031 usquein
1009 1961 1083 2030 Hely
1091 1960 1165 2016 uiam
1178 1963 1277 2017 semite

128 2045 203 2113 fecit,
216 2046 383 2103 mirantibus
397 2049 487 2103 cuntis
505 2063 539 2101 ac
552 2047 644 2111 deum,
657 2055 786 2100 sanctum
800 2044 982 2098 Edmundum
995 2053 1023 2098 et
1037 2052 1165 2099 sanctam
1178 2045 1276 2100 Ethel-

128 2129 245 2186 dredam
257 2130 497 2186 benedicentibus.

297 2308 347 2361 DE
366 2319 502 2363 Rustico
521 2318 721 2362 Mtnncuuosn
739 2318 759 2360 A
779 2316 924 2360 VINCULIS
943 2315 1107 2360 LIBERATO·

200 2429 307 2484 Uidam
328 2429 444 2484 clericus
469 2429 505 2483 de
529 2428 680 2497 Geddinge
705 2428 818 2482 nomine
844 2427 981 2494 Herueus,
1006 2425 1153 2496 sepissime
1178 2434 1275 2480 contra
1289 2448 1321 2484 ao

234 2512 387 2567 iurasancti
406 2511 549 2566 Edmundi
563 2527 700 2581 vsurpans
719 2520 747 2566 et
759 2511 834 2565 mala
845 2509 976 2580 ingerens
989 2525 1118 2580 nouaque
1129 2525 1275 2579 opponens

127 2608 156 2652 et
181 2595 337 2666 imponens,
356 2595 555 2649 homunculum
574 2592 716 2664 quendam
736 2593 801 2648 iuris
819 2603 847 2648 et
868 2591 1003 2648 bominii²
1022 2592 1110 2647 sancti
1130 2591 1274 2646 Edmundi

127 2680 227 2748 rapuit,
258 2677 418 2747 flagellauit,
442 2677 560 2731 iinculis
590 2675 687 2732 ferreis
718 2674 847 2746 inposuit,
872 2676 1001 2730 noctibus
1029 2675 1183 2746 diebusque
1210 2691 1274 2730 cum

126 2761 289 2816 austeritate
307 2759 421 2814 retinuit
438 2759 601 2830 diuciusque
620 2758 745 2813 detinuit.
784 2758 835 2812 Cui
849 2759 964 2813 tandem
977 2767 1090 2812 sanctus
1106 2758 1273 2812 Edmundus

126 2853 262 2898 nocturno
287 2853 413 2912 tempore
437 2842 574 2913 apparuit,
599 2841 711 2896 dicens:
738 2843 818 2910 ‘Eya
841 2858 941 2911 rumpe
964 2857 1065 2906 moras,
1092 2857 1174 2909 surge
1198 2839 1269 2896 cito:
1288 2863 1317 2911 ²5

126 2925 262 2980 dissoluta
281 2941 403 2995 namque
428 2935 491 2980 sunt
511 2925 622 2980 vincula
643 2925 746 2994 pedum
764 2933 876 2978 tuorum
898 2924 1007 2990 ferrea3
1037 2925 1189 2992 comproba
1207 2924 1273 2994 quia

125 3009 225 3075 soluta,
238 3007 322 3078 igitur
340 3018 493 3077 comporta.
530 3009 575 3062 En
595 3024 648 3076 ego
668 3006 835 3061 Edmundus
854 3016 926 3073 tuus,
941 3023 976 3060 en
994 3015 1122 3074 egomet;
1142 3006 1227 3076 palpa
1244 3018 1272 3062 et

127 3092 190 3145 uide
210 3090 321 3144 vincula
339 3099 388 3144 tua
412 3100 440 3145 et
462 3091 632 3160 comproba;
661 3107 742 3159 surge
765 3099 792 3144 et
811 3089 953 3144 accelera!
991 3089 1049 3143 Hic
1074 3088 1157 3158 igitur
1176 3089 1272 3145 dolore

125 3174 268 3228 confectus
286 3172 401 3227 tandem
420 3173 554 3244 palpauit,
567 3182 595 3227 et
608 3172 730 3226 solutum
747 3189 783 3227 se
791 3172 894 3239 sensit;
915 3172 1041 3242 letusque
1054 3172 1137 3240 exilit,
1152 3173 1272 3228 cucurrit

124 3255 218 3320 cicius,
232 3272 284 3310 nec
296 3271 384 3325 vsque
397 3257 434 3309 ad
447 3273 547 3326 corpus
564 3254 732 3310 sanctissimi
748 3255 892 3309 Edmundi
905 3272 1017 3310 cursum
1030 3255 1151 3312 retinuit.
1184 3257 1271 3311 Cuius
1287 3267 1317 3316 30

124 3338 269 3408 presencie
287 3347 392 3405 astans,
405 3355 473 3393 uoce
494 3337 606 3392 sublimi
623 3339 725 3407 profert
737 3348 765 3392 et
775 3337 831 3393 ait:
852 3339 898 3394 ‘O
919 3339 1069 3394 Edmunde
1080 3341 1193 3408 bone,o
1213 3341 1270 3395 Ed·

125 3420 228 3474 munde
241 3420 293 3490 pie,
302 3420 387 3474 laude
398 3419 515 3475 mirabili
530 3420 621 3489 digne,
633 3430 662 3475 tu
675 3420 759 3474 michi
774 3421 867 3475 vincto
880 3421 998 3476 vinculis
1011 3421 1066 3477 hiis
1078 3423 1174 3479 ferreis
1187 3433 1270 3479 nocte

123 3502 284 3556 hacvltima
296 3502 458 3574 apparuisti,
466 3503 575 3558 locutus
586 3502 671 3570 fuisti,
681 3504 791 3558 vincula
804 3504 919 3574 soluisti,
929 3522 992 3560 cum
1006 3505 1106 3576 quibus
1119 3517 1149 3562 ut
1161 3507 1270 3563 tibimet

123 3585 301 3656 confugerem
316 3585 511 3640 commonuisti
524 3595 552 3641 et
565 3585 723 3656 precepisti.
754 3587 814 3642 Rex
826 3587 865 3641 mi
880 3588 999 3657 gloriose
1016 3599 1043 3644 et
1058 3591 1160 3646 Christi
1174 3590 1270 3646 martir

123 3666 314 3734 inuictissime,
328 3667 377 3722 tibi
397 3668 493 3722 laudes
512 3668 609 3735 refero,
624 3668 674 3724 tibi
691 3669 800 3738 gracias
819 3687 882 3738 ago,
901 3680 928 3725 et
948 3671 977 3724 in
997 3671 1109 3727 Christo
1128 3683 1155 3729 te
1173 3676 1268 3729 adoro.
1284 3681 1314 3746 35

126 3751 188 3804 Hec
201 3750 284 3820 igitur
295 3751 406 3806 vincula
424 3753 512 3805 ferrea
530 3769 547 3805 a
566 3761 593 3806 te
612 3753 710 3818 soluta,
724 3752 760 3806 ad
774 3752 909 3808 bonorem
926 3753 1092 3824 laudemque
1108 3755 1161 3821 dei,
1174 3766 1202 3811 et
1218 3757 1269 3812 tibi

124 3833 237 3887 domine
261 3849 325 3887 meo
349 3833 417 3902 regi,
438 3831 467 3887 in
491 3844 643 3904 conspectu
664 3835 754 3889 tocius
778 3835 895 3889 ecclesie
920 3834 1081 3905 suppliciter
1103 3853 1216 3908 appono
1240 3851 1268 3895 et

124 3916 227 3970 offero.³
263 3915 387 3970 Exiliunt
405 3915 488 3986 igitur
507 3917 560 3972 bac
575 3927 602 3972 et
621 3916 686 3971 illac
703 3916 753 3972 viri
774 3917 917 3985 Religiosi,
937 3927 964 3972 et
982 3917 1029 3971 alii
1047 3918 1268 3990 circumstantes,

124 3997 275 4067 inspiciunt
285 4007 314 4052 et
330 4008 496 4053 scrutantur.
533 4000 642 4068 Quibus
661 3999 787 4054 subtilius
806 3999 1001 4070 scrutantibus,
1017 4001 1056 4056 rei
1069 4001 1170 4059 veritas
1190 4004 1267 4061 inno·

123 4080 182 4148 tuit,
201 4081 362 4150 propalatur
379 4090 407 4135 et
425 4080 624 4138 manifestatur.
663 4084 725 4138 Hec
744 4081 815 4137 inter
831 4084 906 4137 fama
918 4081 1106 4152 circumuolat,
1119 4085 1267 4159 clericique
1281 4096 1313 4146 40

121 4162 238 4233 predicti
260 4162 365 4218 Heruei
390 4163 481 4233 tetigit
505 4181 594 4220 aures.
632 4165 687 4234 Qui
712 4165 881 4238 stupefactus
905 4167 1033 4237 cucurrit,
1055 4167 1178 4225 vinctum
1199 4187 1267 4241 que-

382 4301 391 4331 ¹
410 4301 464 4353 MS.
476 4317 559 4368 quam.
830 4303 839 4333 ¹
856 4321 873 4357 r.
886 4305 1008 4358 dominii?
