3036 4878
62 295 134 346 us.
148 297 307 363 Bou-240]
338 281 413 373 De
436 280 496 369 Q,
515 282 732 368 meunbu
754 295 849 384 tane
871 289 910 368 et
933 290 1125 386 mnttgtn
1164 293 1236 376 669

131 493 161 549 ll
185 493 236 548 Ds
253 507 390 551 vncions
408 471 509 552 exem
524 509 624 553 suess
643 507 800 553 DOMINUM
820 498 995 552 loaxnusx
1015 511 1057 552 nu
1077 500 1182 554 Basso

525 582 642 635 Moxrs
661 593 808 635 xrurrsu.

69 699 180 824 AD
204 701 418 756 veneracionem
440 710 599 757 sanctorum
620 713 649 757 et
672 711 806 758 terrorem
829 713 1017 772 peccatorum,
1036 721 1112 758 anno
1134 703 1238 758 domini

189 784 362 854 M⁰.ccc.xlj⁰.
387 794 516 840 narratur
539 785 688 854 contigisse
713 785 789 854 quod
814 785 927 855 quidam
952 785 1033 840 miles
1058 797 1186 841 strenuus
1210 787 1238 840 in

69 865 172 920 armis
190 865 355 922 militaribus
373 867 485 923 nomine
505 869 647 923 lohannes
659 869 696 923 de
710 868 787 922 Bello
804 869 901 923 Monte
918 869 1038 923 accessit
1057 870 1094 923 ad
1107 871 1239 925 feretrum

70 948 178 1002 sancti
197 949 351 1016 Edmundi,
367 951 415 1021 qui
433 950 500 1005 dum
515 967 613 1006 surum
629 961 656 1006 et
673 960 827 1020 argentum,
840 949 947 1021 lapides
963 952 1104 1021 preciosos
1122 962 1149 1006 et
1163 953 1239 1008 varia

71 1041 254 1086 ornamenta
278 1032 383 1088 ibidem
408 1033 607 1104 conspexisset,
630 1034 657 1088 in
682 1035 735 1088 hec
756 1033 842 1088 verba
866 1033 1008 1104 prorupit:
1039 1034 1081 1090 ‘O
1103 1046 1266 1105 quantum5

72 1124 204 1184 possent
217 1114 270 1170 ista
283 1115 381 1172 localia
393 1127 421 1172 et
434 1118 581 1172 thesaurus
593 1133 758 1187 promouere
771 1133 864 1186 regem
877 1127 1004 1171 nostrum
1017 1117 1045 1171 in
1058 1118 1238 1186 expedicione

73 1213 187 1266 guerre
205 1199 296 1266 suel’,
321 1199 451 1254 nesciens
469 1201 513 1254 vel
533 1199 711 1254 dissimulans
730 1200 805 1270 quod
822 1200 883 1269 plus
902 1201 995 1254 valent
1014 1199 1138 1254 subsidia
1157 1217 1238 1254 sanc-

74 1292 190 1348 torum,
212 1297 299 1352 quam
322 1281 446 1337 infinitus
468 1283 595 1338 cumulus
620 1284 812 1337 thesaurorum
834 1293 1024 1352 terrenorum3
1054 1283 1132 1338 cuius
1152 1285 1239 1338 verba

76 1363 285 1419 assistentibus
306 1376 334 1421 et
358 1365 535 1421 audientibus
557 1365 705 1436 plurimum
727 1365 934 1435 displicuerunt.
972 1365 1047 1436 Quid
1068 1367 1165 1436 plura?
1193 1366 1239 1420 ille

76 1447 231 1514 recedens,
249 1455 278 1502 et
297 1448 368 1503 sicut
385 1449 470 1518 uulgo
486 1448 588 1503 dicitur
604 1465 660 1503 non
674 1465 845 1516 reuersurus,
857 1460 887 1504 vt
901 1466 963 1503 mos
980 1461 1023 1504 est
1035 1450 1197 1520 columpnas
1211 1459 1238 1503 et
1254 1461 1284 1498 10

77 1539 182 1600 postes
195 1529 330 1585 ostiorum
342 1532 484 1586 osculatus
498 1542 557 1587 est:
576 1542 604 1586 et
621 1547 678 1585 non
690 1532 807 1586 multum
821 1542 884 1602 post
902 1532 930 1586 in
943 1533 1093 1588 hastiludio
1106 1532 1239 1587 membris

79 1625 292 1684 conquassatus
305 1624 333 1670 et
345 1623 470 1669 mortuus
483 1625 534 1669 est.

187 1787 237 1840 Da
255 1797 392 1842 victoris
410 1798 509 1843 carm
528 1799 628 1843 susan
647 1789 851 1842 Wiuusxuunr
870 1799 913 1841 ns
933 1788 1144 1842 stmuormu

492 1881 714 1926 tusrrcmmuu
734 1881 833 1926 secors.

161 1990 268 2046 Uidam
281 1990 361 2046 miles
374 1991 410 2046 de
422 1991 551 2046 Estsexia
563 1992 677 2046 nomine
688 1992 814 2047 Thomas
827 1994 938 2058 Gubun,
951 1993 1069 2048 audiens
1082 1991 1239 2061 predictum

196 2073 342 2129 dominum
357 2075 511 2130 Iohannem
524 2074 560 2130 de
575 2076 653 2130 Bello
667 2077 766 2130 Monte
784 2075 813 2129 in
828 2075 979 2130 hastiludio
991 2075 1102 2130 vindice
1116 2076 1172 2130 deo
1188 2091 1239 2144 pro

86 2168 188 2212 sancto
201 2158 354 2213 Edmundo
372 2157 412 2212 sic
430 2157 551 2227 perisse:
571 2157 639 2212 dixit
655 2159 732 2229 quod
749 2175 812 2214 cum
830 2158 936 2214 iuuenis
954 2167 1027 2213 esset
1045 2157 1158 2212 intrauit
1174 2174 1239 2211 cum
1255 2174 1283 2224 ¹5

86 2240 225 2309 magistro
244 2257 295 2294 suo
313 2257 454 2294 cameram
472 2241 545 2310 regis
563 2241 639 2312 apud
652 2241 934 2298 Westmonasterium
952 2257 1008 2312 que
1024 2250 1141 2294 vocatur
1158 2240 1240 2309 nigra

86 2340 208 2390 camera,
221 2323 269 2377 vbi
288 2339 336 2377 rex
353 2323 490 2378 consuluit
507 2323 609 2393 quibus
626 2323 783 2394 sumptibus
800 2335 980 2379 manutenere
996 2333 1092 2393 posset
1109 2340 1238 2392 guerram

87 2423 186 2474 suam:
217 2405 332 2476 ingessit
356 2422 387 2460 se
411 2405 526 2475 quidam
551 2405 718 2462 iusticiarius
741 2424 860 2476 magnus
885 2407 998 2462 nomine
1022 2406 1178 2462 Willelmus
1203 2407 1240 2461 de

88 2489 275 2558 Gislingham,
290 2487 341 2560 [et]
355 2490 452 2544 volens
470 2506 609 2560 aucupare
625 2490 748 2544 fauorem
765 2507 931 2559 magnorum
944 2501 974 2544 et
990 2490 1114 2544 minuere
1127 2491 1238 2544 laudem

89 2583 259 2638 sanctorum,
283 2571 369 2626 dixit:
398 2572 441 2627 ‘O
469 2582 573 2643 quanta
604 2571 707 2627 scrinia
736 2583 765 2627 et
795 2573 889 2643 qualia
916 2583 1085 2641 sanctorum,
1110 2571 1238 2628 videlicet
1254 2587 1284 2624 ro

91 2654 243 2722 Edmundi,
258 2653 367 2710 Thome
383 2664 411 2710 et
428 2655 554 2720 aliorum,
568 2654 675 2709 infinito
692 2656 825 2710 thesauro
841 2666 949 2722 ornata,
962 2654 1047 2710 nichil
1064 2655 1240 2710 continencia

90 2737 143 2792 nisi
161 2755 226 2792 ossa
243 2747 433 2805 mortuorum:
459 2754 513 2808 que
535 2737 559 2792 si
581 2737 609 2792 in
632 2739 700 2793 fisco
718 2737 918 2808 redigerentur,
936 2756 992 2793 non
1012 2747 1087 2793 esset
1107 2738 1174 2792 alibi
1195 2755 1238 2792 re·

90 2820 271 2876 currendum!
308 2822 371 2890 Quo
384 2821 477 2876 dicto:
497 2821 644 2876 confestim
661 2820 688 2874 in
701 2821 796 2875 medio
809 2821 910 2876 cecidit
927 2831 954 2876 et
973 2820 1116 2890 expirauit.
1154 2821 1238 2888 Quod

91 2903 267 2958 infortunium
293 2921 340 2958 rex
359 2903 457 2958 videns
481 2903 537 2959 ait:
565 2903 725 2959 ‘Extrahite
747 2920 847 2958 canem
868 2903 961 2971 istum,
979 2903 1027 2974 qui
1052 2903 1127 2958 istud
1147 2903 1238 2958 scelus

91 2986 225 3056 suggessit
238 2995 267 3041 ut
279 2984 325 3041 dei
338 2996 366 3041 et
378 2996 539 3042 sanctorum
553 2985 720 3041 incurrerem
733 2985 903 3041 vindictam!
1252 3003 1282 3052 ²5

152 3157 201 3212 DF.
219 3169 345 3213 DUOBUS
364 3169 587 3213 PISCATORIBUS
606 3170 663 3213 SUB
682 3168 778 3211 VNDlS
798 3168 895 3212 MARIS
913 3169 934 3210 A
952 3167 1175 3211 SUBMERSIONE

552 3252 772 3295 PRESERVATlS.

155 3363 220 3416 Nno
244 3362 337 3432 gracie
365 3367 455 3432 13430,
479 3362 506 3417 xi
530 3361 659 3416 homines
683 3361 720 3416 de
742 3361 864 3416 Monisle
885 3360 915 3416 in
938 3360 1144 3429 Northlolchia,
1163 3361 1237 3416 iuxta

187 3446 359 3513 Bromholm,
378 3445 495 3514 ingressi
516 3455 580 3500 sunt
599 3462 679 3499 mare
697 3443 822 3515 piscandi
842 3445 954 3514 gracia:
980 3454 1097 3515 ortaque
1114 3455 1237 3514 tempes-

94 3538 154 3596 tate,
173 3545 271 3583 euersa
291 3539 333 3582 est
354 3527 492 3596 nauicula,
514 3537 543 3582 et
566 3527 647 3582 eiecti
672 3537 735 3581 sunt
756 3527 802 3597 qui
825 3527 941 3594 inerant,
962 3545 1079 3599 quorum
1104 3527 1130 3581 ix
1153 3528 1238 3582 maris

96 3611 216 3666 fluctibus
245 3610 304 3665 dati
332 3611 403 3665 vltra
433 3627 490 3665 non
518 3620 743 3680 comparuerunt,
768 3609 823 3664 duo
849 3628 915 3665 vero
943 3610 1054 3678 residui,
1081 3611 1147 3666 hinc
1173 3611 1237 3666 inde

95 3695 209 3764 procella
221 3693 325 3760 iactati,
339 3693 435 3748 diuina
447 3692 641 3748 misericordia
651 3701 679 3747 et
697 3692 787 3746 sancti
800 3693 944 3748 Edmundi
962 3693 1068 3747 meritis
1080 3703 1236 3747 euaserunt.
1252 3712 1282 3760 ³0

99 3778 163 3832 Cum
173 3777 248 3831 enim
261 3775 289 3830 in
302 3777 460 3831 turbulento
473 3786 585 3830 centum
602 3776 706 3845 pedum
720 3775 916 3846 profunditatis
929 3776 1102 3842 fluctuarent,
1116 3775 1236 3830 brachiis

96 3859 134 3914 ori
151 3859 284 3930 appositis
305 3877 340 3914 ne
359 3859 523 3928 gustacione
542 3875 614 3928 aque
633 3857 779 3928 perissent,
798 3858 914 3912 mentali
934 3857 1087 3912 deuocione
1108 3867 1236 3912 sanctum

98 3943 272 3997 Edmundum
297 3941 505 3996 inuocauerunt.
542 3941 864 4012 Appropinquantesque
888 3940 1021 4006 naucelle,
1046 3939 1116 3993 alter
1139 3956 1235 3993 eorum

97 4024 230 4094 temptatis
244 4024 347 4078 viribus
366 4041 493 4079 euersam
512 4041 614 4078 nauem
633 4023 768 4089 ascendit,
780 4023 851 4077 alter
868 4039 951 4091 super
969 4023 1072 4075 malum
1090 4022 1234 4091 pendulus,

98 4125 201 4165 manum
218 4107 295 4162 socio
312 4107 466 4178 porrigens,
480 4106 553 4161 illius
570 4105 739 4161 adminiculo
757 4115 785 4160 et
803 4103 924 4159 martiris
936 4103 1038 4158 virtute
1056 4103 1235 4160 deductibus
1251 4125 1280 4174 ³5

99 4201 227 4245 extractus
245 4199 297 4244 est.
334 4190 414 4244 Tunc
432 4189 509 4260 quod
530 4188 606 4260 prius
624 4200 718 4243 mente
737 4197 929 4256 conceperant,
943 4204 991 4242 ore
1009 4186 1235 4257 pronunciamnt,

99 4283 221 4328 vouentes
234 4273 288 4328 deo
300 4289 351 4343 pro
365 4289 414 4342 spe
426 4271 613 4337 liberacionis,
626 4271 702 4342 quod
714 4287 770 4324 non
784 4281 980 4340 pernoctarent
994 4287 1047 4326 nec
1060 4271 1235 4325 comederent

100 4355 125 4410 in
136 4356 195 4411 villa
211 4355 324 4426 propria
335 4357 426 4411 donec
442 4364 569 4410 sanctum
583 4351 766 4409 Edmundum
782 4353 917 4424 corporali
934 4353 1029 4410 labore
1045 4364 1073 4410 et
1089 4369 1236 4409 munerum
