3012 4898
413 313 489 408 bt
511 309 676 400 &altitu
701 308 900 412 Pacida
1162 313 1232 403 285

67 515 248 574 suscitauit
285 515 344 587 Qui
355 533 451 589 vsque
471 517 509 572 ad
522 523 651 572 mortem
662 514 694 572 in
708 513 809 571 habitu
822 512 1037 572 monachorum
1049 529 1117 570 cum
1130 521 1234 570 sancto

66 606 226 678 episcopo
244 603 337 662 Trian
356 604 552 677 penitentiam
571 613 696 676 agentes
719 602 963 675 perseuerabant.
1038 588 1110 657 Fuit
1134 610 1234 658 autem

67 711 132 750 rex
154 692 280 766 quidam
303 693 425 750 nomine
444 691 529 748 Echu
539 689 556 759 ¹,
575 691 691 747 habens
713 689 805 747 filiam
824 687 932 762 quam¹
949 688 1014 746 viro
1033 689 1105 745 dare
1123 688 1233 746 voluit:

68 780 232 836 Patricius
244 796 318 836 vero
329 779 413 835 illam
426 795 540 852 sponso
553 777 656 835 celesti
668 779 808 850 copulare
821 777 1008 850 disponebat.
1046 775 1084 833 Et
1096 777 1136 832 ait
1148 785 1236 848 pater

66 868 200 940 puelle:
222 867 345 923 ‘Filiam
362 883 461 923 meam
479 866 556 922 dabo
568 866 641 933 viro,
654 883 672 920 o
686 864 803 932 Patn'ci,
817 864 874 921 nisi
893 863 1069 938 promiseris
1087 863 1160 920 mihi
1179 880 1263 936 pron

66 972 109 1011 ea
130 971 267 1028 regnum
285 954 404 1024 celeste,
418 962 448 1010 et
467 971 528 1009 non
547 971 636 1026 cogas
655 969 704 1009 me
723 951 883 1026 baptizari.¹
922 951 960 1008 Et
977 951 1114 1024 promisit
1131 951 1159 1008 ei
1178 951 1233 1008 hoc

66 1051 213 1099 sanctus.
258 1041 330 1100 Post
350 1041 442 1097 multa
460 1051 561 1097 autern
579 1051 716 1114 tempora
734 1039 880 1114 egrotauit
899 1057 963 1107 rex,
987 1048 1018 1098 et
1039 1037 1128 1096 cum⁸
1145 1039 1233 1096 morti

66 1147 178 1203 prope
203 1138 293 1198 esset,
317 1129 393 1186 dixit
418 1127 499 1186 suis:
529 1128 613 1184 ‘Non
638 1127 791 1202 sepeliatis
815 1145 864 1184 me
888 1128 983 1184 donec
1004 1128 1105 1184 veniat
1126 1128 1164 1184 ad
1183 1145 1234 1184 me

67 1227 207 1274 sanctus
218 1217 380 1274 Patricius:
400 1216 471 1289 quia
483 1215 533 1272 ille
546 1215 684 1288 promisit
696 1215 769 1272 mihi
781 1215 872 1272 vitam
886 1215 1046 1272 celestem!
1066 1215 1104 1271 Et
1117 1223 1234 1271 mortuo

67 1321 165 1377 rege,
178 1303 262 1360 venit
281 1303 445 1360 Patricius:
466 1313 496 1360 et
513 1303 609 1359 orauit
627 1304 664 1359 ad
685 1302 840 1360 dominum
858 1320 927 1360 cum
946 1302 1104 1372 lachrimis,
1120 1312 1150 1359 et
1168 1319 1234 1360 sus·
1249 1318 1280 1358 10

69 1392 184 1448 citauit
206 1409 285 1461 eum,
308 1400 339 1448 et
362 1391 543 1464 baptizauit;
570 1400 659 1464 atque
680 1389 771 1448 dixit:
804 1389 917 1446 ‘Narra
937 1391 1024 1448 uobis
1049 1389 1150 1446 omnia
1173 1407 1232 1463 que

69 1479 191 1548 vidisti,
210 1479 276 1535 siue
293 1479 333 1536 de
351 1479 439 1552 penis
461 1479 623 1551 impiorum
642 1479 707 1535 siue
726 1479 765 1535 de
783 1477 967 1534 beatitudine
988 1487 1179 1536 sanctorum:
1201 1487 1233 1534 vt

69 1568 207 1624 credant
221 1566 261 1622 hii
274 1567 383 1639 quibus
400 1566 533 1640 predico,
545 1583 618 1622 vera
634 1583 703 1622 esse
720 1583 779 1638 que
795 1565 878 1622 dico!
916 1565 1052 1638 Cumque
1065 1565 1165 1622 omnia
1178 1583 1234 1640 per

70 1654 241 1711 ordinem*
254 1663 434 1724 enarrasset,
447 1654 488 1710 ait
502 1653 665 1710 Patricius:
685 1653 789 1726 ‘Elige
807 1652 859 1710 tibi
874 1669 987 1710 vnum:
1005 1661 1036 1710 vt
1054 1654 1085 1711 in
1104 1654 1160 1711 hac
1173 1654 1232 1712 vita

70 1741 192 1798 iterum
204 1741 299 1810 viuas,
312 1750 362 1798 aut
381 1759 461 1798 nunc
480 1742 518 1797 ad
533 1741 630 1797 celum
643 1743 770 1814 pergas.¹
810 1739 978 1814 Respondit
996 1757 1070 1797 rex:
1091 1740 1141 1798 ‘Si
1160 1741 1232 1798 mihi
1249 1756 1278 1807 ις
1376 1747 1378 1752 ’

70 1829 174 1886 totius
186 1829 265 1885 orbis
282 1845 408 1902 regnum
421 1831 551 1898 daretur,
564 1845 620 1900 pro
640 1827 731 1885 nihilo
749 1829 864 1886 ducens
877 1829 959 1886 velut
977 1828 1098 1884 inanem
1116 1827 1232 1886 sumum

71 1925 329 1989 contempnerem
341 1915 372 1972 in
386 1916 609 1989 comparatione
621 1925 793 1973 eternorum
812 1917 989 1988 gaudiorum
1007 1934 1066 1990 que
1079 1915 1158 1974 vidi:
1178 1917 1233 1974 sed

72 2017 157 2073 rogo
177 2009 208 2057 vt
230 2001 267 2056 ad
288 1999 370 2057 illam
390 2000 518 2057 leticiam
540 2017 631 2072 quam
652 1999 713 2056 vidi
735 2001 910 2073 quantocius
932 2003 1081 2058 reuertar.’
1119 2000 1232 2057 Eadem

72 2089 166 2156 hora,
178 2097 302 2160 accepto
320 2105 445 2161 corpore
464 2087 584 2157 Christi,
603 2087 741 2160 migrauit
759 2088 797 2143 ad
815 2087 979 2145 dominum.
1050 2071 1157 2144 ⁸Venit
1177 2087 1233 2144 Pa·

71 2175 186 2232 tricius
200 2175 231 2231 in
244 2192 383 2249 campum
397 2175 559 2232 Connactie
572 2183 603 2232 et
622 2174 736 2233 inuenit
754 2176 794 2232 ibi
810 2177 997 2249 signaculum
1010 2177 1108 2233 crucis
1120 2175 1232 2234 Christi
1248 2191 1280 2228 ao

74 2274 108 2320 et
130 2263 192 2319 duo
209 2263 370 2337 sepulchra
388 2281 474 2332 noua,
487 2273 516 2320 et
535 2265 592 2320 ait:
616 2263 708 2334 ‘Quis
725 2273 772 2321 est
790 2264 838 2321 hic
857 2266 1025 2337 sepultusi'
1063 2264 1102 2321 Et
1116 2282 1176 2321 vox
1194 2265 1233 2321 de

74 2351 244 2424 sepulchro
263 2351 436 2424 respondit:
458 2350 538 2424 ‘Ego
555 2368 622 2407 sum
642 2351 732 2408 homo
748 2353 886 2425 gentilis!
922 2351 978 2409 Cui
997 2363 1136 2410 sanctus:
1156 2352 1234 2409 ‘Cur

75 2439 168 2496 iuxta
184 2447 214 2494 te
233 2455 308 2495 crux
327 2449 430 2495 sancta
451 2439 545 2495 inlixa
564 2441 646 2496 esti'
683 2437 721 2495 Et
743 2439 809 2495 ille:
835 2439 909 2510 ‘Qui
928 2440 1064 2513 sepultus
1082 2449 1130 2498 est
1151 2439 1233 2498 iuxta

76 2527 163 2584 latus
181 2542 292 2594 meum,
309 2526 433 2582 credidit
452 2527 510 2583 deo
530 2525 604 2583 celi:
623 2535 654 2584 et
669 2527 752 2584 venit
766 2527 813 2584 vir
830 2526 928 2583 fatuus
946 2537 977 2583 et
995 2529 1093 2602 posuit
1112 2545 1232 2586 crucem

75 2615 166 2672 iuxta
184 2617 251 2672 me!
286 2613 371 2670 Tunc
385 2613 532 2670 Patricius
550 2631 643 2687 super
660 2615 853 2687 sepulchrum
870 2615 1010 2688 baptizati
1025 2633 1145 2673 crucem
1160 2616 1231 2690 poni
1248 2631 1278 2682 ²⁵

77 2701 178 2759 iussit
252 2688 336 2761 Cum
358 2702 480 2775 quidam
502 2702 655 2775 pessimus
675 2701 796 2759 nomine
817 2701 938 2775 Foilgus
959 2702 1093 2776 aurigam
1114 2702 1232 2760 Patricii

78 2790 250 2863 iugulasset
268 2807 369 2846 coram
386 2807 431 2860 eo,
444 2800 474 2846 et
493 2790 600 2846 eodem
617 2807 722 2846 mense
737 2798 874 2847 mortuus
891 2790 1006 2860 suisset,
1018 2790 1118 2846 anima
1134 2789 1198 2848 eius
1215 2807 1234 2848 a

76 2877 223 2950 malignis
241 2877 395 2951 spiritibus
414 2878 451 2933 ad
471 2877 622 2934 infernum
639 2877 831 2949 deportatur:
858 2887 887 2934 et
905 2876 1026 2934 intrauit
1048 2878 1184 2935 diabolus
1202 2877 1234 2934 in

76 2982 193 3037 corpus
214 2965 288 3030 eius,
306 2973 336 3021 et
354 2965 496 3022 habitauit
517 2964 548 3020 in
570 2964 630 3034 illo,
650 2965 735 3036 quasi
755 2964 845 3021 homo
864 2964 972 3022 viuens
989 2964 1069 3022 inter
1086 2966 1233 3024 homines.

77 3053 157 3111 Post
176 3053 300 3109 multum
319 3061 440 3126 tempus
452 3051 534 3109 venit
548 3051 693 3108 Patricius
712 3052 749 3108 ad
762 3053 885 3108 domum
901 3051 1002 3125 Foilgi,
1015 3061 1046 3109 et
1064 3069 1132 3110 cum
1151 3061 1233 3110 esset
1248 3073 1280 3122 30

75 3150 153 3197 ante
177 3140 306 3210 ianuam,
326 3139 539 3213 “interrogauit
558 3155 651 3196 vnum
672 3140 710 3196 de
732 3140 830 3196 seruis
852 3140 917 3197 eius
940 3141 1063 3197 dicens:
1091 3140 1165 3196 ‘Vbi
1186 3149 1233 3198 est

80 3227 106 3283 F
107 3227 239 3300 oilgusl’
277 3227 316 3283 Et
333 3227 401 3285 ille:
421 3226 525 3283 ‘Nunc
542 3226 648 3299 reliqui
662 3243 732 3284 eum
750 3226 781 3284 in
793 3228 884 3284 domo
901 3229 973 3285 sua!
1012 3227 1156 3285 Patricius
1174 3228 1232 3284 ait:

79 3315 148 3372 ‘Ex
158 3333 194 3372 eo
203 3323 339 3387 tempore
348 3332 408 3388 quo
418 3313 561 3387 iugulauit
574 3314 707 3388 aurigam
720 3332 820 3372 meum
834 3332 935 3372 coram
947 3332 1005 3384 me,
1014 3315 1063 3372 ille
1072 3316 1103 3371 in
1116 3315 1233 3372 inferno

78 3402 200 3476 positus
216 3411 280 3472 est:
300 3403 355 3458 sed
367 3402 450 3459 venit
462 3401 598 3472 diabolus
610 3411 643 3458 vt
661 3403 826 3460 ludificaret
844 3403 875 3458 in
895 3419 1020 3476 corpore
1037 3403 1110 3472 eius,
1121 3413 1153 3462 vt
1172 3422 1232 3460 non

78 3499 197 3548 tantum
210 3490 312 3547 anima
323 3489 388 3548 eius
401 3490 432 3545 in
444 3489 563 3546 inferno
576 3489 768 3558 cruciaretur,
781 3492 834 3548 sed
848 3490 938 3546 etiam
951 3507 1060 3564 corpus
1073 3490 1138 3548 eius
1155 3491 1235 3548 inter
1248 3513 1279 3564 35

79 3578 221 3634 homines
231 3579 361 3634 demone
371 3579 557 3651 repleretur!
582 3619 584 3624 -
622 3565 767 3636 Occurrit
778 3595 832 3634 rex
842 3579 964 3651 quidam
974 3577 1101 3635 Patricio
1111 3579 1233 3638 nominc

80 3665 237 3738 Oengus⁷,
253 3675 283 3722 et
301 3666 430 3722 credens
448 3665 616 3738 baptizatus
634 3675 689 3723 est.
726 3665 862 3739 Cumque
883 3665 1027 3724 Patricius
1045 3676 1134 3740 caput
1153 3667 1234 3741 regis

79 3752 298 3820 benedixisset,
317 3752 420 3826 cuspis
438 3753 534 3810 baculi
553 3753 619 3809 eius
640 3752 751 3809 infixa⁸
772 3763 818 3810 est
837 3753 868 3809 in
890 3755 968 3826 pede
988 3754 1085 3826 regis:
1105 3756 1160 3812 sed
1179 3773 1234 3811 rex

79 3839 324 3898 benedictionem
336 3840 423 3896 valde
441 3840 625 3908 desiderans,
638 3839 772 3897 dolorem
790 3841 877 3913 pedis
893 3858 950 3914 pro
967 3841 1060 3898 nihilo
1076 3843 1232 3913 reputauit.

80 3929 150 4000 Quo
169 3927 243 3997 viso,
261 3937 384 3984 sanctus
404 3927 549 3984 Patricius
570 3928 680 4000 pedem
703 3927 872 3986 benedixit:
900 3939 931 3985 et
953 3928 1053 3985 statim
1074 3929 1231 3986 sanitatem
1246 3952 1279 4000 40

80 4015 223 4088 recepit‘.
297 4003 419 4072 lnuenit
444 4025 565 4071 sanctus
590 4014 735 4072 Patricius
759 4015 790 4072 in
814 4015 862 4072 via
886 4016 1013 4089 quadam
1038 4015 1231 4088 sepulchrum

113 4165 170 4215 ¹E.
186 4165 284 4223 echeu;
300 4163 330 4214 T.
342 4165 419 4214 echu.
512 4163 568 4216 ¹T.
583 4182 639 4228 qua.
738 4165 813 4218 ’om
827 4167 853 4216 in
864 4166 893 4217 T.
987 4165 1043 4217 4Ε.
1057 4181 1104 4230 per
1115 4167 1232 4216 ordinem

80 4231 183 4289 omnia:
199 4229 229 4280 T.
241 4231 328 4280 omnia
339 4246 387 4294 per
397 4231 522 4282 ordinem.
589 4233 630 4263 Μ
645 4231 709 4282 'l'his
721 4247 838 4295 passage,
852 4233 878 4282 in
888 4233 933 4282 the
943 4231 1009 4292 Vita,
1023 4234 1147 4296 precedes
1159 4231 1232 4282 Post·

79 4313 166 4359 quam,
178 4303 228 4345 etc.
242 4311 269 4357 p.
281 4297 338 4357 284,
349 4297 366 4345 l.
375 4311 416 4358 35.
525 4294 648 4349 ‘Reti
760 4297 817 4350 1Τ.
830 4299 947 4362 Oengus,
959 4299 988 4350 Ε.
1000 4301 1114 4362 dangos:
1131 4299 1183 4349 vie
1197 4298 1230 4349 Ο.

80 4363 150 4414 lilius
163 4361 306 4424 Natlraich,
318 4377 365 4412 rex
377 4363 592 4414 llumunensium.
690 4363 700 4393 ⁸
715 4364 748 4414 T.
759 4363 820 4417 fixa.
