3028 4894
278 274 351 346 4³2
594 255 725 342 nott
750 251 942 357 imenso
967 253 1118 358 fincte.

280 454 402 512 domino
425 463 526 512 autem
546 471 601 528 pro
625 455 689 513 suis
713 465 875 529 pugnante,
893 455 1014 514 inimica
1034 473 1143 514 manus
1162 455 1292 515 confusa
1311 466 1344 515 et
1360 457 1427 514 victa

280 542 415 600 discedit.
451 542 597 616 Cumque,
609 543 698 600 tertio
709 543 835 613 victi,se
851 545 890 600 ad
907 553 1046 618 quartum
1060 545 1189 618 prelium
1203 554 1354 618 par-arent
1368 561 1428 602 cum
1488 571 1489 614 l

281 647 352 704 rege
365 647 429 700 suo,
442 633 556 688 meritis
573 633 667 688 sancti
679 630 736 688 viri
753 631 849 688 multo
866 639 936 688 ante
955 631 1060 688 horam
1079 649 1165 689 mare
1182 633 1314 704 effluxit,
1328 649 1428 690 nauem

280 717 385 774 extruit
403 727 442 788 et,
455 717 587 792 quinque
604 735 726 776 suorum
745 719 845 776 solum
863 717 979 788 occisis,
992 727 1130 776 sanctum
1148 719 1197 776 dei
1215 721 1247 776 iu
1269 719 1429 778 Sandictrm

251 813 400 878 sportum
421 822 567 880 prospere
586 806 696 864 euenit.
779 793 822 863 Et
844 805 971 864 audiens
995 806 1130 864 Ceddam
1150 807 1206 864 sibi
1227 809 1430 882 subrogamus,

280 892 399 965 placido
417 893 499 950 vultu
518 903 548 950 et
567 893 653 950 hilari
671 901 794 968 pectore
815 893 934 967 Ripun¹
954 894 1099 967 perrexit,
1112 895 1214 968 ibique
1232 895 1371 953 sentitiis
1387 895 1430 951 dei

280 981 414 1038 intentus
436 997 492 1054 per
514 980 634 1054 aliquod
658 993 779 1055 tempus
803 980 834 1037 in
859 981 1011 1038 secretiori
1033 981 1200 1038 habitaculo
1225 985 1351 1042 mansit.
1387 983 1430 1038 ln·

281 1069 389 1125 stantia
410 1069 530 1126 tandem
555 1068 636 1142 regis
660 1067 820 1126 Cantuarie
844 1068 987 1126 Canciam
1014 1069 1093 1135 adiit,
1113 1079 1144 1126 et
1168 1087 1224 1142 per
1247 1079 1316 1128 tras
1341 1086 1431 1127 annos

281 1154 392 1212 ibidem
422 1155 591 1229 predicans,
616 1155 770 1216 ministros
799 1155 927 1214 ecclesie
957 1157 1106 1214 ordinauit
1135 1166 1166 1213 et
1197 1167 1282 1215 recte
1315 1159 1431 1216 uiuendi

239 1257 269 1294 ιο
281 1243 418 1302 ordinem
437 1243 571 1302 instituit
607 1244 797 1302 Adueniente
815 1253 917 1304 sutem
936 1243 975 1301 de
991 1243 1091 1300 Roma
1108 1243 1270 1301 Theodoro
1288 1246 1431 1319 arehiepi-

281 1347 374 1405 scopo
386 1331 417 1388 in
427 1331 568 1404 Angliam
580 1331 618 1388 ab
630 1331 794 1406 apostolica
803 1333 877 1390 sede
890 1331 992 1402 misso,
1000 1331 1169 1400 wilfridus,
1178 1331 1285 1390 Cedda
1296 1333 1432 1407 expulso,

281 1419 347 1476 sedi
364 1436 419 1476 sue
436 1419 588 1476 restitutus
602 1429 659 1476 est
695 1419 754 1490 Qui
771 1419 872 1476 statim
888 1417 1065 1476 ecclesiam'
1076 1419 1108 1476 in
1127 1419 1241 1476 honore
1257 1421 1343 1478 beati
1358 1419 1431 1476 Petn'

281 1506 407 1580 apostoli
419 1524 438 1563 a
449 1505 652 1564 fundamentis
667 1507 842 1564 construxit
915 1493 998 1566 Cum
1014 1515 1114 1564 autem
1133 1507 1244 1580 populo
1259 1508 1431 1581 predicaret

281 1594 330 1651 die
354 1596 494 1668 quadam,
519 1593 627 1652 mulier
655 1594 787 1668 quedam
816 1593 909 1651 nimio
939 1594 1043 1652 dolore
1072 1594 1190 1664 afflicta,
1215 1595 1316 1653 filium
1348 1613 1430 1654 suum

239 1697 267 1746 ts
282 1681 454 1740 defunctum
473 1683 504 1738 in
516 1682 595 1740 vlnis
612 1681 756 1752 baiulans,
768 1699 871 1740 coram
887 1690 991 1739 sancto
1008 1681 1150 1755 episcopo
1164 1699 1199 1739 se
1216 1685 1393 1756 prostrauit,
1404 1693 1431 1740 et

282 1778 314 1826 vt
331 1769 424 1826 filium
444 1770 635 1827 resuscitaret
659 1771 771 1828 amaris
794 1769 915 1828 fletibus
936 1769 1084 1827 instanter
1101 1769 1224 1843 rogauit.
1274 1770 1354 1830 Mox
1373 1773 1431 1844 epi·

282 1875 393 1932 scopus
406 1859 471 1916 solo
484 1867 651 1932 prostratus
662 1867 693 1915 et
705 1857 812 1916 faciem
824 1857 976 1918 lachrimis
988 1858 1130 1932 perfusus
1136 1857 1157 1926 ⁸,
1170 1859 1343 1918 orationem
1361 1859 1430 1918 ludit

282 1947 404 2004 dicens:
425 1945 470 2003 ‘O
486 1945 608 2002 domine
625 1947 701 2003 deus
719 1956 805 2020 pater
821 1945 1022 2021 omnipotens,
1034 1963 1097 2003 non
1110 1947 1148 2002 ad
1162 1947 1269 2004 merita
1289 1965 1369 2016 mea,
1381 1948 1430 2004 sed

282 2035 320 2090 ad
340 2043 390 2090 tue
412 2033 532 2108 pietatis
551 2051 652 2107 opera,
671 2051 789 2106 precor,
808 2033 943 2108 placatus
962 2035 1092 2104 attende,
1113 2043 1144 2091 et
1162 2035 1326 2109 erumpnis
1348 2035 1430 2094 huius

239 2145 270 2180 πο
284 2121 416 2179 mulieris
428 2137 517 2194 opem
529 2129 580 2178 tue
592 2121 803 2179 consolationis
820 2122 971 2196 impende,
984 2121 1167 2180 restituendo
1180 2120 1237 2178 sibi
1251 2123 1430 2182 incolumem

283 2209 376 2266 lilium
397 2226 494 2280 suum,
515 2226 571 2282 per
596 2209 718 2266 ihesum
739 2208 892 2266 Christum
911 2209 1065 2268 dominum
1087 2219 1225 2266 nostrum
1245 2211 1429 2286 unigenitum

283 2297 376 2354 filium
398 2297 499 2353 tuum!
544 2295 611 2368 Quo
635 2295 722 2366 dicto,
741 2297 872 2354 surrexit
893 2313 970 2370 puer
993 2297 1081 2354 viuus
1104 2305 1135 2353 et
1160 2297 1249 2353 matri
1274 2298 1429 2358 incolumis

283 2384 424 2442 redditur.
485 2371 550 2442 Hic
561 2392 681 2441 sanctus
691 2385 853 2458 episcopus
862 2383 1131 2458 diuinisobsequiis
1139 2384 1269 2458 peruigil
1279 2386 1429 2452 insistens,

282 2489 393 2546 corpus
411 2489 508 2542 suum,
521 2473 602 2545 quod
615 2472 652 2532 ab
665 2473 747 2529 omni
760 2471 935 2546 contagione
948 2489 988 2530 ex
999 2480 1085 2529 utero
1098 2471 1203 2528 matris
1216 2490 1274 2531 sue
1286 2476 1428 2532 mundum

239 2583 268 2634 r,
282 2560 472 2630 custodierat,
491 2569 553 2617 tarr
577 2559 687 2633 vigiliis
710 2576 801 2632 quam
826 2558 986 2634 frigoribus
1015 2559 1091 2618 mire
1122 2559 1282 2632 rffioruar,
1307 2563 1429 2636 angus

283 2648 355 2706 illud
373 2647 509 2705 noctibus
526 2663 604 2721 aqua
621 2646 727 2720 frigida
743 2647 882 2720 tingens;
904 2664 959 2704 nec
978 2647 1063 2721 prius
1081 2646 1119 2704 ab
1138 2647 1193 2704 bac
1212 2651 1429 2708 consuetudine
1491 2667 1492 2712 l

282 2735 411 2794 cessauit
421 2735 442 2806 ⁴,
459 2751 550 2808 quam
573 2734 722 2792 lohannes
740 2734 903 2808 apostolice
922 2735 1004 2792 sedis
1024 2733 1150 2792 antistes
1168 2753 1248 2805 eum,
1268 2753 1328 2809 pro
1349 2735 1429 2796 etatis

282 2841 338 2881 sue
359 2821 514 2896 grauitate,
535 2822 602 2880 huic
627 2821 781 2896 proposito
805 2821 921 2880 iuberet
945 2823 1038 2879 finem
1057 2821 1225 2896 imponere.
1264 2823 1336 2882 Non
1356 2825 1428 2882 bunc

282 2913 372 2968 ardor
384 2910 496 2980 estatis,
507 2927 566 2966 non
579 2909 673 2982 frigus
686 2910 793 2967 hiemis
805 2910 843 2967 ab
857 2908 998 2967 instantia
1009 2908 1088 2983 cepti
1099 2912 1201 2984 operis
1213 2911 1264 2967 dei
1277 2913 1429 2970 retrahere

238 3021 270 3070 30
282 3000 430 3056 valebant.
473 2996 507 3055 Si
537 2997 657 3071 quando
681 2997 812 3071 aliquid!
836 2996 1009 3054 deliciarum
1034 2999 1143 3070 quouis
1167 3007 1289 3070 euentu,
1316 3008 1349 3058 et
1378 3000 1428 3056 boc

283 3103 403 3146 summa
427 3103 495 3143 cum
521 3087 672 3159 parcitate,
696 3083 728 3142 in
760 3102 862 3142 escam
892 3086 1037 3154 sumebat,
1064 3086 1196 3158 idipsum
1221 3087 1252 3142 in
1285 3104 1321 3146 se
1352 3097 1428 3162 post·

283 3176 405 3231 modum
417 3171 502 3247 graui
515 3172 615 3230 inedia
626 3171 803 3230 vindicabat
878 3159 916 3230 In
929 3171 1155 3246 hagustaldensi
1168 3173 1258 3245 opido
1272 3174 1428 3233 ecclesiam

283 3263 359 3320 miro
371 3278 464 3336 opere
476 3259 545 3318 iecit
557 3269 587 3317 et
600 3259 630 3317 in
649 3259 763 3318 honore
781 3259 877 3318 sancti
889 3259 1014 3317 Andree
1032 3260 1159 3333 apostoli
1178 3260 1340 3320 dedicauit.
1376 3261 1428 3318 Vbi

282 3353 355 3408 dum
375 3347 548 3407 cementarii
566 3347 722 3422 superiora
740 3347 865 3421 parietis
883 3347 1012 3418 linirent,
1031 3365 1109 3404 vnus
1128 3365 1233 3404 eorum
1251 3347 1285 3405 in
1303 3365 1428 3422 preceps

239 3459 269 3510 35
283 3438 394 3496 corruit
418 3445 448 3494 et
473 3435 608 3494 contritis
632 3435 772 3493 omnibus
796 3435 940 3493 membris
964 3433 1051 3508 quasi
1075 3445 1211 3492 mortuus
1235 3435 1336 3494 iacuit.
1380 3437 1429 3492 Vir

282 3537 382 3586 autem
396 3524 517 3594 domini,
530 3525 641 3582 absens
659 3533 690 3581 et
708 3525 738 3580 in
756 3523 862 3597 spiritu
881 3523 938 3580 hoc
950 3524 1064 3593 videns,
1077 3521 1109 3580 in
1127 3522 1291 3581 lachrimas
1309 3524 1428 3590 solutus,

282 3613 484 3674 assidentibus
505 3611 576 3686 quid
597 3611 760 3669 euenerat·
779 3629 819 3668 ex
836 3612 941 3668 ordine
960 3609 1074 3685 pandit.
1112 3609 1185 3668 Mox
1202 3609 1274 3667 illuc
1293 3629 1427 3686 pergens,

283 3705 321 3761 ad
340 3710 451 3760 tactum
468 3701 533 3756 eius
553 3698 710 3772 pristinam
731 3708 912 3772 receperunt
925 3697 1064 3755 membra
1085 3697 1253 3755 sanitatem.
1333 3687 1428 3760 Acce·

283 3799 369 3866 perat
388 3797 490 3846 autem
512 3805 566 3844 rex
588 3785 738 3861 Egiridus,
760 3786 811 3860 qui
836 3785 921 3844 Oswi
942 3794 1138 3856 successerat,
1158 3801 1287 3842 vxorem
1312 3789 1428 3846 nomine

237 3909 271 3960 40
285 3877 511 3946 Etheldredsm,
530 3875 638 3950 quein
656 3883 726 3932 voto
744 3873 921 3947 virginitatis
939 3876 1037 3948 potius
1056 3873 1133 3930 banc
1153 3873 1246 3931 vitam
1266 3876 1427 3950 mansigere

283 3973 490 4043 proposuerat,
514 3979 604 4037 quam
628 3961 725 4020 aliena
748 3961 871 4020 libidine
891 3959 1013 4020 violari:
1046 3961 1145 4018 iuncta
1168 3970 1216 4018 est
1240 3969 1345 4021 nmen
1370 3960 1427 4034 regi

283 4054 399 4131 prelato
417 4053 484 4126 lege
503 4049 658 4124 coniugali,
678 4067 738 4107 non
755 4048 987 4107 coniunctione'
1004 4048 1125 4106 carnali.
1162 4047 1255 4106 Cuius
1274 4049 1321 4108 rei
1339 4049 1428 4126 gratia

283 4145 404 4201 beatum
423 4137 595 4196 Willn'dum
613 4147 675 4196 tarn
693 4155 749 4211 per
767 4155 802 4195 se
820 4154 911 4211 quam
928 4154 986 4212 per
1002 4137 1077 4194 alios
1100 4153 1155 4194 rex
1173 4137 1326 4208 conuenit,
1344 4153 1427 4196 omns

318 4265 371 4314 ¹T.
385 4264 488 4328 Ripun3
505 4262 534 4312 E.
547 4263 639 4324 ripum.
716 4260 941 4324 ¹sellipensem.
1029 4259 1089 4310 ¹13.
1102 4260 1232 4323 profluus.
1316 4261 1427 4312 ‘Eadm

284 4345 397 4380 cessans.
462 4327 519 4377 Ἐ
531 4328 616 4390 aliqui.
681 4324 909 4378 'Eadeuenerit
974 4323 1225 4382 'accurrerunt
