3042 4884
377 231 457 326 lic
479 230 644 322 buitta
668 233 931 342 asotorum.
1132 255 1204 326 203

99 427 218 487 insaucia
235 433 464 490 conuersatione
483 432 608 490 feliciter
627 443 880 491 consummarunt.
955 421 1031 491 Hiis
1048 432 1087 490 ita
1103 432 1206 506 gestis,

97 517 167 573 loso's
175 519 314 592 antiquus,
328 520 467 578 omnibus
479 521 566 578 bonis
583 521 732 590 inuidens,
747 539 807 578 non
824 530 923 579 cessat
939 520 1103 578 machinari
1121 521 1206 576 dolos

95 605 176 672 quibus
196 607 334 680 decipere
359 609 455 666 valeat
479 608 664 666 christianos.
702 609 761 665 Hic
786 609 912 667 accessit
937 610 975 666 ad
1000 608 1116 666 Cbeuin
1142 610 1206 680 epi·

93 705 197 762 scopum,
224 693 449 752 similitudinem
480 713 638 754 assumens
665 695 783 767 clerici;
809 707 840 754 et
862 697 944 754 velut
968 696 995 754 ei
1021 697 1206 768 compatiens

68 783 70 812 ⁵
92 785 158 848 atquc
168 782 379 852 querimoniam
391 783 512 854 faciens,
526 783 750 841 miserationem
763 785 802 840 de
815 785 865 840 illo
878 801 912 841 se
926 785 1038 840 habere
1051 784 1204 852 simulans,
1220 799 1234 851 5

67 859 157 921 'surm
177 869 238 924 eius
260 871 571 928 extrinsecus⁸verbis
596 871 673 928 fictis
697 871 854 942 deliniens,
879 889 931 928 cor
954 871 1031 928 illius
1055 880 1206 944 temptans

65 1023 66 1028 ἵ
90 951 237 1012 intrinsecus
256 967 289 1013 et
307 975 427 1014 veneno
446 958 609 1031 iniquitatis
625 959 784 1016 inliciendo
796 977 1001 1032 corrumpens,
1014 959 1055 1016 ait
1067 958 1108 1014 illi
1121 957 1206 1030 quasi

88 1039 169 1097 dolens
185 1061 237 1115 pro
252 1063 308 1102 eo:
330 1046 426 1116 ‘Quid
444 1045 492 1102 hic
510 1046 583 1119 agis,
603 1046 718 1103 Cheuin
737 1046 871 1119 pontifex
890 1056 920 1103 et
938 1046 1101 1103 fortissime
1119 1045 1207 1102 here-

88 1126 158 1182 nita?
189 1131 247 1187 Cur
270 1134 376 1205 perdis
397 1133 584 1190 iuuentutem
605 1142 687 1190 tuam
706 1133 738 1190 in
758 1134 813 1190 hac
833 1133 1002 1191 vastissima
1026 1133 1207 1190 solitudine?

87 1209 147 1279 Quid
169 1219 358 1288 proiecerunt
382 1220 434 1277 tibi
454 1230 571 1292 septem
597 1221 669 1276 anni
693 1239 769 1294 quos
793 1221 853 1277 iam
876 1220 1049 1293 transegisti
1072 1221 1207 1277 districte
1224 1241 1253 1276 ro

87 1299 169 1358 nuens
190 1304 219 1361 in
241 1306 300 1363 ista
325 1309 457 1376 heremo,
481 1308 512 1364 in
538 1307 647 1380 quibus
669 1308 826 1365 macerasti
847 1325 956 1381 corpus
974 1318 1058 1365 tuum
1080 1306 1207 1374 ieiuniis,

84 1387 189 1446 animam
208 1394 341 1452 afflixisti
363 1395 479 1468 vigiliis,
500 1405 656 1452 cortuum
677 1395 815 1454 cruciasti
833 1395 963 1452 inaniter
983 1395 1142 1468 gemitibus
1163 1403 1207 1450 at·

84 1489 128 1542 que
145 1479 297 1552 suspiriis?
335 1481 416 1552 Quid
433 1483 592 1539 valuerunt
608 1483 661 1540 tibi
679 1483 771 1540 vrtice
789 1491 820 1539 et
838 1482 936 1539 malue
954 1492 985 1540 et
1002 1483 1157 1555 oleraque
1176 1482 1207 1537 in

83 1560 160 1619 cibum
173 1569 325 1642 accepisti,
342 1571 436 1626 crude
454 1570 556 1640 herbe,
573 1569 688 1627 fructus
706 1571 858 1636 siluarum,
875 1571 1014 1626 arborum
1033 1571 1159 1626 cortices
1177 1578 1207 1625 et

83 1649 192 1710 udices?
227 1655 288 1712 Vbi
309 1667 379 1713 sunt
399 1657 542 1713 lectiones
561 1667 611 1713 tue
631 1657 790 1730 inquibus
811 1657 983 1730 frequenter
1000 1658 1206 1729 pernoctabas,
1223 1681 1252 1732 15

86 1743 330 1810 conpunctiones¹
349 1743 460 1812 intime,
482 1744 632 1801 orationes
650 1745 791 1801 assidue?
834 1744 893 1801 Vbi
915 1755 985 1801 sunt
1005 1744 1124 1801 labores
1146 1761 1207 1800 ma-

81 1835 154 1881 nuum
169 1830 277 1900 quibus
291 1831 343 1888 diu
356 1831 465 1887 frustra
477 1831 649 1902 desudasti;
667 1833 717 1888 vbi
730 1831 912 1889 suffusiones
925 1831 1143 1901 lachrimanrm,
1158 1831 1206 1888 vbi

80 1909 206 1972 desideria
216 1923 413 1976 eternorum?
439 1917 517 1976 Ecce
527 1919 627 1975 omnia
635 1919 754 1976 abstulit
762 1919 815 1976 tibi
827 1919 1017 1989 Modwenna,
1029 1919 1111 1991 [que]
1120 1918 1208 1991 ¹pro-

79 1997 142 2055 misit
155 2001 320 2063 Glunelach
337 2005 444 2062 latroni
461 2007 604 2078 pessimo,
621 2016 740 2079 pactum
758 2007 880 2063 firmum
899 2023 966 2062 cum
982 2024 1019 2063 eo
1034 2007 1155 2076 iaciens,
1172 2023 1207 2062 se

80 2083 193 2146 &ruram
214 2095 241 2149 ei
264 2094 365 2150 locum
385 2101 469 2149 tuum
488 2101 518 2150 et
535 2095 723 2150 mansionem
743 2092 851 2166 quam³
872 2103 923 2149 tua
944 2093 1050 2150 merita
1068 2111 1207 2166 prepara-
1222 2111 1253 2146 ao

78 2185 164 2232 uetant
181 2179 231 2235 tibi
254 2180 289 2237 in
310 2180 383 2238 celo.
420 2181 482 2237 Aut
502 2180 528 2236 si
547 2181 671 2237 estimas
693 2197 741 2238 me
760 2180 836 2236 salsa
855 2181 965 2250 dicere,
987 2180 1069 2237 mitte
1089 2197 1208 2236 mecum

78 2273 252 2339 quoscunque
285 2268 428 2340 placuerit
455 2269 493 2324 ad
521 2269 586 2324 eius
611 2268 843 2324 monasterium:
870 2277 899 2324 et
924 2267 967 2324 ibi
990 2267 1155 2325 Glunelach
1178 2275 1208 2323 et

78 2343 173 2418 Alphio
197 2353 301 2412 literas
326 2357 476 2412 discentes
501 2365 530 2413 et
554 2373 622 2412 cum
646 2355 810 2428 virginibus
835 2355 1039 2412 cohabitantes
1067 2363 1208 2428 poterunt

79 2433 173 2508 absque
193 2442 288 2500 dubio
308 2443 449 2516 reperire.
486 2443 563 2500 Vide
586 2459 658 2515 ergo
677 2459 767 2515 quam
793 2443 944 2500 incassum
969 2442 1117 2512 laborasti,
1140 2459 1207 2499 cum

78 2519 113 2576 isti
124 2526 178 2583 duo
190 2530 325 2588 latrones
343 2531 468 2604 pessimi
486 2532 648 2603 precedant
660 2539 689 2586 te
702 2531 733 2586 in
746 2547 841 2603 regno
858 2530 915 2586 dei.
954 2529 1098 2603 Recogita
1109 2529 1208 2603 itaque
1223 2544 1252 2595 25

77 2608 107 2664 de
124 2623 159 2682 te,
178 2621 284 2688 miser,
305 2627 336 2674 et
356 2619 477 2676 tandem
501 2618 661 2691 aliquando
686 2617 803 2691 respice
824 2617 974 2674 miserans
995 2617 1207 2691 temetipsum:

77 2697 133 2765 luia
149 2707 242 2764 multo
262 2707 372 2762 melius
389 2707 484 2763 luerat
498 2707 604 2763 saltem
622 2705 819 2778 temporalem
836 2705 947 2762 habere
962 2704 1100 2774 leticiam,
1117 2721 1207 2778 quam

76 2798 183 2860 semper
198 2793 230 2850 in
250 2793 399 2866 angustiis
414 2794 595 2850 existentem
614 2793 750 2850 amittere
768 2801 924 2865 vtramque
939 2792 1038 2859 simul,
1055 2800 1085 2848 et
1100 2792 1208 2848 transi·

76 2873 166 2934 t0riam
179 2891 208 2938 et
220 2883 378 2938 eternam!
410 2881 478 2938 Hiis
490 2881 599 2938 auditis
612 2881 788 2954 episcopum
800 2880 901 2952 grauis
914 2880 1070 2953 temptatio
1081 2879 1206 2936 inuasit:

75 2969 97 3014 e?
115 2963 231 3025 nuttens
255 2969 293 3024 ad
315 2971 538 3038 monasterium,
568 2979 598 3026 et
625 2983 696 3025 vera
718 2968 819 3023 omnia
840 2984 1034 3040 cognoscens,
1056 2967 1208 3023 iracundia
1223 2987 1255 3037 30

77 3061 171 3122 magna
184 3065 355 3114 commotus
367 3063 396 3112 et
409 3056 544 3129 seipsum
560 3073 670 3129 capere
682 3072 743 3111 non
755 3055 868 3123 valens,
881 3055 1026 3112 diabolico
1039 3055 1209 3128 exagitatus

74 3131 159 3197 lurore
182 3145 277 3201 vitam
304 3143 476 3216 preteritam
505 3153 535 3200 et
561 3144 680 3200 labores
708 3143 897 3210 obliuiscens,
923 3144 962 3198 de
988 3142 1039 3215 pio
1069 3142 1208 3211 crudelis,

73 3223 195 3287 brandus
214 3233 256 3288 de
275 3231 405 3304 presule,
425 3231 463 3287 de
482 3231 642 3288 defensore
666 3231 804 3287 desertor
828 3230 974 3288 efficitur:
1000 3230 1090 3287 sumit
1117 3247 1209 3300 arma,

74 3313 668 3393 sociosiniquitatisag[g1regat,vltionem
678 3318 861 3375 desiderans.
903 3318 1116 3375 Modwennam
1126 3317 1208 3374 enim

73 3413 130 3456 cum
146 3407 207 3464 suis
224 3407 367 3462 omnibus
380 3405 480 3462 furtim
493 3405 664 3475 incendere,
680 3414 710 3462 et
728 3405 940 3463 monasterium
953 3405 1019 3463 eius
1032 3406 1209 3479 quamcitius
1223 3421 1253 3472 35

73 3493 168 3554 Merit
193 3494 339 3552 radicitus
364 3493 515 3566 extirpare
543 3493 691 3566 proponit
728 3493 766 3549 Et
787 3511 857 3551 ecce
875 3494 999 3567 angelus
1018 3493 1132 3550 domini
1156 3511 1209 3566 ap·

72 3579 159 3642 rann
179 3581 362 3639 Modwenne
381 3581 486 3648 oranti,
505 3580 627 3638 dicens:
648 3581 763 3655 ‘Surge
781 3581 923 3638 velociter
940 3591 971 3638 et
988 3581 1097 3638 festina
1114 3591 1145 3638 et
1163 3591 1210 3638 sta

73 3658 98 3715 in
110 3681 264 3727 occursum
278 3667 415 3726 Cheuin:
434 3667 504 3741 quia
520 3668 657 3726 diabolus
668 3677 794 3741 temptat
810 3685 889 3738 eum,
902 3678 933 3724 et
944 3669 1026 3725 venit
1038 3669 1167 3741 perdere
1178 3677 1208 3724 te

73 3763 120 3818 pro
139 3754 302 3814 Glunelach
316 3767 347 3813 et
360 3756 483 3830 Alphin,
497 3765 527 3813 et
539 3756 696 3813 ecclesiam
708 3765 792 3813 tuam
804 3756 914 3813 delere.
952 3756 1013 3813 Sed
1026 3757 1120 3813 vade:
1140 3757 1209 3828 quia

74 3835 200 3902 dominus
213 3854 312 3902 tecum
326 3855 389 3902 est:
409 3845 459 3918 qui
473 3845 590 3902 docebit
601 3853 632 3901 te
645 3844 773 3917 qualiter
784 3853 814 3901 te
827 3844 925 3916 ipsam
937 3846 975 3900 ab
987 3843 1038 3900 illo
1050 3845 1208 3912 custodias,
1222 3861 1254 3912 ⁴0

74 3933 99 3979 e?
120 3927 215 4002 ipsum
241 3933 280 3989 ab
303 3931 426 3990 inimico
450 3933 501 4005 qui
525 3949 595 3989 eum
619 3931 722 3988 selellit
743 3933 870 4005 eripias!
906 3931 1083 4004 Assumptis
1107 3939 1208 3988 autem

73 4025 163 4075 Secum
184 4021 334 4094 aliquibus
357 4019 531 4092 uirginibus,
553 4021 687 4094 perrexit
711 4021 749 4076 ad
770 4019 867 4076 locum
889 4020 1059 4092 quendam:
1086 4028 1116 4076 et
1139 4036 1209 4091 pro-

74 4101 192 4171 spiciens
208 4125 227 4164 a
241 4108 333 4181 longe
345 4106 523 4181 episcopum
534 4107 706 4164 venientem
723 4123 792 4163 cum
804 4105 921 4163 clericis
940 4106 1013 4179 [et]‘
1031 4106 1208 4165 satellitibus

120 4283 392 4354 ¹T.compunciones
458 4287 513 4340 ¹T.
527 4289 556 4340 E.
569 4295 605 4340 et.
671 4285 819 4351 ’vitque
887 4285 985 4338 ‘soll
1019 4303 1069 4338 om.
1084 4287 1110 4336 in
1123 4287 1152 4338 E.
