3044 4894
229 269 305 363 be
328 283 452 371 nuno
477 269 649 374 bertot
674 283 700 356 a
724 269 872 372 tumn
898 269 1124 393 ttutiftru.¹
1183 299 1231 370 39

87 467 132 525 die
141 479 257 540 octauo,
270 487 365 544 penas
378 471 459 528 iuxta
472 471 579 528 merita
588 480 795 545 percepturus.
824 471 872 528 Tu
883 480 984 529 autem
993 471 1184 546 proficiscere
1193 474 1231 532 ad

88 557 242 614 ecclesiam
253 575 351 616 meam
361 559 440 632 apud
450 557 654 628 Bethleem,et
662 560 832 633 conspectis
839 559 880 616 ibi
889 560 985 618 tribus
993 560 1171 633 sepulchris,
1178 559 1232 617 tibi

87 644 216 702 medium
230 643 332 718 eliges.
371 645 497 702 Interim
509 663 582 703 vero
601 646 683 704 omni
699 645 773 703 seria
784 656 891 720 quarta
909 647 987 706 circa
999 648 1105 706 horam
1118 665 1230 706 nonam

87 731 242 790 deficietin
251 741 282 790 te
294 732 418 807 spiritus
430 742 509 803 tuus,
521 741 551 790 et
564 735 703 791 decurret
716 735 754 790 ab
772 751 826 792 ore
842 743 894 792 tuo
912 743 941 792 et
955 735 1077 792 naribus
1091 735 1231 808 sanguis3

87 828 114 876 et
133 837 230 892 vsque
250 820 288 877 ad
307 838 418 877 nonam
441 821 556 879 sabbati
576 822 658 878 velut
679 829 798 878 mortua
816 821 1019 895 permanebis,
1037 832 1068 880 et
1085 831 1156 880 tunc
1178 823 1260 900 tibi,

87 905 207 978 spiritus
219 917 288 966 tuus
301 908 491 966 restituetur!
529 908 599 966 Hiis
607 909 702 980 dictis,
712 910 798 966 beata
808 909 894 982 virgo
905 909 1066 984 disparuit:
1084 918 1115 967 et
1123 909 1232 967 mulier

86 993 146 1050 viro
168 1011 224 1052 suo
244 997 417 1070 sompnium
443 996 603 1054 enarrauit.
639 995 698 1066 Qui
718 996 811 1052 fidem
830 1013 891 1053 non
911 996 1067 1066 adhibens,
1086 1014 1146 1054 vna
1164 1013 1232 1056 cum

87 1079 153 1152 filio,
166 1090 199 1139 vt
211 1083 382 1156 predicitur,
396 1084 529 1140 debitum
550 1083 654 1141 mortis
674 1083 827 1158 persoluit.
865 1083 974 1142 Mulier
993 1093 1093 1157 autem
1113 1101 1232 1142 summo

86 1168 218 1240 pontifici
237 1179 346 1227 cuncta
364 1188 420 1243 per
440 1171 578 1228 ordinem
601 1169 741 1228 consessa
761 1179 827 1230 est:
847 1171 898 1246 qui
917 1172 948 1228 in
968 1171 1026 1228 hiis
1045 1171 1155 1229 certior
1167 1170 1233 1229 lieri

86 1255 198 1326 volens,
212 1256 371 1315 duodecim
384 1259 531 1315 matronis
544 1275 611 1316 earn
629 1259 860 1330 commendauit,
873 1260 1045 1334 precipiens
1057 1268 1089 1316 vt
1102 1276 1170 1316 cum
1184 1259 1233 1316 illa
1248 1286 1279 1324 10

86 1341 242 1401 deficiente
263 1343 370 1418 spiritu
390 1345 582 1412 obdormiret,
604 1345 716 1418 plantis
738 1347 804 1402 eius
824 1345 938 1403 sermm
959 1345 1127 1420 infigerent,
1145 1355 1176 1403 et
1194 1347 1233 1404 de

85 1430 230 1503 sanguine
243 1432 281 1488 ab
293 1450 345 1490 ore
358 1441 388 1490 et
400 1433 524 1490 naribus
537 1431 651 1490 lluente
664 1432 780 1506 aliquas
791 1443 893 1491 vestes
902 1433 1095 1506 intingerent
1115 1433 1233 1504 Quibus

85 1525 115 1572 vt
133 1519 250 1575 iussum
268 1519 364 1578 iuerat
382 1520 550 1594 completis,
564 1521 665 1578 necin
679 1520 881 1594 perforatione
898 1521 1069 1594 plantarum
1082 1531 1128 1578 est
1144 1530 1233 1594 mota,

85 1619 138 1662 nec
157 1605 279 1662 infectio
291 1607 466 1666 vestimenti
484 1625 503 1666 a
521 1607 667 1682 sanguine
688 1607 720 1666 in
741 1609 873 1680 sabbato,
891 1625 1014 1668 reuerso
1033 1607 1140 1683 spiritu
1158 1608 1233 1682 eius,

86 1702 203 1764 poterat
214 1711 364 1768 apparere
372 1695 392 1753 ¹.
1250 1723 1277 1773 ¹⁵

295 1905 389 1979 5an
408 1933 509 1974 mutto
530 1905 671 1976 Honori:
688 1935 710 1976 Α
728 1935 830 1978 lunms
848 1918 1038 1978 cnummxo'.

84 2037 219 2166 ANno
232 2046 336 2096 autem
349 2037 463 2096 domini
476 2038 636 2096 millesimo
649 2039 854 2100 ducentesimo
861 2038 1111 2114 quinquagesimo
1122 2039 1234 2113 quinto,

183 2125 263 2183 circa
272 2125 382 2184 festum
393 2126 596 2199 apostolorum
608 2127 688 2184 Petri
700 2135 731 2184 et
742 2126 834 2198 Pauli,
846 2127 931 2184 ludei
941 2127 1095 2184 Lincolnie
1105 2144 1233 2200 puerum
1269 2198 1274 2204 ι

83 2233 175 2274 vnum
190 2213 280 2270 iurati
293 2221 371 2284 sunt,
385 2214 508 2272 nomine
522 2213 695 2287 Hugonem,
705 2223 773 2271 octo
782 2231 931 2273 annorum
940 2223 1051 2271 etatem
1064 2215 1233 2274 habentem.

85 2302 206 2360 Etcum
219 2301 320 2376 ipsum
329 2299 359 2357 in
369 2302 498 2373 quodam
508 2301 642 2358 conclaui
656 2302 859 2360 secretissimo
869 2303 945 2360 lacte
954 2311 983 2358 et
992 2302 1057 2358 aliis
1070 2301 1234 2376 puerilibus

84 2389 240 2450 alimentis
255 2388 412 2458 nutrirent,
421 2389 571 2446 miserunt
580 2391 618 2446 ad
628 2406 737 2447 omnes
748 2389 929 2464 lereAnglie
939 2389 1075 2446 ciuitates
1087 2389 1234 2462 inquibus
1249 2413 1280 2453 ao

85 2477 170 2536 ludei
200 2476 360 2550 degebant,
377 2484 407 2532 et
428 2485 631 2534 conuocarunt
651 2477 689 2534 de
711 2494 890 2550 unaquaque
910 2477 1029 2534 ciuitate
1049 2476 1165 2549 aliquos
1185 2476 1234 2533 lu·

82 2567 220 2636 deorum,
232 2573 273 2631 vt,
291 2565 322 2620 in
340 2564 551 2620 contumeliam
564 2573 594 2620 et
606 2565 801 2638 obprobrium
815 2565 906 2622 lhesu
919 2563 1039 2632 Christi,
1052 2563 1233 2623 interessent

82 2653 230 2710 sacrificio
255 2668 311 2708 suo
338 2650 501 2709 Lincolnie.
538 2651 716 2708 ‘Habebunt
740 2651 830 2722 enim,
855 2661 886 2708 vt
911 2651 1058 2723 dicebant,
1083 2654 1234 2724 quendam

82 2757 213 2814 puerum
244 2737 453 2796 absconditum
483 2739 521 2796 ad
548 2737 800 2812 crucifigendum!
847 2738 885 2795 Et
915 2741 1103 2812 congregatis
1133 2739 1234 2796 multis

84 2827 252 2897 Lincolnie,
265 2829 482 2884 constituerunt
490 2844 583 2883 vnum
595 2825 721 2884 ludeum
731 2844 787 2901 pro
800 2825 904 2898 iudice,
912 2834 1054 2899 tanquam
1067 2843 1122 2900 pro
1132 2825 1234 2884 Pilato.
1249 2851 1279 2902 ²⁵

86 2914 179 2972 Cuius
199 2913 309 2971 iudicio
327 2921 358 2970 et
376 2914 512 2970 omnium
529 2913 630 2970 fauore
642 2913 768 2970 affectus
780 2923 826 2970 est
838 2931 915 2986 puer
927 2915 1055 2970 diuersis
1068 2913 1234 2972 tormentis.

84 3001 273 3060 Verberatus
286 3009 440 3074 estusque
453 3002 491 3058 ad
501 3018 640 3058 cruorem
651 3011 681 3058 et
693 3001 828 3072 liuorem,
842 3001 938 3074 spinis
956 3009 1124 3072 coronatus,
1137 3002 1234 3074 sputis

83 3098 113 3146 et
133 3088 290 3147 cachinnis
303 3087 469 3156 lacessitus,
481 3089 530 3146 et⁸
546 3105 565 3146 a
581 3087 708 3162 singulis
720 3097 848 3162 punctus
861 3088 987 3146 cultellis
995 3089 1015 3160 ⁴,
1027 3097 1145 3162 potatus
1157 3088 1234 3160 selle,

82 3178 204 3236 derisus
230 3176 349 3250 probris
369 3183 399 3232 et
418 3176 632 3250 blasphemiis;
655 3184 685 3233 et
707 3176 813 3233 crebro
833 3177 870 3232 ab
892 3177 1008 3233 eisdem
1027 3175 1235 3233 frendentibus

82 3265 145 3323 suis
158 3263 302 3324 dentibus
317 3263 425 3320 ihesus
438 3263 717 3337 pseudo-propheta
729 3261 878 3320 vocaturl.
913 3263 951 3320 Et
963 3271 1122 3336 postquam
1135 3263 1234 3321 diuer-
1247 3287 1281 3336 3⁰

82 3355 202 3411 simode
228 3350 385 3408 illuserant
406 3349 443 3423 ei,
468 3349 690 3422 crucifixerunt,
716 3359 745 3407 et
769 3351 873 3408 lancea
897 3351 936 3408 ad
959 3369 1012 3408 cor
1035 3359 1234 3424 pupugerunt.

84 3439 122 3498 Et
135 3458 206 3498 cum
218 3439 389 3513 expirasset
401 3455 486 3511 puer,
494 3439 699 3513 deposuerunt
711 3456 821 3512 corpus
829 3439 867 3495 de
880 3455 977 3510 cruce,
987 3447 1026 3508 et,
1035 3439 1166 3496 nescitur
1175 3456 1235 3513 qua

81 3529 207 3600 ratione,
234 3526 441 3584 euiscerarunt
466 3525 698 3600 corpusculum:
729 3526 837 3584 dicitur
861 3535 961 3583 autem
987 3527 1066 3600 quod
1091 3527 1129 3583 ad
1154 3535 1235 3584 artes

84 3618 220 3690 magicas
242 3615 436 3673 exercendas.
520 3601 627 3672 Mater
645 3622 746 3672 autem
772 3613 867 3688 pueri,
888 3613 983 3670 filium
1004 3615 1161 3672 absentem
1180 3631 1236 3688 per

112 3725 336 3782 ¹CollectinT.:

115 3789 260 3856 Intercede
276 3818 325 3867 pro
342 3802 423 3864 nobis,
435 3803 599 3852 sacerdotum
616 3801 713 3852 Christi
730 3802 887 3865 dignissime,
903 3802 1006 3851 Honori
1023 3812 1098 3866 pater
1112 3801 1234 3866 piissime,

81 3878 109 3920 ut
120 3873 193 3922 cuius
205 3870 275 3934 apud
292 3871 368 3918 deum
384 3869 467 3918 uirtus
481 3870 573 3917 enituit
588 3884 687 3932 magna,
700 3877 744 3919 tua
755 3883 804 3918 nos
818 3867 958 3918 clemencia
973 3869 1081 3918 redimat
1096 3885 1112 3917 a
1123 3869 1236 3932 peccatis

80 3937 203 4001 benigna.
239 3934 271 3986 V.
290 3935 395 3984 Arnauit
406 3950 464 3984 eum
476 3935 604 3984 dominus.

114 4003 213 4066 Sancti
230 4029 286 4075 nos,
303 4013 415 4076 domine,
429 4013 540 4062 Honor-ii
558 4012 714 4062 confessoris
730 4013 768 4061 tui
784 4019 861 4074 atque
878 4012 1008 4076 pontificis
1024 4011 1236 4062 commemoracio

81 4085 171 4134 uotiua
181 4079 291 4132 letificet
301 4087 329 4128 et
339 4094 387 4128 sue
399 4095 448 4129 nos
459 4079 592 4128 beneflciis
604 4078 799 4128 intercessionis
810 4077 919 4140 attollat,
931 4093 984 4140 per.

113 4148 123 4178 ¹
141 4149 189 4198 Ed.
207 4147 234 4196 iu
248 4145 306 4196 Act
320 4145 368 4195 SS.
383 4145 448 4194 3011.
462 4161 502 4208 27,
517 4143 630 4207 lulyv1.
646 4159 670 4206 p.
686 4159 750 4207 4943
768 4144 893 4206 abridged
910 4143 976 4192 from
994 4141 1138 4192 Matthaeus
1156 4141 1236 4194 Paris.

81 4213 123 4264 An
141 4213 194 4264 Old
213 4211 315 4262 Freuch
333 4225 409 4274 poem
427 4226 461 4260 on
480 4212 525 4259 the
543 4209 641 4270 subject
658 4225 713 4260 was
730 4210 770 4258 ed.
791 4210 827 4272 by
844 4209 885 4262 Fr.
905 4207 1007 4273 blichel,
1029 4209 1108 4272 1834;
1127 4207 1236 4270 English

81 4281 181 4330 ballads
194 4279 223 4328 in
236 4277 367 4327 Hailiwell
376 4275 571 4326 Contributions
580 4281 607 4324 to
615 4275 693 4338 Early
701 4275 774 4337 Engl.
784 4275 832 4325 litt
845 4275 917 4340 1849.
982 4278 991 4302 ³
1009 4273 1066 4326 ΜΡ.
1079 4281 1106 4326 et
1117 4273 1237 4340 insuper.

80 4345 90 4375 ⁴
108 4345 165 4397 ΜΡ.
178 4343 292 4396 cultellis
304 4343 348 4408 qui
360 4343 476 4395 dicuntur
486 4341 600 4394 anelatii.
666 4341 676 4372 ⁸
694 4340 752 4391 ΜΡ.
763 4347 880 4393 vocatus.
