3044 4894
288 301 334 393 58
601 293 732 383 muta
758 291 948 397 millib
972 290 1125 397 fluuii&

285 495 377 552 fidem
403 493 514 552 Christi
546 495 698 568 suscipere
723 493 800 552 fecit.
874 483 947 553 Rex
972 495 1053 552 enim
1078 493 1316 552 Westsaxonum
1340 493 1437 550 filium

285 583 418 640 habens¹
433 583 587 640 incurabili
598 583 701 639 morbo
713 600 909 656 percussum:
923 599 1014 656 quem
1026 583 1142 639 eumad
1152 591 1324 639 sanctorum
1333 583 1436 655 sepul-

285 671 357 726 chra
374 669 481 727 adduci
503 671 697 744 precepisset,
714 669 840 743 pristine
859 687 929 726 mox
948 671 1065 727 sanitati
1083 671 1256 727 restituitur.
1335 658 1438 726 Diues
1519 733 1520 736 Ἴ

285 759 405 830 quidam
427 767 597 814 sanctorum
614 758 774 830 sepulchra
785 759 907 816 visitare
923 768 1070 828 assuetus,
1082 759 1148 814 vice
1161 757 1289 830 quadam
1306 774 1433 814 uxorem

257 863 353 917 5cum
373 846 498 918 paruulo
518 845 579 901 filio
600 847 650 902 vix
672 847 752 920 loqui
774 847 900 915 valente,
921 847 1041 902 nomine
1062 845 1214 914 Guthlaco,
1235 845 1274 900 ad
1298 846 1434 900 tumbam

285 933 380 990 sancti
395 933 543 989 Indracti¹
557 933 664 1004 [duxit]
676 933 696 990 ³.
728 933 845 990 Etcum
858 934 967 1006 vigiliis
980 933 1051 990 sessi
1065 933 1196 988 dormire
1208 931 1371 1004 cepissent,
1384 949 1435 1004 ap-

286 1023 382 1093 paruit
395 1020 540 1077 infantulo
552 1021 597 1077 vir
609 1039 761 1094 exurgens
779 1039 797 1077 a
816 1021 883 1078 leua
902 1031 986 1094 parte
1003 1021 1105 1078 altaris
1117 1021 1243 1094 pulcher
1254 1029 1284 1076 et
1297 1020 1437 1086 decorus,

286 1109 414 1166 clericali
433 1117 556 1165 tonsura
571 1109 736 1178 decoratus,
752 1117 781 1165 et
801 1109 960 1182 porrigens
977 1109 1086 1165 librum
1106 1107 1258 1176 infantulo,
1275 1106 1334 1164 ait:
1355 1107 1434 1173 ‘vis,

285 1196 389 1268 inquit,
402 1195 432 1252 in
447 1196 502 1252 hoc
515 1195 624 1268 legere,
638 1197 679 1252 lili
693 1198 733 1253 mi
743 1199 770 1252 i’
809 1196 863 1253 Illo
872 1215 944 1254 vero
957 1214 990 1252 se
1005 1197 1083 1253 velle
1096 1196 1278 1252 concedente
1289 1194 1308 1263 ³,
1319 1195 1436 1251 conses-

242 1283 358 1340 Ictim*
377 1300 447 1338 eum
466 1283 573 1340 docuit.
611 1282 690 1340 Puer
707 1293 807 1340 autem
824 1284 1053 1358 expergefactus
1070 1301 1088 1340 a
1103 1300 1238 1356 sompno,
1252 1299 1318 1338 rem
1339 1283 1436 1348 matri,
1519 1321 1520 1334 ,

285 1379 317 1427 vt
329 1370 445 1426 viderat
458 1369 614 1428 referebat.
646 1369 781 1445 Cumque
794 1371 893 1428 clerici
906 1389 1000 1444 puero
1013 1373 1146 1427 codicem
1159 1371 1359 1443 porrigerent,
1373 1370 1437 1443 ipse

287 1460 387 1514 statim
401 1457 527 1530 legebat,
540 1467 569 1515 et
583 1459 649 1515 sine
661 1458 763 1531 lingue
776 1459 957 1528 titubatione,
971 1477 1029 1532 que
1042 1460 1155 1533 legerat
1168 1459 1347 1531 exponebat.

779 1621 941 1678 Namti'o'.

324 1721 469 1808 Quodam
491 1733 637 1789 monacho
658 1734 797 1806 [girante]
820 1735 851 1790 in
874 1733 992 1791 ciuitate
1013 1753 1081 1790 cum
1103 1734 1202 1808 puella
1218 1735 1389 1804 iuuencula,
1409 1745 1436 1792 et

286 1829 408 1893 petente
422 1821 626 1888 elemosinam,
640 1823 760 1894 quidam
774 1823 839 1878 illos
851 1822 989 1879 videntes
1006 1822 1204 1888 scandalizati,
1217 1821 1437 1878 nunciauerunt

244 1925 273 1976 15
287 1918 391 1966 sancto
405 1907 531 1965 Iohanni
544 1909 753 1966 elemosinario
763 1911 842 1982 quod
850 1909 901 1965 ille
910 1910 1074 1966 monastice
1082 1911 1141 1966 vite
1153 1909 1309 1966 mulierem
1322 1910 1437 1966 habens

287 1997 452 2069 derogaret.
481 1995 567 2052 Tunc
581 2007 711 2065 sanctus,
721 1998 825 2054 volens
835 1995 995 2069 prohibere
1007 2006 1171 2070 peccatum,
1179 1995 1265 2052 iussit
1278 1997 1437 2054 mulierem

288 2081 440 2156 flagellari,
461 2084 640 2140 monachum
656 2102 728 2142 vero
749 2085 900 2141 verberari
926 2093 956 2140 et
982 2085 1011 2140 in
1036 2101 1188 2141 carcerem
1209 2085 1332 2140 retrudi.
1371 2085 1438 2155 Quo

287 2169 373 2240 iacto,
386 2168 524 2242 apparuit
545 2167 572 2223 ei
595 2168 758 2240 pervisum
782 2180 868 2228 nocte
888 2171 1060 2238 monachus,
1080 2173 1245 2228 ostendens
1264 2173 1293 2228 ei
1311 2172 1438 2228 dorsum

288 2275 376 2314 suum
400 2274 437 2313 ex
460 2254 585 2327 flagellis
605 2256 803 2328 putrefactum
812 2258 830 2328 ⁸,
851 2267 881 2314 et
902 2260 995 2316 dixit:
1016 2258 1079 2315 ‘Ita
1097 2259 1194 2331 placet
1214 2259 1266 2314 tibi
1275 2257 1295 2326 ⁷,
1314 2260 1438 2315 domine

243 2367 275 2404 πο
287 2345 475 2416 patriarcha?
513 2343 610 2414 Certe,
630 2347 660 2400 in
681 2345 735 2401 hac
753 2347 826 2416 vice,
846 2355 878 2403 vt
904 2347 1001 2417 homo,
1027 2347 1150 2403 errasti.¹
1189 2345 1226 2404 Et
1252 2346 1308 2403 hec
1332 2347 1438 2404 dicens

286 2432 420 2488 recessit.
461 2431 550 2488 Mane
564 2441 663 2488 autem
672 2436 718 2489 vir
728 2443 849 2491 sanctus
857 2451 973 2490 memor
981 2435 1104 2492 visionis
1118 2435 1198 2490 misit
1211 2451 1266 2506 pro
1279 2435 1439 2502 monacho,

287 2520 415 2592 quierat
434 2520 464 2574 in
483 2537 612 2590 carcere,
625 2533 656 2577 et
667 2522 736 2577 lecit
754 2539 824 2579 eum
844 2523 987 2595 expoliari
1007 2540 1105 2578 coram
1125 2541 1169 2593 se,
1181 2531 1213 2579 vt
1229 2523 1353 2578 dorsum
1372 2524 1439 2580 eius

286 2608 410 2676 videret,
423 2607 449 2662 si
470 2607 510 2662 ita
529 2619 610 2664 esset
622 2619 653 2664 vt
672 2609 702 2664 in
722 2611 857 2683 sompnis
868 2612 993 2668 viderat.
1030 2611 1097 2680 Quo
1115 2609 1199 2680 facto,
1218 2609 1266 2665 dei
1283 2611 1439 2668 voluntate

287 2695 403 2750 solutus
414 2702 460 2750 est
470 2695 596 2764 amictus
607 2715 666 2768 quo
674 2707 738 2753 erat
747 2699 878 2768 indutus,
887 2706 917 2753 et
924 2696 1029 2755 cecidit
1039 2718 1046 2755 :
1067 2707 1096 2754 et
1104 2715 1210 2754 omnes
1216 2697 1359 2754 viderunt
1367 2715 1438 2754 eum

243 2807 272 2858 ²5
287 2798 356 2838 esse
369 2781 548 2839 eunuchum.
586 2783 670 2841 Tunc
678 2785 725 2842 vir
733 2794 854 2842 sanctus
862 2785 910 2856 ait,
918 2787 1093 2858 ignoranter
1103 2803 1136 2840 se
1149 2801 1292 2858 peccasse
1305 2785 1336 2840 in
1345 2786 1437 2843 deum

287 2878 316 2925 et
329 2869 359 2924 in
368 2887 437 2925 eum
449 2889 456 2940 ;
476 2874 624 2928 monens⁸
637 2882 738 2929 tamen
747 2891 805 2929 non
819 2874 860 2931 ita
872 2883 1010 2946 oportere
1018 2873 1197 2929 monachum
1208 2872 1436 2930 circumducere

288 2957 444 3013 mulierem
453 2957 491 3012 ad
505 2959 678 3016 scandalum
690 2961 863 3019 videntium.
902 2961 955 3018 Ille
964 2979 1035 3019 vero
1048 2959 1354 3017 humiliterrationem
1368 2963 1438 3017 red·

287 3045 386 3114 debat,
406 3045 526 3102 dicens:
547 3046 670 3120 ‘Nuper
687 3066 755 3104 cum
775 3067 875 3106 essem
895 3049 984 3119 Gaze,
1004 3059 1134 3105 exeunte
1154 3065 1204 3104 me
1225 3049 1263 3103 de
1279 3048 1356 3105 vrbe
1379 3050 1437 3106 hec

288 3133 395 3188 mulier
413 3134 548 3204 occurrit,
561 3135 664 3191 dicens
683 3154 717 3192 se
736 3154 804 3194 esse
823 3138 966 3193 hebream
988 3147 1018 3193 et
1038 3136 1117 3194 velle
1136 3136 1202 3192 fieri
1221 3135 1436 3204 christianam

243 3245 274 3294 30
288 3229 459 3277 contestans
467 3222 557 3278 etiam
568 3239 617 3278 me
626 3225 727 3280 verbis
736 3225 926 3281 horribilibus
934 3223 1054 3281 vt⁹eam
1063 3223 1163 3296 perire
1174 3241 1234 3279 non
1243 3223 1438 3281 dimitterem.

288 3307 413 3364 Timens
421 3326 493 3380 ergo
510 3309 522 3341 ⁰
534 3310 675 3367 iudicium
688 3313 744 3383 dei,
756 3315 871 3386 sumpsi
884 3331 960 3382 eam,
970 3322 1000 3369 et
1011 3313 1170 3385 baptizaui,
1180 3320 1210 3367 et
1219 3311 1353 3384 girabam
1367 3331 1438 3370 cum

286 3411 323 3450 ea
342 3395 469 3468 simplici
488 3400 578 3454 corde
600 3400 748 3456 modicum
769 3419 938 3474 exposcens
957 3409 1119 3473 sumptum,
1133 3417 1192 3472 quo
1213 3399 1439 3458 introducerem

288 3501 353 3539 eam
368 3484 398 3538 in
408 3487 638 3544 monasterium?
676 3489 761 3546 Tunc
772 3499 903 3557 sanctus,
917 3498 1035 3544 narrata
1047 3488 1171 3556 visione,
1183 3487 1305 3559 protulit
1313 3501 1437 3547 centum

287 3573 508 3643 nummismata,
540 3575 662 3633 daturus
688 3579 723 3634 ei.
763 3577 815 3634 Ille
846 3586 947 3633 autern
979 3577 1051 3632 nihil
1076 3576 1213 3648 accipere
1237 3577 1354 3648 volens,
1378 3579 1440 3636 ait:

243 3683 273 3734 35
289 3659 479 3732 ‘Monachus,
493 3661 518 3717 si
533 3663 624 3719 fidem
638 3666 735 3734 habet,
749 3667 856 3722 horum
867 3683 926 3721 non
939 3665 1052 3737 indiget
1065 3684 1072 3732 ς
1092 3672 1122 3719 et
1137 3663 1162 3719 si
1182 3663 1240 3719 hiis
1253 3673 1330 3736 eget,
1345 3665 1439 3724 iidem

287 3765 348 3803 non
371 3749 477 3805 habet!
514 3750 580 3807 Hoc
602 3753 733 3809 maxime
754 3753 893 3810 omnibus
912 3753 963 3826 qui
984 3751 1142 3809 audierunt
1160 3751 1252 3809 fidem
1269 3751 1340 3809 iecit
1358 3757 1441 3829 quod

287 3855 394 3894 seruus
407 3837 455 3894 dei
469 3849 550 3895 esset
558 3840 586 3896 ¹¹.

321 3953 367 4004 ¹r.
380 3955 474 4005 habuit
531 3954 584 4004 ²T.
598 3957 724 4017 yndracti.
777 3957 864 4008 ³T.E.
875 3959 948 4007 venit
1004 3954 1061 4006 ⁴E.
1075 3957 1241 4006 consedente
1310 3955 1369 4008 ⁸T.
1383 3976 1442 4010 con·

288 4019 387 4068 festum.
456 4019 858 4073 ⁵ctvineBe11.xxll.110.
914 4025 969 4072 ⁸E.
982 4024 1152 4086 putrifactum.
1219 4020 1274 4070 'E.
1289 4022 1443 4086 tibiplncet

287 4085 343 4134 ⁸E.
357 4101 474 4135 mouens.
556 4088 637 4136 ⁹VB.
650 4104 690 4137 ne.
775 4088 793 4118 ¹⁰
811 4091 914 4152 Berge.
994 4088 1010 4116 ¹¹
1028 4089 1134 4150 Antiph.
1149 4103 1212 4150 very
1224 4087 1308 4148 short,
1319 4089 1368 4140 but
1380 4093 1444 4154 only

289 4151 426 4215 (leta)mini
438 4155 460 4202 is
472 4153 599 4203 readable.
633 4153 747 4206 Collect:

324 4217 436 4291 Largire
447 4233 522 4281 nobis
533 4249 680 4295 quesumus,
689 4234 801 4293 domine,
812 4234 882 4283 besti
895 4233 1007 4283 Indrscti
1020 4233 1130 4282 martiris
1143 4233 1177 4281 tui
1190 4232 1375 4296 sociorumque
1387 4237 1443 4284 eius

289 4296 395 4355 meritis,
408 4298 536 4359 stipendia
546 4299 635 4346 salutis
651 4308 749 4360 eterne,
762 4308 791 4348 ut
806 4309 876 4350 casta
889 4315 992 4362 semper
1006 4306 1111 4362 pectora
1125 4299 1278 4362 balniantes,
1290 4299 1386 4352 landes
1401 4313 1445 4353 tue

290 4360 430 4410 clemencie
442 4363 580 4413 reseramus
592 4363 710 4428 letantes,
723 4381 778 4427 per.
