3012 4898
74 305 232 372 usin]
315 289 390 385 De
413 286 668 392 {burgum
694 285 851 376 &sum
874 287 1064 391 19ῆαὶὔὶ
1172 311 1243 387 ²95

75 497 119 540 et
143 492 171 540 'm
194 499 264 542 terra
286 493 428 542 iacentibus
447 492 559 556 plenum,
579 507 689 555 quorum
709 507 819 555 corpore
836 497 863 542 et
880 507 1015 555 corporum
1035 491 1149 542 membra
1168 506 1248 555 super

76 577 190 620 terram
201 572 407 633 extentebantur,
417 579 444 621 et
455 579 547 620 uentre
558 573 591 621 ad
603 579 697 638 terram
710 571 807 636 (uerso,
816 572 896 621 clauis
907 571 998 621 ferreis
1009 571 1189 636 candentibus)
1200 587 1248 633 per

78 663 187 698 manus
196 651 234 714 (et
240 651 322 713 pedes
329 650 456 700 defixisin
464 653 545 710 terra)
554 650 735 699 miserabiliter
742 649 904 700 tenebantur.
916 649 1087 714 Ali(quando)
1096 664 1143 713 pre
1151 651 1247 700 doloris

78 727 216 788 angustia
238 735 333 778 terram
350 729 530 788 comedebant,
553 727 693 790 aliquando
712 743 769 776 cum
792 728 854 776 iletu
874 735 901 776 et
919 728 1014 778 eiulatu
1034 731 1133 791 ‘parce
1156 725 1248 790 parce’

78 805 247 856 clamabant.
282 805 413 855 Demones
424 814 510 856 autem
525 805 593 855 inter
604 813 631 854 et
648 821 728 868 super
739 821 785 855 eos
796 807 947 866 cur(rebant
960 814 987 855 et
1002 807 1088 868 flagris
1102 805 1247 870 g(raui)bus
1262 814 1275 864 5

79 898 139 932 eos
152 884 289 934 cedebant.
323 883 424 933 Etcum
436 899 561 946 persuasu
572 885 711 933 demonum
720 884 817 933 reuerti
828 884 918 943 nollet,
927 899 986 933 eum
995 885 1021 932 in
1031 891 1125 933 terram
1137 893 1247 947 prostra-

79 969 190 1010 uerunt
197 969 223 1011 et
230 963 309 1011 clauis
318 963 397 1024 figere
405 964 556 1026 conan(tur:
566 961 618 1026 set)
627 963 747 1012 inuocato
756 961 834 1012 lhesu
842 962 945 1010 nomine
952 963 1060 1024 amplius
1067 963 1152 1012 facere
1160 963 1247 1024 nequi·

81 1048 199 1090 uerunt.
252 1027 300 1090 Ad
312 1056 428 1104 campum
439 1041 516 1089 alium
529 1056 587 1090 eum
599 1041 712 1097 trahunt,
724 1042 855 1102 utriusque
866 1055 945 1090 sexus
956 1041 1101 1090 hominibus
1114 1041 1248 1102 repletum.

82 1119 170 1167 luter
190 1118 254 1168 istos
277 1127 303 1168 et
325 1118 391 1168 alios
410 1119 460 1168 ista
480 1126 535 1168 erat
553 1119 690 1168 diuersitas
709 1119 779 1181 quod
799 1119 900 1168 illorum
918 1127 1031 1178 uentres,
1051 1119 1158 1168 istorum
1178 1125 1248 1169 terre

81 1196 221 1245 herebant
243 1199 328 1248 dorsa.
370 1198 503 1246 Dracones
524 1197 598 1260 igniti
620 1211 701 1259 super
723 1213 769 1246 eos
788 1196 914 1246 sedebant
935 1204 962 1246 et
983 1198 1059 1260 quasi
1081 1198 1248 1246 comedentes
1265 1207 1293 1242 to

82 1275 216 1323 dentibus
234 1275 331 1338 igne(is
350 1275 515 1336 lacera)bsnt.
557 1275 674 1324 Aliorum
693 1274 767 1336 colla,
787 1275 828 1324 uel
849 1274 959 1338 brachia,
978 1276 1020 1324 uel
1042 1276 1135 1340 (totum
1153 1289 1248 1338 corpus

81 1361 232 1414 serpentes
249 1353 323 1416 igniti
339 1354 529 1403 circumdabant
547 1353 584 1417 et)
603 1354 687 1416 capita
703 1368 750 1402 sua
767 1353 914 1416 pectoribus
931 1354 1061 1403 hominum
1078 1360 1249 1416 apponentes,

84 1431 204 1494 ignitum
227 1431 343 1480 aculeum
361 1431 413 1481 oris
435 1432 475 1481 sui
498 1431 525 1479 in
543 1431 662 1480 cordibus
681 1431 800 1481 fixerunt.
835 1430 951 1480 Rusones
972 1431 1054 1481 eciam
1071 1433 1135 1480 mire
1151 1431 1247 1493 magni·

84 1508 194 1558 tudinis
214 1516 241 1558 et
256 1509 329 1572 quasi
347 1509 420 1572 igniti
438 1510 487 1558 uisi
503 1517 564 1559 sunt
580 1524 660 1571 super
675 1510 836 1572 quorundam
853 1517 958 1571 pectora
977 1510 1105 1571 insistere,
1122 1516 1149 1558 et
1165 1516 1249 1560 rostra

84 1603 141 1637 sua
165 1587 290 1637 deformia
308 1587 453 1650 infigentes,
476 1587 550 1649 qussi
568 1603 657 1636 eorum
676 1588 754 1636 corda
772 1587 858 1636 conati
876 1594 937 1636 sunt
954 1588 1099 1638 extrahere.
1133 1587 1249 1650 Cumque
1264 1598 1293 1648 ¹5

86 1667 133 1716 eis
149 1681 204 1714 non
216 1665 394 1728 adquiesceret
410 1665 484 1714 miles
500 1672 529 1714 ut
543 1665 646 1726 rediret,
659 1665 744 1715 conati
761 1672 823 1714 sunt
840 1665 906 1714 sicut
920 1671 947 1714 et
962 1673 1063 1715 ceteros
1077 1681 1135 1715 eum
1153 1665 1249 1727 figere:

85 1752 135 1794 set
147 1759 201 1793 non
214 1751 360 1806 potuerunt,
372 1745 493 1793 inuocato
506 1743 583 1792 lhesu
595 1743 691 1792 Christi
703 1743 815 1792 nomine.
868 1729 1022 1793 Traxerunt
1033 1759 1091 1793 eum
1104 1745 1131 1792 in
1143 1745 1248 1793 tercium

86 1837 221 1884 campum,
235 1821 277 1870 ubi
292 1823 425 1884 utriusque
441 1837 521 1870 sexus
538 1821 657 1871 homines
674 1821 753 1871 clauis
770 1821 861 1871 terreis
877 1822 1046 1871 candentibus
1064 1822 1108 1870 lixi
1124 1822 1247 1884 iacebant,

88 1909 122 1950 ut
141 1916 190 1963 pre
210 1900 373 1950 multitudine
392 1899 523 1950 clauorum
542 1900 682 1962 ignitorum
701 1916 718 1949 e
734 1899 826 1962 capitis
842 1901 989 1950 summitate
1006 1915 1087 1962 usque
1103 1902 1138 1950 ad
1154 1900 1249 1963 digitos

88 1981 192 2042 pedum
208 1978 281 2028 locus
297 1994 392 2028 uacuus
403 1994 456 2028 non
471 1979 633 2027 inueniretur
643 1985 753 2040 quantus
770 1977 844 2040 digiti
858 1978 934 2028 nnius
949 1979 1095 2028 summitate
1110 1985 1248 2040 tegeretur.
1264 1992 1295 2028 eo

90 2059 142 2108 lsti
159 2058 228 2107 sicut
244 2058 364 2106 homines
381 2058 456 2106 morti
473 2057 585 2120 proximi
602 2056 648 2104 uix
665 2071 754 2106 uocem
771 2057 890 2106 emittere
906 2064 1053 2119 potuerunt.
1088 2057 1156 2106 Nudi
1170 2057 1247 2122 euim,

88 2145 122 2186 ut
142 2137 231 2195 ceteri,
251 2135 412 2198 uidebantur,
434 2143 461 2184 et
481 2141 560 2184 uento
578 2135 670 2198 frigido
690 2143 717 2184 et
734 2141 826 2185 urente
843 2135 979 2197 flagrisque
998 2135 1135 2184 demonum
1153 2136 1248 2186 crucia·

88 2217 197 2265 bantur.
226 2213 323 2262 Etcum
333 2229 392 2263 eum
400 2213 480 2276 figere
489 2213 594 2274 uellent,
605 2212 683 2261 lbesu
695 2212 792 2261 Christi
800 2215 903 2262 nomine
915 2214 1035 2262 inuocato
1043 2213 1153 2277 amplius
1164 2215 1249 2264 iacere

90 2293 277 2356 nequiuerunt.
342 2278 391 2340 Ad
403 2300 521 2354 quartum
533 2305 649 2354 campum
661 2297 758 2340 tractus
770 2299 810 2340 est
822 2291 923 2352 ignibus
934 2291 1047 2356 plenum,
1061 2294 1087 2342 in
1099 2309 1151 2356 quo
1163 2294 1249 2344 omnia

89 2387 194 2435 genera
203 2385 329 2433 penarum
340 2371 412 2420 uidit.
445 2369 498 2420 Alii
511 2370 736 2431 suspendebantur
748 2369 865 2418 cathenis
875 2385 924 2432 per
935 2371 1023 2432 pedes,
1034 2371 1078 2420 alii
1089 2387 1137 2434 per
1147 2387 1247 2434 manus,
1263 2388 1275 2424 2
1279 2386 1293 2436 5

90 2451 139 2502 alii
151 2466 199 2513 per
215 2449 331 2511 capillos,
344 2449 388 2498 alii
405 2464 452 2511 per
468 2455 555 2497 cetera
570 2447 691 2508 membra,
704 2448 829 2511 capitibus
846 2447 873 2496 in
886 2450 955 2510 ymis
967 2451 1050 2500 uersis
1062 2458 1089 2500 et
1102 2450 1249 2514 sulphureis

91 2529 206 2578 flammis
218 2528 352 2577 immersis.
385 2527 436 2576 Alii
448 2527 475 2575 in
487 2527 589 2590 ignibus
606 2525 753 2588 pendebant
765 2526 791 2574 in
803 2527 876 2575 uncis
893 2526 992 2588 ferreis,
1004 2527 1031 2576 in
1043 2528 1134 2590 oculis,
1146 2529 1249 2578 auribus

91 2607 139 2658 uel
150 2606 255 2656 naribus
267 2605 309 2654 uel
321 2605 433 2655 saucibus
442 2605 485 2654 uel
494 2603 628 2653 manibus¹
639 2611 683 2653 eut
695 2604 849 2666 genitalibus
860 2605 954 2657 infixis.
980 2605 1034 2656 Alii
1044 2607 1190 2657 fornacibus
1199 2609 1249 2656 sul·

92 2686 203 2749 phureis
214 2684 408 2744 cremabantur;
424 2683 467 2732 alii
484 2683 557 2746 quasi
575 2681 638 2745 per²
654 2683 799 2744 sartagines
812 2683 965 2742 urebantun
982 2684 1026 2733 alii
1042 2687 1155 2735 uerubus
1166 2686 1250 2748 igneis

91 2765 256 2822 assabantur,
277 2762 382 2827 quoo(t)
406 2762 530 2812 demones
549 2761 602 2823 igni
620 2760 753 2823 appositos
773 2768 922 2822 uerterunt;
944 2762 987 2811 alii
1008 2763 1117 2814 diuersis
1140 2765 1250 2814 metallis
1264 2779 1296 2828 go

91 2845 300 2905 deguttauerunt
311 2841 510 2903 liquescentibus
521 2857 528 2890 t
540 2841 664 2889 demones
676 2839 761 2901 flamm
772 2839 902 2902 cedentes,
915 2839 977 2889 nulli
987 2857 1092 2903 parcere
1104 2843 1249 2892 uoluerunt.

92 2923 192 2972 Omnia
203 2927 388 2969 tormentorum
399 2933 496 2980 genera
507 2919 601 2967 ibidem
614 2918 670 2967 uisa
681 2924 750 2968 sunt.
784 2918 916 2979 Quosdam
931 2919 1011 2968 eciam
1023 2922 1152 2981 quondam
1163 2922 1249 2974 socios

91 3014 159 3050 suos
169 2998 294 3060 cognouit
304 2997 438 3046 cruciatos.
467 2996 648 3058 lnuocetoque,
662 3001 690 3043 ut
705 3011 791 3059 supra,
803 2997 881 3046 lhesu
892 2996 989 3045 Christi
1002 2997 1113 3054 nomine,
1124 2998 1250 3048 demones

91 3078 146 3128 sibi
154 3091 248 3126 nocere
255 3091 308 3124 non
318 3081 444 3136 poterant.
495 3066 698 3128 Descendentes
707 3089 776 3136 ergo,
785 3075 850 3124 uidit
857 3083 917 3124 ante
926 3089 955 3124 se
964 3075 1100 3124 maximam
1109 3084 1191 3126 rotam
1200 3077 1248 3126 ler-

92 3171 168 3207 ream
177 3155 324 3216 mignenia,
333 3153 404 3202 uncis
415 3153 498 3216 igneis
510 3152 621 3214 undique
633 3153 835 3217 circumseptam,
849 3153 875 3202 in
884 3153 1090 3216 quibussingulis
1102 3155 1250 3217 pendebant
1264 3171 1294 3220 55

92 3234 216 3286 homines
227 3233 310 3284 infixi.
346 3231 413 3281 Rote
425 3246 489 3280 uero
505 3231 581 3280 buius
598 3233 723 3283 medietas
734 3247 835 3283 sursum
847 3232 873 3280 in
885 3246 946 3280 aere
958 3233 1051 3292 stabat,
1064 3233 1114 3282 alia
1125 3234 1250 3283 medietas

92 3316 122 3364 in
136 3322 206 3362 terra
217 3313 337 3361 deorsum
349 3317 420 3368 erat3
437 3309 537 3358 llamme
549 3317 635 3358 eutem
649 3311 709 3360 tetri
725 3309 909 3373 sulphureique
926 3309 1039 3359 incendii
1052 3312 1086 3360 de
1100 3318 1169 3361 term
1183 3313 1250 3361 circa

92 3393 166 3442 illem
185 3390 315 3452 surgebat,
333 3396 360 3437 et
379 3388 524 3450 pendentes
542 3387 570 3435 in
588 3403 620 3436 ea
639 3389 781 3439 miserrime
798 3387 905 3437 ardebat
912 3386 930 3438 ³.
964 3388 1096 3438 Demones
1113 3397 1199 3439 autem
1216 3406 1250 3439 ex

92 3479 205 3531 utraque
221 3475 295 3532 parte
312 3472 400 3516 nectes
417 3465 514 3514 ferreos
531 3466 599 3514 inter
616 3467 701 3516 radios
718 3474 774 3516 rote
790 3465 971 3528 impingentes,
982 3473 1053 3516 tanta
1066 3468 1181 3531 agilitate
1193 3485 1249 3518 eam

93 3556 184 3599 rotare
196 3547 319 3600 iecemnt,
330 3551 358 3593 ut
370 3543 466 3592 nullum
479 3544 584 3592 omnino
596 3545 627 3592 ab
639 3545 689 3594 elio
701 3545 759 3594 uisu
771 3544 918 3594 discernere
931 3553 1029 3607 posset,
1041 3546 1101 3608 quia
1111 3562 1159 3609 pre
1171 3547 1249 3596 nimie
1263 3565 1296 3612 40

93 3641 188 3677 cursus
196 3625 333 3674 uelocitate
344 3621 497 3672 uidebantur
504 3623 576 3682 quasi
589 3623 680 3688 [unius]
693 3623 760 3686 ignis
772 3637 838 3672 esse.
873 3622 989 3686 Cumque
1006 3639 1065 3673 eum
1074 3640 1152 3688 super
1169 3632 1250 3676 rotam

94 3704 208 3769 positum
216 3704 244 3752 in
252 3718 315 3753 eere
322 3701 433 3751 rotando
441 3699 580 3760 leuassent,
590 3701 617 3749 in
626 3701 799 3751 descencione
808 3707 865 3750 rote
873 3715 968 3750 nomen
980 3701 1055 3752 lbesu
1066 3703 1212 3754 inuocauit:
1224 3712 1251 3754 et

93 3781 183 3834 statim
196 3782 228 3830 de
239 3797 270 3830 ea
282 3779 424 3830 descendit
476 3763 544 3827 lnde
551 3780 718 3841 procedendo
730 3779 794 3829 uidit
808 3785 870 3828 ante
886 3793 916 3828 se
928 3780 1031 3829 domum
1043 3783 1166 3844 grandem
1177 3783 1250 3845 qussi

94 3862 229 3912 fornacem
246 3859 420 3921 fumigantem.
437 3858 510 3907 cuius
527 3855 636 3906 latitudo
653 3857 699 3906 fuit
716 3858 803 3917 nimia,
821 3857 956 3919 longitudo
973 3865 1045 3908 tants
1062 3865 1090 3908 ut
1107 3859 1177 3909 illius
1196 3875 1249 3909 non

95 3947 187 4004 posset
198 3938 286 3988 ultim
298 3937 387 3986 uideri.
423 3935 488 3986 Cum
506 3951 569 3984 uero
585 3951 676 3986 uersus
693 3935 761 3985 illam
777 3935 934 3984 horribiliter
950 3941 1046 3986 tractus
1058 3938 1115 4000 iret,
1129 3943 1155 3986 et
1166 3937 1250 3986 adhuc
1263 3955 1294 4005 ⁴5

94 4019 129 4069 sb
143 4031 175 4066 ea
191 4015 375 4079 aliquantulum
393 4014 496 4078 longius
513 4021 590 4073 esset,
603 4029 650 4077 pre
667 4015 747 4064 nimio
764 4014 851 4064 calore
867 4015 912 4076 qui
929 4013 989 4063 inde
1006 4014 1094 4063 exibat
1110 4014 1250 4064 subsistere

95 4093 206 4148 uolens‘
216 4095 360 4159 procedere
378 4108 431 4142 non
448 4099 557 4156 poterat.
593 4092 724 4142 Dixerunt
736 4107 799 4156 ergo
816 4093 855 4144 ei:
875 4091 959 4153 ‘Quid
970 4092 1137 4142 subsistendo
1148 4092 1251 4142 tardasl

95 4173 254 4226 balnearium
266 4171 387 4234 estquod
398 4171 481 4236 uides,
495 4171 561 4220 uelis
578 4170 645 4220 nolis
663 4170 722 4220 illuc
740 4170 914 4233 progredieris
931 4176 958 4219 ut
970 4169 1075 4220 cumeis
1088 4169 1132 4232 qui
1144 4169 1179 4218 ibi
1190 4178 1250 4220 sunt

95 4249 240 4305 balneetis.¹
279 4249 412 4313 Ceperunt
429 4257 516 4300 eutem
534 4250 568 4299 de
586 4249 663 4298 domo
680 4248 725 4300 ille
744 4249 881 4298 miserrimi
899 4247 1001 4310 uegitus
1018 4247 1110 4307 emitti,
1129 4247 1205 4296 lletus
1223 4255 1251 4297 et

95 4355 156 4408 ¹01.
168 4353 295 4406 mamillis
328 4351 382 4404 ’al
396 4367 482 4416 super.
515 4351 576 4403 ’at
588 4351 709 4403 torrebat
742 4350 801 4403 'ot
814 4350 937 4414 subsistit,
946 4351 1088 4416 procedere
1099 4349 1248 4404 formidans.
