3028 4894
271 319 343 388 422
584 255 716 380 nuta
741 289 930 394 trumba
954 289 1105 394 anaba.

270 497 329 554 bus
348 493 379 552 in
402 493 535 552 secunda
554 491 638 550 uerbi
658 509 788 566 persona
809 493 1041 566 respondebant.
1080 489 1140 548 Per
1160 491 1220 548 hoc
1246 508 1323 548 uero
1343 491 1425 565 quod

271 583 382 640 nullius
409 583 511 656 lingrre
537 596 710 638 sermonem
735 579 947 653 intelligebant,
968 579 1035 636 illas
1058 587 1128 635 ante
1152 577 1337 637 miraculum
1364 596 1424 636 non

271 671 391 730 audisse
404 669 503 743 palam
515 667 707 742 inquisitores
719 667 923 742 intelligebant
931 665 961 738 ¹.]

534 919 558 980 il
580 905 635 978 Dr
653 935 770 976 sancrn
788 905 984 976 Wsnauncn
1002 934 1127 976 vinetus
1134 917 1153 976 ¹.

330 1057 427 1114 Ponsa
440 1055 550 1114 Christi
563 1055 773 1114 decentissima
786 1055 869 1130 virgo
881 1055 1058 1130 Werburga,
1069 1055 1149 1130 regis
1161 1055 1223 1114 filia
1232 1056 1254 1126 ⁸,
1264 1057 1296 1115 in
1312 1057 1431 1116 Cestria

245 1161 259 1212 5
364 1145 481 1202 ciuitate
517 1145 685 1218 requiescit,
720 1144 895 1202 meritorum
932 1144 1028 1218 signis
1062 1143 1200 1217 moriosa.
1251 1145 1347 1203 Clara
1384 1155 1431 1204 est

273 1231 303 1289 in
329 1241 391 1288 tota
409 1231 528 1306 Anglia,
554 1241 583 1290 et
607 1249 683 1305 pura
706 1232 870 1300 sanctitate,
889 1241 919 1288 et
944 1231 1025 1305 regia
1048 1232 1204 1305 dignitate,
1226 1243 1258 1290 et
1282 1234 1432 1291 virtutum

274 1322 471 1378 attestatione.
526 1321 555 1377 Α
585 1319 692 1394 primis
728 1321 809 1376 enim
845 1318 1013 1393 Anglorum
1049 1320 1170 1393 regibus
1207 1338 1268 1394 per
1305 1323 1432 1394 protho-

274 1408 428 1464 doctorem
441 1405 641 1481 Augustinum
658 1409 813 1464 conuersis
830 1407 976 1481 originem
989 1407 1086 1464 traxit.
1125 1407 1327 1466 Ethelbertus
1348 1411 1430 1466 enim

274 1513 329 1552 rex
347 1495 458 1552 Cancie
475 1512 514 1552 ex
535 1493 624 1552 Berta
643 1495 756 1568 regina,
774 1494 835 1551 filia
853 1493 933 1568 regis
954 1494 1145 1564 Francorum,
1164 1494 1342 1554 Edbaidum
1362 1515 1432 1556 cum

231 1596 261 1634 ro
276 1580 459 1656 Ethelburga
490 1583 549 1639 iilia
579 1582 754 1656 procreauit
801 1581 982 1656 Ethelburga
1006 1599 1078 1639 vero
1108 1581 1214 1655 regina
1244 1595 1319 1657 post
1351 1587 1433 1658 regis

277 1669 609 1727 Northanhumbrorum
635 1669 753 1726 Edwini
781 1667 1019 1728 interiectionem
1042 1671 1080 1727 ad
1104 1669 1229 1726 fratrem
1256 1671 1433 1729 Edbaidum

275 1775 407 1828 reuersa,
419 1758 449 1814 in
467 1756 536 1814 villa
550 1756 687 1830 liminga
705 1757 919 1814 monasterium
938 1755 1094 1824 edificauit,
1107 1757 1138 1814 in
1155 1775 1217 1830 quo
1233 1775 1306 1815 cum
1326 1771 1434 1817 sancta

275 1844 417 1918 Edburga
436 1845 602 1918 requiescit
641 1843 793 1901 Edbaidus
809 1861 928 1918 quoque
944 1862 983 1902 ex
1002 1843 1123 1901 alterius
1143 1845 1225 1918 regis
1239 1845 1433 1904 Francorum

274 1933 334 1990 iilia
349 1933 455 1990 Emma
470 1931 687 1990 Ermenredum
704 1940 793 2005 atque
807 1931 1034 1989 Ercombertum
1052 1931 1214 2007 principes,
1226 1944 1432 2010 sanctamque

231 2040 259 2090 1⁵
273 2019 420 2094 virginem
438 2019 637 2090 Eanswidam,
651 2036 711 2092 que
729 2019 809 2092 apud
824 2019 965 2077 Folkstan
982 2020 1117 2093 deposita
1129 2029 1303 2092 veneratur,
1318 2039 1434 2096 propa·

274 2109 363 2182 gauit.
401 2107 589 2166 Ermenredo
606 2115 705 2164 autem
721 2125 759 2164 ex
778 2106 877 2164 inclita
893 2107 1019 2180 coniuge
1033 2106 1146 2164 Oslaua
1159 2107 1221 2164 nati
1237 2119 1309 2165 sunt
1326 2109 1434 2168 Ethel-

276 2197 368 2254 redus
392 2205 422 2253 et
449 2195 659 2266 Ethelbrictus,
684 2213 761 2268 quos
784 2195 961 2252 innocenter
987 2195 1133 2268 iugulatos
1160 2195 1324 2269 splendida
1358 2198 1435 2256 lucis

275 2283 435 2357 columpna
451 2283 489 2340 de
504 2284 568 2340 celo
585 2281 716 2357 prodidit
733 2281 870 2339 martires
882 2281 1002 2340 Christi.
1040 2281 1135 2339 Fratri
1147 2301 1220 2340 vero
1235 2283 1434 2354 Errnenredi,

277 2371 472 2428 Ercomberto
486 2371 558 2444 regi,
568 2371 658 2427 Anne
671 2369 750 2444 regis
764 2369 824 2427 filia
837 2369 1003 2444 Sexburga,
1016 2379 1117 2427 sancte
1132 2369 1317 2428 Etheldrede
1331 2391 1432 2444 soror,

232 2479 263 2515 ao
277 2460 441 2527 coniuncta,
455 2460 573 2532 peperit
589 2457 785 2532 Egbrightum
797 2466 827 2514 et
842 2457 992 2514 Laterium
1006 2475 1103 2531 reges,
1114 2469 1203 2532 atque
1218 2457 1433 2518 Ermenildam

276 2556 306 2603 et
323 2545 534 2620 Erlrengodam
553 2547 680 2619 reginas
718 2544 892 2602 Ermenilda
904 2545 1021 2602 Wll'ero
1040 2547 1103 2618 regi
1118 2544 1310 2616 Marciorum,
1324 2547 1435 2606 Pende

277 2631 356 2707 regis
375 2633 445 2702 filio,
457 2633 572 2702 tradita,
585 2643 718 2690 sanctam
731 2633 877 2706 virginem
891 2631 1091 2707 Werbu'rgam
1108 2634 1273 2706 generauit.
1312 2634 1434 2694 Beatis-

276 2723 353 2778 sima
365 2738 437 2777 vero
455 2730 617 2780 matertera
634 2722 699 2778 eius
714 2719 893 2794 Erkengoda
910 2737 994 2778 sacre
1011 2719 1162 2794 religionis
1178 2737 1282 2778 amore
1295 2725 1434 2798 peregri-

277 2817 346 2866 nata
370 2817 453 2866 trans
478 2825 561 2866 mare
585 2807 752 2882 requiescit,
771 2809 821 2865 vbi
845 2825 879 2866 se
903 2825 921 2865 a
940 2808 1061 2865 domino
1086 2817 1257 2882 susceptam
1283 2819 1433 2884 tanquam

231 2911 262 2964 ²5
277 2897 425 2954 aduenam
438 2913 523 2953 suam
540 2897 642 2954 multis
654 2897 810 2954 nautibus
828 2896 965 2953 ostendit.
1038 2883 1111 2954 Hec
1129 2895 1229 2970 itaque
1241 2897 1328 2971 virgo
1341 2899 1433 2957 Wer·

276 2987 371 3059 burga
385 3001 403 3042 a
415 2985 539 3042 tenero⁴
550 2985 600 3042 eui
613 2983 686 3042 ssore
699 2984 777 3057 cepit
794 2983 929 3057 speciosa
945 2982 1098 3042 saciacum
1115 2985 1253 3057 speciosa
1270 2997 1377 3044 mente
1394 2991 1432 3046 ad

275 3073 361 3130 illurn
387 3073 437 3146 qui
468 3071 623 3146 speciosus
648 3082 694 3129 est
724 3071 819 3129 forma
846 3089 902 3145 pre
926 3071 995 3128 filiis
1026 3071 1190 3143 hominurn,
1214 3075 1406 3133 contendere
1415 3076 1432 3146 ⁵,

276 3177 441 3233 amoreque
462 3160 641 3234 virginitatis
664 3160 702 3217 ad
728 3159 880 3217 Christum
905 3158 1056 3216 conualuit
1065 3157 1083 3228 ⁸,
1108 3169 1246 3216 terrenas
1270 3163 1433 3236 concupis·

277 3249 391 3306 centias
421 3247 583 3316 abhorruit,
609 3265 718 3321 procos
746 3257 775 3305 et
802 3257 951 3304 amatores
981 3247 1098 3320 repulit.
1142 3247 1273 3318 Aurum,
1298 3267 1431 3323 gemme,

232 3351 265 3402 30
277 3344 377 3393 vestes
396 3352 469 3391 auro
487 3344 580 3404 texte,
599 3345 630 3392 et
648 3334 788 3409 quicquid
807 3334 865 3392 sert
882 3335 1051 3409 pompatica
1069 3335 1173 3392 mundi
1192 3336 1341 3406 iactantia,
1357 3356 1431 3396 one·

278 3440 347 3480 rosa
359 3421 416 3480 sibi
426 3423 523 3496 magis
533 3432 619 3480 erant
628 3440 718 3496 quam
728 3421 867 3496 gloriosa.
900 3423 1029 3480 Demum
1040 3423 1077 3480 ad
1087 3423 1201 3480 eliense
1212 3427 1430 3484 monasterium

277 3511 488 3584 commigrans,
501 3511 557 3567 sub
577 3520 737 3567 matertera
755 3528 809 3568 sua
823 3509 1005 3568 Etheldreda
1021 3527 1105 3568 sacre
1122 3510 1276 3584 religionis
1294 3513 1430 3571 habitum

277 3600 424 3673 sumpsit;
451 3598 560 3656 fastum
583 3600 686 3655 mundi
706 3599 846 3656 calcando
865 3598 1008 3655 humilem
1026 3615 1060 3656 se
1079 3597 1201 3656 Christo
1218 3599 1360 3660 ancillam
1380 3621 1430 3659 ex-

278 3688 394 3757 hibens,
407 3703 514 3744 onmes
532 3686 705 3743 monasterii
724 3703 846 3744 sorores
865 3685 1029 3744 humilitate
1048 3688 1208 3761 superabat
1227 3689 1431 3764 omnibusque

310 3806 318 3835 ¹
335 3807 636 3860 ascendentium:

309 3871 399 3946 Virgo
415 3885 458 3948 pia
475 3883 634 3932 Wenesreda
652 3881 754 3944 pollens
774 3881 801 3930 in
819 3881 956 3943 miraculis,
974 3882 1029 3932 Tua
1046 3899 1125 3946 prece
1143 3899 1191 3934 nos
1208 3886 1323 3936 emunda
1340 3902 1429 3950 pecca-

277 3961 361 4002 torum
373 3949 486 4010 maculis,
500 3950 533 3998 Et
543 3965 559 3998 a
570 3949 669 3998 uinctis
680 3949 733 3997 uite
745 3949 821 3998 huius
832 3949 942 3998 deiende
952 3949 1080 4012 periculis
1115 3951 1169 4000 Ora
1180 3965 1228 4013 pro
1240 3953 1325 4002 nobis.

313 4016 392 4078 Deus
410 4025 454 4086 qui
476 4023 574 4072 meritis
595 4031 622 4072 et
644 4022 763 4086 precibus
785 4023 853 4072 beati
873 4023 975 4073 Bennoi
994 4023 1083 4074 famuli
1104 4025 1141 4074 tui
1162 4031 1279 4075 sanemur
1301 4027 1429 4089 uirginem

277 4090 463 4140 Wenesredam
483 4089 636 4139 decollatum
656 4089 815 4138 resuscitasti
834 4096 861 4138 et
882 4090 957 4139 annis
976 4089 1123 4152 quindecim
1143 4091 1240 4153 iugiter
1261 4092 1308 4142 tibi
1331 4094 1429 4143 sutriae

276 4157 378 4208 iecisti:
396 4155 439 4205 illa
449 4155 626 4204 intercedente
637 4161 800 4218 peccatorum
811 4155 914 4204 ueniam
926 4162 953 4204 et
964 4162 1080 4206 eternam
1092 4156 1158 4206 felici
1176 4193 1183 4206 .
1201 4193 1208 4208 .
1226 4194 1233 4208 .
1250 4193 1258 4207 .

310 4223 320 4252 ¹
335 4222 467 4284 Abridged
479 4220 546 4270 from
557 4221 603 4270 the
615 4219 675 4268 viu
687 4221 720 4282 by
732 4219 853 4270 Goscelin
861 4221 892 4282 ,in
903 4221 936 4271 A.
949 4219 997 4271 SS.
1011 4221 1078 4272 Ball.
1090 4221 1164 4272 Febr.
1178 4222 1196 4272 Ι.
1210 4238 1235 4287 p.
1247 4237 1306 4287 391.
1370 4223 1381 4252 ¹
1397 4223 1427 4270 Τ.

277 4289 343 4338 Filia
354 4287 422 4348 regis
434 4295 460 4336 et
471 4301 568 4349 sponsa
578 4287 675 4334 Christi
685 4286 739 4336 dec.
752 4287 827 4348 uirgo
838 4285 882 4336 W.
1020 4287 1076 4338 ¹2.
1089 4296 1115 4338 te
1126 4303 1198 4340 vero.
1330 4288 1384 4340 ⁸T.
1398 4289 1427 4338 F.

277 4353 471 4412 conscendere;
487 4367 508 4401 r.
520 4352 688 4402 contendere.
777 4351 787 4382 ⁸
803 4352 836 4403 al.
848 4351 1005 4404 conuoiauit.
