3036 4878
80 275 372 344 ris-Domana
471 257 652 349 tinum.
673 257 873 354 nunno.
1043 259 1045 264 ’
1150 281 1244 357 719

81 462 265 534 aquilonem.
314 464 379 518 Hec
403 471 498 520 autem
527 463 623 519 omnia
651 465 688 520 ab
713 463 788 518 omni
811 463 957 519 exactione
985 467 1014 519 et
1042 462 1245 518 consuetudine

84 546 217 602 sectrlari
241 563 356 616 prorsus
378 547 490 615 exemit,
514 549 682 619 plenamque
707 547 736 602 in
760 546 891 603 omnibus
911 547 1069 602 libertatem
1088 546 1129 601 eis
1154 547 1244 616 sigillo

83 629 193 699 regali,
207 629 236 684 in
247 628 444 700 episcoporum
457 639 485 686 et
497 647 643 701 procerum
656 631 809 702 presencia,
823 629 938 686 consilio
950 639 979 686 et
990 647 1106 686 assensu
1119 631 1245 686 omnium

85 713 283 768 confirmauit.
321 713 395 782 Quia
419 731 487 768 uero
511 715 590 769 locus
614 715 748 786 palustris
772 713 863 769 inanis
888 723 916 769 et
940 712 1077 770 insolidus
1102 725 1171 784 erat,
1192 729 1245 771 nec

85 797 200 852 molem
223 794 335 866 lapidee
359 795 545 852 edificationis
569 799 728 866 sustineret,
750 797 813 868 pius
837 815 886 852 rex
907 797 1007 853 altiore
1030 797 1147 853 consilio
1169 813 1274 866 usus,5

85 878 226 948 ingentes
242 879 324 949 palos
339 896 375 934 ex
391 881 551 950 quercubus
565 881 672 938 infinite
689 879 876 936 multitudinis
895 879 953 934 fieri
973 881 1098 951 precepit
1117 892 1246 954 terreque

87 963 284 1032 infigi—sicut
315 963 409 1019 adhuc
437 963 523 1020 etiam
553 964 615 1021 istis
644 963 818 1036 temporibus
841 963 916 1019 circa
945 963 1148 1020 habitationem
1173 965 1246 1020 illius

86 1047 209 1102 cenobii
221 1047 333 1102 oculata
346 1047 402 1102 lide
414 1063 528 1104 cernere
544 1065 703 1118 possumus,
716 1065 780 1103 curn
796 1065 814 1102 a
827 1047 1000 1102 fodientibus
1013 1057 1045 1102 et
1062 1047 1246 1104 fundamenta

88 1140 175 1184 certa
189 1131 370 1201 querentibus
389 1140 463 1185 terra
476 1131 607 1205 aperitur.
644 1133 761 1187 Terram
776 1147 888 1202 quoque
907 1130 1027 1185 solidam
1046 1131 1126 1188 iussit
1143 1149 1246 1187 nouem

88 1213 225 1268 miliariis
237 1231 289 1283 per
299 1231 403 1285 aquam
415 1214 452 1269 de
464 1214 590 1285 partibus
602 1215 716 1270 remotis
728 1213 828 1270 afferri
860 1215 898 1268 Et
908 1213 950 1268 sic
961 1230 1028 1269 usus
1040 1213 1133 1284 ligneo
1144 1216 1246 1271 funda·
1263 1231 1293 1267 ro

90 1307 203 1365 mento,
216 1297 364 1352 ecclesiam
383 1297 494 1369 incepit,
508 1315 626 1371 eamque
644 1299 682 1354 ad
699 1300 811 1354 laudem
828 1307 857 1352 et
874 1295 1011 1352 honorem
1030 1296 1076 1353 dei
1093 1307 1122 1353 et
1140 1299 1178 1354 ad
1197 1316 1247 1355 sue

92 1381 219 1435 salutern
243 1380 336 1436 anime
360 1381 575 1438 consummauit.
622 1385 662 1438 Vt
692 1392 787 1437 autern
816 1381 892 1436 beati
923 1381 1085 1436 anachorite
1111 1383 1248 1438 memoria

91 1472 235 1534 perpetuo
248 1463 276 1517 in
293 1465 398 1520 horrore
416 1473 445 1520 et
461 1464 549 1533 gloria
565 1465 684 1521 celebris
697 1454 857 1530 haberetur,
871 1473 1040 1520 conuentum
1057 1465 1247 1535 religiosorum

93 1546 216 1614 induxit,
236 1547 385 1618 locumque
403 1548 588 1617 magnificans
606 1548 760 1616 beneficiis,
781 1547 908 1614 edificiis,
928 1557 956 1603 et
976 1549 1158 1616 ornamentis,
1176 1566 1248 1605 nuu-

94 1647 186 1701 quam
198 1631 234 1685 ad
247 1628 431 1686 nouissimum
444 1629 518 1688 diem
531 1650 613 1688 suum
624 1633 662 1688 ab
674 1631 748 1688 illius
754 1631 864 1687 cenobii
877 1630 1067 1698 ueneratione,
1077 1632 1248 1701 defensione,
1264 1655 1294 1708 ¹5

94 1723 147 1768 aut
160 1715 334 1784 promotione
346 1713 474 1770 cessauit.
507 1717 540 1770 ln
553 1716 653 1771 eodem
666 1717 729 1770 loco
745 1711 888 1784 religionis
903 1713 1059 1769 monastice
1077 1717 1247 1785 professores

95 1813 189 1867 usque
210 1797 240 1851 in
261 1808 421 1867 presentem
443 1797 519 1854 diem
543 1798 719 1855 continuauit
737 1797 908 1869 antiquitas:
937 1797 984 1866 qui
1007 1795 1108 1867 iugiter
1127 1798 1155 1852 in
1175 1799 1245 1853 libro

95 1879 275 1950 experiencie
293 1881 389 1950 legunt
410 1881 505 1951 quanti
525 1882 600 1952 apud
620 1882 705 1938 deum
726 1881 764 1936 sit
774 1879 866 1936 meriti
888 1879 1081 1935 sanctissimus
1103 1879 1155 1936 iste
1179 1899 1246 1937 con-

95 1963 198 2029 fessor,
211 1980 296 2034 quam
308 1973 442 2034 promtus,
455 1981 539 2035 quam
552 1966 652 2020 efficax
664 1965 693 2020 in
705 1961 919 2022 necessitatibus
931 1962 1107 2033 afflictorum,
1120 1974 1148 2021 et
1161 1981 1246 2036 quam

97 2047 283 2116 tempestiuus
296 2046 425 2104 adiutor:
445 2059 589 2117 prestante
601 2049 716 2104 domino
735 2057 763 2104 et
783 2048 922 2103 saluatore
940 2045 1055 2101 domino
1068 2058 1165 2103 nostro
1180 2050 1245 2104 lesu
1264 2068 1296 2104 ro

99 2127 224 2196 Christo,
237 2129 281 2184 cui
294 2129 330 2186 sit
342 2130 431 2184 honor
443 2141 471 2186 et
482 2131 571 2201 gloria
583 2131 612 2186 in
626 2131 720 2187 secula
733 2130 899 2186 seculorum.
934 2129 1063 2184 AMEN.

165 2313 300 2365 INCIPIT
316 2313 499 2366 Pnomous
516 2316 556 2365 IN
572 2311 878 2366 TRANSLATIONEM
895 2313 972 2364 CUM
989 2311 1184 2366 MIRACULIS

378 2399 484 2450 BEATI
501 2397 687 2468 GUTIILACI
704 2393 969 2450 ANACHORITE1.

104 2485 315 2614 GLoriosam
333 2491 502 2547 uenerabilis
514 2490 602 2561 patris
621 2491 708 2546 nostri
729 2489 861 2548 Guthlaci
874 2490 1093 2557 translationem,
1108 2489 1249 2546 karissimi

202 2573 310 2641 fratres,
335 2575 446 2630 deuotis
470 2573 599 2630 laudibus
623 2591 833 2646 prosequamur,
859 2585 890 2630 ut
919 2574 1086 2647 obsequium
1109 2575 1191 2630 nobis
1222 2575 1250 2630 in

101 2656 247 2727 premium,
255 2658 415 2727 preconium
430 2658 457 2713 in
471 2657 657 2729 patrocinium
667 2669 875 2714 conuertamus.
900 2658 930 2713 Si
943 2654 1125 2714 enim'adhuc
1138 2657 1249 2714 ‘similis

42 2803 43 2806 Ἴ
101 2739 185 2796 nobis
202 2740 360 2810 passibilis,'
377 2741 443 2796 dum
465 2741 494 2796 in
513 2741 569 2795 hoc
593 2740 704 2796 mortali
728 2758 846 2810 corpore
866 2741 980 2796 Christo
1000 2741 1148 2804 militabat,
1166 2758 1250 2810 super
1266 2763 1296 2815 ²5

102 2825 237 2879 demones
255 2835 283 2879 et
301 2824 450 2894 languores
469 2825 540 2880 adeo
558 2823 728 2895 potestatiue
747 2823 878 2879 uirtutem
897 2823 1092 2879 miraculorum
1111 2823 1249 2878 exercuit:

102 2916 238 2980 quantum
260 2907 364 2977 putatis
383 2925 459 2963 nunc
481 2925 546 2963 eurn
571 2924 655 2978 posse
676 2905 896 2977 supplicantibus
918 2903 1053 2977 impartiri
1079 2904 1250 2974 suffragium,

103 2990 150 3062 qui
180 2991 254 3045 stola
283 2991 499 3047 immortalitatis
524 2991 638 3045 indutus
661 2989 796 3059 gloriatur
825 2988 853 3043 in
877 2987 1023 3058 presencia
1048 2987 1152 3044 Christi
1180 2987 1251 3044 inter

103 3071 262 3142 angelicos*
274 3084 302 3129 et
319 3073 348 3129 in
366 3073 585 3144 congregatione
602 3075 781 3128 sanctorum?
818 3071 956 3128 ‘intrauit
974 3070 1050 3127 enirn
1069 3070 1098 3126 in
1114 3071 1249 3141 gaudium

104 3157 208 3212 domini
221 3155 281 3225 sui,'
293 3155 417 3212 introiuit
429 3157 458 3211 in
471 3156 617 3227 potencias
636 3153 742 3212 domini
755 3163 783 3210 et
799 3155 919 3225 abyssos
935 3153 1071 3210 claritatis
1083 3163 1188 3222 eterne,
1202 3153 1249 3210 ubi
1266 3179 1298 3229 30

104 3239 224 3296 leticiam
247 3250 276 3296 et
300 3241 488 3306 amenitatem,
513 3255 614 3310 pacem
637 3248 665 3294 et
689 3239 872 3308 uoluptatem,
898 3239 990 3294 lucem
1018 3237 1250 3307 inaccessibilem,

103 3323 261 3380 felicitatem
271 3333 299 3378 et
308 3323 434 3392 gloriam,
442 3321 657 3377 ‘iocunditatem
665 3331 694 3377 et
705 3321 903 3376 exultationem
914 3319 1109 3377 thesaurizauit
1119 3321 1250 3378 dominus

105 3407 280 3477 supereum’
317 3408 422 3462 Beatus
438 3405 533 3477 itaque
554 3404 657 3461 Christi
678 3405 822 3460 confessor
837 3403 907 3460 satis
927 3405 1083 3460 domestico
1100 3403 1251 3476 exemplari

105 3507 154 3546 uos
175 3489 265 3544 erudit
287 3499 314 3545 et
334 3489 473 3558 informat,
498 3487 544 3560 qui
567 3488 612 3542 ‘in
633 3489 707 3542 fame
728 3497 757 3543 et
779 3487 834 3556 siti,
854 3487 882 3542 iu
898 3487 1001 3558 frIgore
1019 3498 1047 3544 et
1066 3488 1202 3556 nuditate,
1222 3489 1250 3544 in

106 3573 245 3628 laboribus
264 3571 397 3642 plurimis,
411 3571 440 3627 in
459 3570 568 3627 ieiuniis
586 3581 614 3626 et
631 3571 734 3640 uigiliis
753 3570 857 3640 multis,
870 3571 899 3626 iu
917 3571 1149 3642 temptationibus
1167 3589 1251 3642 supra
1266 3596 1297 3646 35

105 3655 236 3722 modum,’
248 3666 277 3711 et
296 3655 324 3710 in
338 3655 468 3711 omnibus
484 3653 619 3724 regularis
636 3654 691 3710 uite
710 3655 900 3711 obseruauciis
912 3655 1032 3725 gloriose
1044 3655 1080 3710 de
1095 3671 1179 3710 carne
1191 3672 1250 3721 sua,

106 3742 141 3796 de
153 3739 255 3806 seculo,
265 3749 292 3793 et
305 3740 342 3794 de
353 3739 477 3808 maligno
488 3739 588 3809 spiritu
601 3737 792 3808 triumphauit.
823 3737 1010 3793 ‘Emulamini
1023 3754 1088 3807 ergo
1101 3736 1251 3793 carismata

107 3823 233 3879 meliora’
246 3821 282 3876 ad
296 3838 351 3892 que
364 3821 439 3877 beati
450 3820 581 3877 Guthlaci
598 3822 658 3876 uita
671 3838 721 3876 uos
738 3821 894 3876 instantius
908 3819 1024 3876 inuitatt
1042 3819 1121 3875 cuius
1134 3821 1251 3877 uirtutes

108 3917 133 3962 et
145 3905 244 3960 merita
257 3904 280 3960 si
293 3921 344 3974 pro
356 3914 423 3959 uoto
435 3904 518 3974 plene
530 3921 588 3958 non
600 3903 717 3974 potestis
730 3901 849 3974 assequi,
863 3902 999 3958 studeatis
1015 3913 1110 3958 tamen
1129 3905 1251 3959 eundern

108 3987 294 4060 spiritualibus
313 3987 451 4043 exercitiis
470 3986 580 4042 imitari.
616 3985 709 4041 Vestri
729 3985 816 4056 patris
837 3986 973 4054 exemplo,
995 3986 1065 4040 dura
1087 3985 1115 4039 in
1135 4003 1250 4057 presen·
1266 4015 1298 4061 40

109 4073 210 4127 ciarum
234 4070 380 4126 toleranda
404 4080 478 4138 sunt,
503 4079 532 4125 ut
561 4086 626 4124 cunr
650 4085 685 4123 eo
705 4068 837 4138 ‘regnum
862 4068 994 4137 celorum,
1014 4068 1089 4138 quod
1111 4085 1129 4123 a
1152 4069 1252 4124 diebus

112 4153 240 4209 iohannis
254 4152 310 4207 vim
322 4151 443 4224 patitur,’
457 4169 508 4224 per
523 4151 690 4208 uiolenciam
701 4149 860 4221 penitencie
873 4149 999 4221 capiatis.
1035 4150 1159 4223 Reliquit
1171 4153 1251 4208 uobis

139 4249 148 4280 ¹
164 4249 226 4298 This
236 4229 335 4298 Transi:
345 4248 390 4297 has
405 4254 450 4297 not
461 4249 523 4297 been
534 4247 594 4296 used
606 4248 639 4311 by
650 4247 716 4310 John
733 4247 761 4296 of
769 4246 937 4311 Tynemouth.
970 4246 994 4298 It
1009 4255 1070 4297 rests
1083 4263 1115 4296 on
1132 4263 1164 4296 an
1182 4247 1253 4297 older

110 4323 210 4366 aeonum
221 4313 260 4364 od.
271 4315 297 4364 in
308 4313 375 4366 Boll.
386 4312 460 4380 April
473 4327 495 4372 2,
507 4329 532 4379 p.
546 4326 578 4377 54
590 4313 645 4378 (but
656 4311 804 4378 incomplete
814 4321 840 4364 st
851 4312 894 4364 the
904 4313 974 4377 end).
998 4329 1002 4336 ·
1039 4310 1049 4341 ¹
1064 4311 1156 4379 supply
1167 4315 1252 4366 cerunt
