3052 4896
434 268 509 361 Dr
532 264 697 356 sanctu
723 266 916 356 wluin.
1185 293 1257 368 517

107 467 265 527 assisteret
277 467 427 540 misteriis,
437 468 646 544 dominicaque
655 467 789 528 oratione
799 469 961 544 completa¹
971 469 1076 545 (atque
1089 471 1233 545 perfecta)
1238 470 1257 544 ²,

107 559 232 614 suborta
250 567 296 616 est
318 557 346 616 ei
365 557 504 615 hesitatio
523 557 549 614 si
567 575 674 632 aquam
694 558 779 615 calici
797 558 963 616 infudisset
996 559 1090 617 Multa
1108 560 1138 616 in
1157 561 1258 618 animo

107 647 281 715 reuoluens,
308 655 371 702 toto
400 647 492 703 corde
522 647 645 703 tandem
676 646 714 702 ad
744 647 835 703 deum
865 664 1030 704 conuersus
1060 665 1128 705 cum
1159 649 1258 707 cordis

106 733 237 805 puritate
253 734 344 790 deum
362 733 505 792 exorauit.
544 733 701 806 Completa
716 733 859 804 oratione,
872 735 946 792 vidit
964 734 995 791 in
1013 734 1124 793 calice⁸
1135 753 1257 794 roseum

107 821 287 894 sanguinem
295 821 375 878 velut
385 822 454 894 agni
464 821 645 877 immaculati
656 821 747 878 lhesu
756 822 876 893 Christi,
884 839 978 895 vsque
990 824 1028 880 ad
1037 823 1148 880 labium
1158 823 1257 881 calicis
1271 841 1286 893 5

106 909 345 979 redundantem
359 917 560 982 perceptoque
573 916 760 966 sacramento
772 909 929 982 [corporis]
942 911 1118 982 sanguinem
1131 911 1258 968 deinde⁴

107 994 182 1052 bibit
194 1013 252 1053 vue
271 995 517 1054 meracissimum.
599 983 721 1056 Seruus
740 995 790 1054 dei
807 995 961 1054 ericus⁸
982 998 1101 1054 cuidam
1121 1008 1204 1056 muto
1225 999 1257 1056 in

106 1083 246 1155 sompnis
258 1100 418 1156 apparens,
429 1083 520 1156 digito
533 1082 578 1139 ori
590 1083 655 1141 eius
664 1083 814 1157 imposito,
827 1101 861 1140 os
874 1084 938 1142 eius
949 1085 1075 1158 aperuit,
1083 1093 1114 1142 et
1122 1085 1256 1159 linguam

107 1171 264 1227 reserauit.
302 1170 425 1228 Latroni
437 1171 593 1228 oculorum
606 1171 767 1228 effossione
780 1172 884 1245 punito
899 1173 1001 1230 oculos
1011 1190 1107 1230 nouos
1117 1182 1147 1230 et
1159 1174 1256 1232 visum

107 1273 164 1314 sua
182 1275 275 1331 prece
293 1258 430 1315 restituit
505 1246 621 1316 Mulier
639 1259 790 1333 quedam⁸
809 1261 885 1316 duos
904 1277 1015 1333 pueros
1033 1278 1101 1317 cum
1119 1262 1257 1334 panibus,
1272 1285 1303 1324 ιο

107 1345 252 1418 pastellis,
277 1356 308 1403 et
326 1346 443 1403 duobus
463 1345 544 1403 vasis
564 1345 626 1404 vini
645 1347 684 1403 ad
703 1346 850 1404 ericum
871 1347 961 1406 misit.
1009 1347 1068 1418 Qui
1089 1349 1256 1422 portionem

106 1433 238 1506 aliquam
262 1451 302 1490 ex
326 1434 451 1508 singulis
475 1441 668 1492 resemantes
692 1436 772 1505 apud
793 1451 958 1508 pauperem
983 1437 1134 1509 quendam
1158 1435 1189 1493 in
1208 1436 1257 1494 via

107 1521 321 1593 deposuerunt
351 1520 413 1578 lllis
425 1521 514 1595 igitur
521 1523 559 1578 ad
569 1521 689 1578 ianuam
701 1521 897 1594 pulsantibus,
907 1532 1011 1579 vocato
1021 1523 1153 1581 ericus
1162 1541 1258 1597 puero

107 1607 167 1665 ait:
186 1608 287 1665 ‘Vade
299 1618 330 1666 et
343 1610 464 1683 suscipe
477 1610 515 1666 de
529 1626 619 1666 manu
632 1609 786 1666 hominum
799 1609 916 1667 illorum
929 1627 966 1666 ea
978 1628 1037 1684 que
1048 1611 1189 1681 tulerunt,
1202 1613 1256 1670 sed

107 1711 163 1752 eos
175 1697 212 1752 ad
226 1713 275 1752 me
286 1697 409 1754 introire
421 1714 483 1753 non
496 1697 651 1770 permittas
663 1716 670 1768 ;
690 1698 745 1754 sed
759 1715 797 1754 ne
811 1699 850 1754 de
863 1697 921 1754 hiis
933 1707 1055 1770 gustent
1067 1716 1125 1772 que
1138 1699 1256 1758 defrau·
1272 1725 1282 1762 ι
1286 1727 1301 1779 5

106 1783 256 1840 dauerunt
268 1793 299 1840 et
312 1794 511 1857 reposuerunt
524 1784 590 1854 sibi,
603 1785 660 1841 sub
673 1784 778 1842 mortis
794 1784 1034 1842 interminatione
1047 1803 1100 1843 eos
1113 1787 1257 1860 prohiba’

107 1871 177 1940 Quo
192 1871 292 1928 audito
309 1888 378 1928 cum
395 1872 487 1929 multa
504 1871 680 1929 confusione
693 1872 816 1943 reuersi,
828 1873 931 1929 vinum
941 1873 950 1904 ⁷
962 1873 1085 1946 plenum
1104 1874 1257 1947 genimine

107 1975 249 2016 ranarum
272 1967 486 2017 venenatarum
516 1959 706 2030 inuenerunt,
736 1969 766 2016 et
796 1962 875 2032 quod
900 1962 939 2017 de
963 1979 1042 2034 pane
1072 1970 1102 2018 et
1131 1962 1257 2035 pastillls

107 2056 349 2116 reseruauerant,
362 2047 485 2120 plenum
504 2047 683 2121 scaturigine
700 2047 847 2105 vermium
863 2047 1011 2105 viderunt.
1049 2048 1256 2108 Percutientes

106 2151 181 2206 ergo
205 2143 328 2207 pectora
350 2151 415 2204 sua,
439 2134 477 2190 ad
501 2135 598 2192 virum
623 2135 673 2192 dei
696 2135 795 2208 qualia
819 2143 904 2192 erant
928 2135 1056 2194 celerius
1080 2137 1257 2195 detulerunt
1271 2161 1303 2200 ao

107 2222 225 2291 Quibus
237 2221 377 2279 consessa
388 2221 475 2295 culpa
487 2239 541 2278 sua
553 2223 672 2279 veniam
685 2222 946 2296 consequentibus,
958 2223 1092 2282 ericus
1104 2241 1213 2298 panem
1227 2233 1258 2282 et

105 2309 211 2366 vinum
233 2326 288 2366 sua
309 2308 517 2367 benedictione
537 2310 633 2367 forme
653 2309 746 2383 priori
765 2310 901 2380 restituit,
921 2319 952 2369 et
970 2320 1002 2369 vt
1042 2311 1156 2385 auperi,
1177 2313 1256 2385 apud

105 2413 199 2471 quem
211 2415 247 2454 ea
259 2398 468 2470 deposuerant,
481 2396 593 2454 illibata
609 2407 797 2471 reportarent
810 2397 976 2471 imperauit.
1073 2399 1163 2456 lrieo⁸
1175 2400 1257 2457 enim

106 2484 263 2544 nocturnis
274 2484 384 2557 vigiliis
396 2485 525 2557 fatigato,
539 2502 607 2541 cum
620 2486 756 2542 membra
768 2485 870 2558 sopori
882 2487 976 2557 daret,
988 2485 1062 2543 vidit
1074 2486 1105 2544 in
1120 2487 1257 2560 sompnis

106 2571 194 2646 quasi
218 2581 280 2629 tres
304 2589 416 2646 pueros
437 2573 514 2629 vltra
537 2572 630 2629 altare
654 2591 741 2630 suum
766 2591 941 2646 suspensos,
961 2582 991 2631 et
1013 2574 1127 2647 laqueis
1148 2575 1257 2648 quibus
1271 2598 1301 2650 ²5

105 2659 220 2717 astricti
239 2668 324 2717 erant
345 2658 403 2716 iam
428 2659 513 2734 quasi
538 2659 735 2718 suffocandos.
773 2661 908 2732 Quorum
929 2678 1007 2719 vnus
1024 2662 1063 2719 ad
1084 2662 1166 2719 illum
1188 2679 1257 2720 con·

106 2764 217 2804 uersus
229 2747 270 2807 ait
283 2767 289 2804 :
309 2748 354 2804 ‘0
368 2747 488 2804 domine
502 2747 543 2804 mi
555 2747 696 2818 erice',
708 2765 762 2804 cur
774 2748 925 2821 pigritaris
938 2765 1061 2822 surgere
1071 2747 1092 2782 ¹⁰
1104 2757 1134 2807 et
1150 2766 1257 2807 eruere

106 2853 165 2893 nos
176 2837 202 2892 l’
238 2835 294 2893 Cui
306 2852 375 2892 cum
386 2835 433 2892 vir
444 2845 576 2906 sanctus,
589 2853 650 2892 non
662 2835 799 2893 inuenire
812 2853 846 2893 se
859 2837 970 2893 diceret
982 2853 1111 2908 quonam
1126 2839 1215 2894 modo
1226 2837 1257 2895 id

105 2922 228 2993 faceret,
241 2923 413 2996 respondit:
432 2924 590 2980 ‘Ascende
603 2940 697 2996 super
711 2923 804 2980 altare
821 2922 885 2992 hoc,
898 2932 929 2980 et
941 2933 1025 2980 stans
1039 2923 1122 2980 mitte
1134 2941 1257 2981 manum

105 3020 198 3078 tuam,
211 3019 241 3068 et
252 3011 299 3067 ier
310 3027 400 3084 opem
410 3010 579 3068 morituris!
607 3010 666 3081 Qui
679 3013 817 3068 continuo
830 3010 1022 3084 acquiescens
1035 3027 1124 3067 manu
1137 3019 1258 3069 extenta
1271 3033 1304 3085 30

104 3116 126 3156 a
141 3107 238 3156 morte
255 3113 308 3154 eos
324 3107 354 3154 et
370 3099 535 3170 suspendio
551 3097 697 3154 liberauit.
735 3097 815 3154 Dum
831 3105 969 3154 tractaret
985 3115 1088 3154 secum
1100 3097 1227 3170 vigilans
1236 3098 1258 3132 ¹¹

106 3187 148 3244 de
164 3184 280 3244 visione
299 3186 362 3256 hac,
379 3195 526 3243 venerunt
544 3186 582 3242 ad
602 3202 671 3242 eum
690 3185 848 3258 presbiteri
861 3194 931 3255 tres,
950 3201 1006 3258 pro
1024 3187 1155 3258 peccatis
1173 3185 1258 3258 peni·

105 3283 208 3332 tentes
226 3283 255 3330 et
269 3282 433 3346 gementes,
447 3283 477 3329 et
495 3274 533 3330 ab
550 3291 587 3330 eo
602 3281 793 3346 peccatorum
811 3272 930 3330 veniam
950 3281 980 3329 et
998 3273 1113 3330 consilii
1131 3273 1257 3331 sanioris

106 3363 238 3420 sormam
250 3369 427 3434 expetentes
441 3361 632 3434 reportabant
640 3361 669 3418 ¹².
700 3360 857 3431 Quomodo
870 3369 969 3417 autem
982 3360 1024 3417 hii
1036 3369 1097 3420 tres
1109 3378 1204 3434 vsque
1218 3362 1257 3419 ad

106 3459 230 3522 tempus
259 3448 330 3506 illud
353 3450 430 3506 vltra
460 3449 552 3505 altare
576 3449 794 3522 pependerunt,
818 3449 890 3505 dum
921 3448 1032 3506 sanctis
1062 3465 1122 3506 non
1154 3458 1257 3508 sancte
1271 3469 1303 3523 35

105 3537 294 3608 assisterent,
307 3537 424 3594 aduerti
437 3535 520 3593 facile
534 3546 590 3593 est.
662 3523 835 3594 Ordinabat
851 3553 906 3592 rex
918 3536 1085 3608 Anglorum
1105 3536 1256 3595 Henricus

106 3626 225 3701 primus
238 3625 454 3699 prosectionem
467 3626 497 3681 in
510 3633 614 3697 partes
623 3623 848 3691 transmarinas,
861 3633 890 3680 et
909 3641 977 3680 cum
993 3624 1049 3680 boc
1067 3624 1195 3682 famulus
1207 3625 1257 3682 dei

105 3713 250 3783 audisset,
269 3713 326 3771 eit:
347 3712 423 3770 ‘Ibit
442 3713 573 3785 quidem,
593 3712 647 3768 sed
667 3728 726 3767 non
746 3711 862 3782 redibit,
875 3712 937 3780 sed,
958 3720 987 3768 et
1006 3712 1031 3768 si
1049 3711 1181 3782 redierit,
1196 3728 1256 3769 non

105 3809 188 3860 totus
201 3810 302 3857 tamen
315 3818 371 3857 nec
384 3800 517 3873 integer!
546 3799 725 3856 Nunciatum
738 3807 785 3856 est
797 3798 853 3855 hoc
866 3799 939 3872 regi,
948 3807 977 3855 et
989 3800 1064 3855 dure
1076 3799 1189 3872 accepit
1202 3815 1257 3855 rex

105 3905 283 3948 sennonem
303 3889 391 3957 hunc,
404 3897 434 3945 et
452 3887 533 3944 misit
551 3888 589 3943 ad
606 3903 675 3944 eum
689 3886 739 3959 qui
752 3895 893 3960 quereret
910 3887 936 3943 si
948 3887 1032 3943 verbi
1051 3886 1139 3944 huius
1154 3894 1257 3943 auctor
1270 3907 1304 3961 4⁰

105 3979 175 4052 ipse
196 3976 311 4034 fuisset.
347 3975 397 4033 ‘Si
417 3975 489 4045 dixi,
510 3973 559 4046 ait,
579 3991 639 4036 non
659 3991 709 4032 me
729 3974 852 4048 penitet,
871 3972 941 4047 quia
965 3991 1003 4031 ex
1029 3990 1078 4030 me
1103 3991 1163 4030 non
1188 3991 1256 4031 sum

142 4123 351 4187 ¹T.complene.
422 4121 601 4186 ’atqueperi
616 4137 665 4173 om.
679 4123 705 4171 in
717 4122 746 4172 T.
816 4120 871 4170 ¹1⁸.
884 4121 997 4172 calicem.
1067 4121 1123 4171 ¹E.
1135 4122 1256 4185 denique.

105 4193 117 4223 ³
134 4190 164 4240 T.
179 4191 308 4240 uuliricus.
355 4187 365 4217 ⁸
380 4203 415 4238 so
427 4190 442 4250 J
446 4191 550 4239 ohanna
560 4205 627 4238 uxor
640 4187 756 4238 Durandi
768 4188 800 4236 de
810 4187 916 4248 ldohun,
931 4188 1029 4237 domini
1040 4187 1073 4237 de
1085 4187 1257 4250 Haselbergia

106 4271 191 4307 soror.
230 4257 295 4304 Boll.
309 4255 384 4305 ldiles
395 4257 505 4351 quidam:
542 4320 548 4331 ο
580 4253 637 4306 ἵΕ.
649 4271 673 4305 v.
685 4254 761 4330 enim.
822 4251 1009 4330 ’1.11111τ1εο.
1072 4253 1257 4306 'nwume

145 4321 334 4385 Esuggerere.
437 4320 468 4372 E.
479 4319 605 4383 vigilians.
680 4319 702 4353 ¹²
718 4317 769 4368 Vrt.
782 4325 809 4370 et
820 4325 984 4382 accipientes.
