3008 4904
277 341 350 394 220
584 319 715 406 Ildum
740 317 929 421 Mum
954 318 1104 422 finali&

274 519 414 577 Audiens
432 521 543 578 deinde
564 519 699 594 pontifex
723 537 865 578 romanus
883 521 1028 594 quosdam
1048 521 1078 578 in
1098 521 1247 579 occiduis¹
1270 521 1424 580 Britannie

273 609 409 680 partibus
431 609 560 665 necdum
582 608 673 665 iidem
694 608 805 665 Christi
820 609 1005 682 ¹suscepisse,
1026 611 1064 666 ad
1084 610 1278 683 episcopatus
1302 612 1424 683 gradum

276 695 438 752 Ninianum
451 695 638 754 consecrauit
650 705 679 754 et
692 697 841 769 premisse
853 696 933 768 genti
948 697 1016 752 data
1028 697 1238 754 benedictione
1252 699 1425 771 apostolum

274 783 442 858 destinauit.
516 771 655 841 Rediens
682 793 782 840 autem
809 783 857 840 vir
883 785 931 840 dei
959 786 996 841 ab
1024 783 1115 854 Vrbe,
1140 785 1242 842 actus¹
1275 785 1427 842 desiderio

246 869 394 938 svidendi
422 879 557 928 sanctum
587 871 749 928 Martinum
775 871 962 944 episcopum,
987 873 1025 928 ad
1050 871 1200 928 ciuitatem
1225 881 1426 930 turonensem

274 957 332 1014 iter
347 957 476 1015 diuertit
514 959 612 1030 Quem
630 967 753 1016 sanctus
773 957 920 1015 Martinus
940 959 1103 1015 honorifice
1120 959 1306 1032 suscipiens,
1326 979 1396 1017 eum
1413 977 1428 1014 a

273 1045 332 1102 deo
357 1045 573 1103 sanctificatum
599 1055 630 1102 et
657 1047 816 1102 multorum
846 1045 933 1102 saluti
964 1046 1162 1118 profuturum,
1186 1047 1243 1102 deo
1271 1049 1428 1104 reuelante

274 1135 420 1205 cognouit
468 1132 656 1190 licenciatus
683 1134 807 1190 demum
838 1134 876 1189 ab
907 1151 943 1189 eo
974 1133 1121 1190 Ninianus
1155 1151 1223 1190 cum
1253 1137 1297 1192 ad
1333 1137 1427 1192 locum

274 1219 431 1293 legationis
456 1237 511 1278 sue
536 1221 678 1290 venisset,
703 1237 830 1292 magnus
856 1221 1035 1293 populorum
1059 1221 1093 1278 fit
1117 1239 1295 1292 concursus,
1322 1223 1429 1296 ingens
1481 1219 1483 1312 l

231 1329 262 1366 ιο
274 1308 390 1364 cunctis
409 1307 512 1376 leticia,
530 1307 605 1364 mira
624 1307 753 1378 deuotio,
772 1309 838 1364 laus
858 1309 1019 1382 (quoque)³
1035 1308 1144 1381 vbique
1162 1321 1287 1366 resonat
1308 1310 1430 1378 Christi,

274 1397 414 1468 quoniam
433 1395 509 1452 sicut
526 1397 705 1468 prophetam
721 1411 791 1452 eum
809 1395 965 1452 habebant.
1002 1395 1090 1469 Cepit
1107 1412 1177 1452 mox
1193 1398 1273 1456 male
1293 1399 1430 1472 plantata

274 1483 414 1552 euellere,
427 1484 506 1540 male
518 1483 641 1540 collecta
654 1484 839 1556 dispergere,
853 1483 931 1540 male
944 1483 1080 1540 edificata
1093 1485 1257 1542 destruere.
1289 1485 1430 1559 Purgatis

274 1571 312 1626 ab
340 1570 422 1626 omni
449 1588 551 1628 errore
579 1571 711 1628 fidelium
740 1571 899 1641 mentibus,
924 1571 1025 1627 omnia
1051 1589 1111 1645 que
1137 1573 1278 1630 fidelibus
1312 1575 1430 1646 agenda

276 1657 406 1730 [erantl‘
426 1659 519 1714 verbo
540 1658 649 1728 docuit,
671 1659 814 1731 operibus
838 1668 868 1716 et
893 1658 1034 1732 exemplo
1060 1659 1245 1730 monstrauit,
1267 1671 1302 1717 et
1327 1661 1428 1717 multis

231 1766 260 1818 ¹5
275 1745 425 1802 miraculis
442 1745 636 1803 confirmauit.
712 1733 813 1818 Elegit
830 1755 930 1802 autem
948 1746 1003 1802 sibi
1021 1748 1125 1803 sedem
1142 1747 1172 1802 in
1190 1748 1257 1804 loco
1273 1749 1333 1822 qui
1351 1765 1429 1804 nunc

274 1831 413 1890 Witerna
441 1833 554 1902 dicitur,
576 1833 606 1890 in
632 1834 731 1890 littore
755 1833 864 1900 maris;
889 1833 956 1907 ipso
984 1835 1090 1906 pelago
1118 1835 1273 1904 clauditur,
1296 1855 1317 1894 a
1344 1845 1428 1909 parte

274 1930 389 1978 tantum
415 1921 578 1994 aquilonari
602 1921 650 1978 via
675 1921 790 1995 ingredi
815 1921 983 1978 volentibus
1010 1922 1150 1995 aperitur.
1189 1921 1233 1978 Ibi
1258 1923 1301 1980 de
1328 1923 1429 1996 lapide

273 2009 432 2065 ecclesiam
453 2007 726 2066 construxit—ante
750 2007 859 2081 quam⁸
885 2009 995 2064 nullam
1021 2009 1052 2064 in
1079 2009 1231 2065 Britannia
1256 2011 1297 2066 de
1328 2011 1428 2084 lapide

274 2097 377 2152 dicunt
405 2113 475 2154 esse
503 2106 712 2154 constructam.
758 2095 795 2152 Et
823 2096 963 2169 quoniam
993 2096 1053 2153 iam
1083 2107 1218 2154 sanctum
1250 2097 1427 2160 Martinam,

230 2211 262 2247 20
275 2202 365 2257 quem
385 2185 461 2240 miro
480 2202 603 2258 semper
622 2186 820 2241 venerabatur
838 2183 954 2252 affectu,
974 2203 991 2240 a
1008 2185 1097 2242 terris
1116 2185 1153 2240 ad
1171 2184 1252 2242 celos
1274 2188 1426 2260 migrasse

273 2271 427 2340 didicerat,
453 2272 550 2346 ipsam
578 2271 736 2329 ecclesiam
763 2271 793 2328 in
823 2272 888 2328 eius
917 2273 1031 2329 honore
1061 2273 1217 2330 dedicauit.
1294 2263 1372 2332 Fuit
1398 2273 1426 2328 in

273 2363 380 2418 eadem
400 2360 523 2434 regione
537 2377 591 2417 rex
604 2361 833 2433 quidam-nam
850 2369 911 2416 tota
928 2361 1024 2416 insula
1040 2361 1170 2417 diuersis
1187 2363 1312 2434 regibus
1330 2361 1425 2420 diuisa

273 2449 640 2506 subiacuit—Tudwaldus
649 2448 660 2480 ⁸
670 2447 799 2518 nomine,
809 2448 896 2504 diues
909 2457 938 2504 ct
952 2449 1056 2517 elatus,
1071 2449 1144 2522 [qui]
1155 2449 1166 2479 ⁴
1178 2449 1292 2506 monita
1305 2451 1366 2509 viri
1380 2447 1424 2505 dei

273 2545 493 2610 contempnens
517 2547 547 2594 et
572 2536 706 2594 doctrine
731 2537 797 2593 eius
818 2546 848 2593 et
870 2535 1002 2592 moribus
1026 2537 1185 2609 derogans,
1202 2537 1234 2593 in
1254 2537 1333 2596 facie
1354 2533 1426 2612 [ei]²

230 2647 259 2698 ²5
274 2625 441 2682 resistebat.
478 2625 617 2694 Quodam
633 2634 733 2681 autem
751 2625 809 2692 die,
826 2641 893 2680 cum
910 2624 978 2697 plus
994 2624 1081 2680 solito
1100 2625 1244 2682 molestus
1262 2637 1349 2684 esset
1364 2626 1424 2682 viro

274 2715 331 2783 dei,
355 2730 415 2768 non
435 2711 532 2769 vltra⁸
553 2729 662 2786 passus
682 2712 773 2768 iudex
798 2712 918 2768 celestis
940 2711 1020 2768 serui
1042 2711 1088 2768 sui
1111 2711 1248 2768 iniuriam
1271 2713 1399 2770 inultam
1408 2711 1424 2776 ’‚

273 2800 454 2856 intolerabili
468 2802 573 2858 morbo
586 2801 749 2872 superbum
762 2799 910 2872 percussit
923 2799 954 2855 in
968 2801 1072 2873 capite,
1085 2809 1115 2856 et
1127 2800 1221 2856 elatos
1236 2798 1304 2858 illos
1322 2802 1423 2858 oculos

274 2889 384 2945 cecitas
393 2889 414 2920 ¹⁰
435 2887 593 2961 repentina
609 2887 719 2944 inuasit
735 2897 765 2944 et
782 2887 832 2960 qui
851 2888 949 2944 lucem
968 2887 1153 2961 impugnauit
1167 2888 1311 2958 veritatis,
1327 2890 1423 2946 lucem

276 2977 382 3032 merito
398 2975 497 3033 amisit
514 2975 620 3032 carnis.
658 2974 776 3032 Saniori
794 2976 914 3032 tandem
931 2976 1037 3032 ductus
1054 2975 1186 3047 consilio,
1203 2976 1359 3034 advirum
1378 2975 1422 3033 dei

229 3083 261 3134 30
276 3064 524 3137 (sanctissimum)
534 3063 554 3096 ¹¹
576 3063 666 3132 misit,
684 3064 846 3120 obsecrans
868 3074 899 3119 vt
920 3062 1049 3120 imitator
1065 3063 1212 3120 dominice
1231 3064 1424 3138 benignitatis

276 3143 455 3208 retribueret
463 3151 483 3184 ¹²
495 3151 523 3208 ei
542 3152 621 3207 bona
640 3168 697 3223 pro
714 3151 809 3220 malis,
822 3160 852 3207 et
868 3151 1057 3208 dilectionem
1074 3169 1130 3224 pro
1142 3151 1219 3208 odio.
1255 3151 1313 3209 Vir
1324 3140 1422 3210 autem

273 3239 323 3296 dei
340 3240 438 3312 primo
456 3238 640 3311 increpando
657 3256 759 3312 regem
774 3238 904 3312 corripit,
917 3240 1026 3295 deinde
1039 3239 1138 3313 ipsum
1146 3239 1168 3271 ¹⁸
1179 3249 1318 3312 tangens,
1332 3239 1424 3298 oculis

275 3328 396 3400 signum
409 3327 506 3384 crucis
524 3326 684 3400 impressit.
723 3326 785 3383 Nec
803 3343 895 3398 mora,
913 3326 988 3400 sugit
1004 3327 1096 3396 dolor,
1112 3327 1220 3384 cecitas
1238 3328 1377 3401 sugatur;
1396 3337 1424 3384 et

275 3433 330 3472 rex
343 3416 441 3472 virum
454 3423 591 3471 sanctum
605 3413 749 3487 deinceps
762 3415 923 3483 honorans,
936 3415 1076 3488 quicquid
1093 3417 1131 3472 ab
1150 3434 1186 3472 eo
1204 3425 1312 3489 postea
1331 3417 1424 3492 petiit,

228 3529 258 3579 35
274 3504 340 3561 sine
354 3521 438 3560 mora
451 3502 576 3576 implere
589 3501 710 3559 curauit
785 3489 891 3559 Puella
902 3504 1031 3575 quedam
1042 3503 1072 3558 in
1083 3503 1423 3576 obsequiumcuiusdam

273 3591 383 3648 nobilis
401 3592 524 3647 domine
535 3590 556 3623 ²⁴
573 3590 688 3659 tradita,
708 3590 833 3662 pulchra
850 3589 927 3646 facie
945 3599 975 3646 et
996 3599 1122 3648 venusto
1143 3599 1267 3663 aspectu
1291 3603 1376 3650 erat:
1395 3592 1423 3647 in

273 3679 365 3754 quam
390 3696 459 3735 cum
484 3677 636 3735 iniecisset
662 3677 764 3733 oculos
788 3677 905 3734 iuuenis
930 3677 1108 3751 impudicus,
1134 3695 1236 3734 amore
1264 3681 1425 3753 corripitur

272 3786 352 3826 ceco.
389 3764 535 3824 Subditur
563 3766 685 3822 tandem
710 3782 800 3838 prece
824 3766 873 3822 vel
895 3766 996 3839 precio
1020 3765 1118 3823 aliene
1143 3765 1258 3822 libidini
1267 3765 1288 3797 ¹³
1314 3769 1424 3826 misera

273 3857 397 3914 mulier:
417 3863 447 3911 et
460 3861 646 3910 tumescente
654 3861 739 3909 vtero
752 3852 867 3909 crimen
880 3852 1024 3925 proditur,
1035 3862 1065 3910 et
1078 3869 1148 3910 mox
1162 3853 1242 3910 risus
1255 3853 1286 3909 in
1300 3855 1423 3924 luctum,

227 3959 260 4010 40
272 3944 414 4020 gaudium
443 3941 474 3999 in
502 3941 646 4010 dolorem,
673 3940 812 4013 voluptas
842 3949 975 3997 mutatur
1001 3941 1032 3998 in
1058 3957 1177 4014 penam.
1214 3941 1383 4016 Compulsa
1408 3960 1424 3999 a

273 4031 436 4090 maioribus
450 4047 536 4087 reum
554 4029 692 4102 prodere,
705 4045 739 4084 se
752 4027 852 4084 minus
865 4045 948 4085 ream
966 4027 1092 4085 credidit
1109 4029 1134 4086 si
1153 4027 1307 4102 abaliquo
1323 4029 1424 4106 magni

305 4178 359 4228 ¹T.
374 4178 514 4228 occiduuis.
579 4174 655 4226 ’Vit
667 4183 810 4238 tactusque.
876 4175 990 4226 'omin
1003 4177 1032 4226 T.
1098 4177 1176 4227 ⁴om.
1189 4177 1215 4226 in
1226 4177 1254 4228 T.
1270 4177 1300 4229 Ε.
1370 4181 1424 4230 ⁵E.

272 4252 394 4306 anteque.
468 4240 724 4293 ‘Vit'luduvallus
806 4239 859 4290 'so
871 4240 917 4302 T.;
935 4257 984 4292 om.
997 4243 1024 4292 iu
1036 4242 1066 4291 E.
1143 4241 1198 4294 ⁸2.
1210 4243 1284 4294 ultro.
1369 4246 1423 4294 ’E

273 4311 392 4370 multam,
409 4309 630 4359 Vitinultamiri.
724 4307 743 4338 ¹⁰
760 4307 790 4358 E.
801 4309 923 4358 cecitatis.
1007 4307 1025 4336 ¹¹
1042 4323 1092 4358 om.
1104 4308 1131 4358 in
1143 4309 1172 4361 T.
1271 4309 1291 4339 ¹¹
1308 4309 1424 4362 Eretri-

273 4377 391 4426 buerunt.
460 4375 481 4407 ¹³
496 4374 645 4438 Vit.caput.
712 4372 731 4403 ¹⁴
747 4375 781 4424 al.
792 4373 847 4425 viri.
915 4373 933 4404 ²⁵
948 4373 977 4425 E.
989 4373 1104 4427 libidine.
