3012 4898
283 326 357 398 280
594 321 726 408 mbo
750 317 942 422 mmm
966 317 1117 422 anglie.

281 519 414 596 ingentis
432 521 565 594 grauiter
576 518 728 593 oppressit
744 537 823 588 eum,
836 519 876 576 ita
887 527 920 578 vt
937 537 972 576 se
989 535 1112 576 mouere
1124 535 1185 576 non
1198 527 1313 593 posset
1350 519 1439 576 Tunc

284 609 431 666 Patricius
441 608 558 665 vocauit
573 607 694 664 Heliam
707 607 777 664 bina
788 625 862 664 voce
875 606 906 663 in
919 607 1114 664 adiutorium:
1131 607 1275 680 venitque
1286 607 1396 664 Helias
1407 616 1440 663 et

282 696 418 753 liberauit
441 713 520 752 eum.
558 695 596 752 Et
621 695 662 752 ait
687 696 724 752 ad
749 712 819 752 eum
839 693 992 752 diabolus:
1019 695 1085 752 ‘Ab
1107 695 1163 750 hac
1182 694 1232 752 die
1254 712 1316 752 non
1341 696 1441 751 habeo

281 793 461 858 potestatem
478 783 508 840 in
525 793 555 840 te
568 801 664 856 vsque
680 783 718 839 ad
730 781 812 840 diem
829 782 933 838 mortis
950 784 1017 838 tue'
1056 781 1095 839 Et
1113 783 1214 840 statim
1233 782 1323 840 eiecit
1343 785 1383 840 ab
1402 799 1441 838 eo

253 871 376 940 sdeus¹
397 887 519 928 omnem
541 881 694 944 torporem
718 879 748 926 et
768 870 954 942 grauitatem,
978 879 1010 926 et
1034 869 1115 927 vires
1139 871 1167 926 ei
1192 869 1331 928 restitute
1358 881 1443 928 arnt.

284 946 430 1034 Quadam
443 953 545 1016 alitem
555 957 623 1014 die¹
635 957 708 1014 vidit
716 957 746 1014 in
760 959 896 1030 sompnis
905 957 1003 1014 virum
1016 959 1055 1014 ad
1067 975 1102 1014 se
1114 956 1287 1015 venientem
1296 959 1387 1031 quasi
1401 961 1443 1016 de

284 1045 432 1103 Hibernia
450 1045 549 1102 insula
566 1061 635 1102 cum
653 1044 790 1118 epistolis
805 1045 907 1102 multis
917 1066 925 1112 ;
944 1054 974 1102 et
992 1046 1075 1102 dedit
1094 1044 1121 1102 ei
1140 1063 1230 1102 vnam
1249 1063 1289 1102 ex
1307 1047 1390 1104 illis:
1410 1057 1444 1102 et

283 1133 362 1206 legit.
401 1131 473 1190 Erat
484 1143 584 1190 autern
597 1131 778 1205 principium
790 1132 919 1205 epistole
931 1133 1008 1190 tale:
1029 1132 1113 1190 ‘Hec
1125 1143 1171 1192 est
1180 1151 1240 1191 vox
1251 1133 1444 1190 Hibernien-

285 1219 381 1280 sium?
419 1221 457 1278 Et
475 1237 544 1278 cum
557 1221 613 1276 hoc
626 1219 807 1294 principium
825 1219 948 1292 legeret,
961 1220 1073 1278 audiuit
1091 1221 1180 1278 simul
1197 1222 1227 1278 in
1245 1221 1356 1278 eodem
1375 1239 1445 1278 rno-

241 1333 272 1371 ιο
285 1317 387 1365 mento
394 1325 501 1365 vocem
515 1307 671 1364 infantium
684 1325 724 1364 ex
731 1307 825 1364 vteris
838 1317 967 1364 matrum
980 1307 1168 1365 diuersarum
1177 1307 1325 1366 Hibernie
1340 1309 1446 1381 regio-

286 1412 368 1464 num,
381 1404 411 1452 et
430 1396 635 1452 clarnauerunt
654 1395 741 1468 quasi
757 1411 819 1452 vno
837 1413 908 1452 ore:
929 1395 1101 1468 ‘Rogamus
1119 1405 1158 1465 te,
1174 1405 1277 1453 sande
1295 1407 1398 1469 pater,
1412 1407 1446 1454 vt

284 1483 389 1540 venias
402 1492 432 1540 et
444 1483 580 1540 ambules
597 1483 676 1540 inter
688 1484 762 1541 nos!
799 1482 967 1556 Statimque
981 1483 1126 1540 Patricius
1137 1483 1263 1540 audiens
1276 1484 1345 1553 hoc,
1358 1501 1444 1540 com·

286 1580 415 1643 punctus
432 1579 477 1627 est
494 1571 593 1641 corde,
606 1579 636 1626 et
655 1587 716 1626 non
734 1569 828 1642 potuit
841 1569 917 1628 vltra
928 1571 1088 1644 epistolam
1101 1571 1221 1644 legere;
1241 1580 1271 1628 et
1287 1587 1447 1644 experge-

288 1657 393 1727 factus,
405 1658 516 1730 gratias
528 1657 589 1730 egit
601 1659 667 1724 deo,
680 1657 849 1714 certissime
862 1659 961 1715 sciens
974 1659 1054 1731 quod
1067 1659 1206 1716 dominus
1215 1669 1356 1714 vocasset
1370 1676 1445 1714 eum

243 1769 254 1806 ι
260 1771 273 1821 5
288 1745 325 1801 ad
339 1744 500 1802 saluandos
517 1745 583 1802 illos
596 1745 647 1818 qui
664 1745 763 1818 ipsum
781 1745 966 1802 inuocabant.
1005 1744 1042 1802 Et
1059 1745 1198 1818 cogitauit
1214 1755 1325 1802 terram
1344 1747 1446 1815 exire,

286 1841 318 1889 vt
337 1831 501 1904 scripturas
519 1833 649 1889 disceret
671 1841 808 1890 sannas:
833 1841 863 1889 et
882 1833 1020 1905 peruenit
1037 1834 1075 1889 ad
1094 1842 1230 1890 sanctum
1250 1833 1445 1890 Germanum

287 1919 556 1977 autisiodorensem
570 1919 754 1994 episcopum,
765 1929 795 1976 et
804 1921 914 1976 mansit
922 1922 1003 1992 apud
1017 1921 1101 1976 illum
1113 1919 1328 1994 quadraginta⁸
1340 1925 1446 1988 annis,

288 2007 400 2080 legens,
415 2015 444 2064 et
462 2007 601 2080 implens,
613 2008 777 2081 scripturas
794 2007 921 2077 diuinas,
935 2017 965 2065 et
980 2007 1064 2082 virgo
1080 2025 1207 2081 corpore
1223 2009 1396 2081 permansit
1416 2019 1448 2066 et

288 2095 394 2168 spiritu
406 2115 412 2152 :
433 2104 462 2152 et
476 2105 580 2168 postea
592 2096 630 2151 ad
643 2095 763 2152 beatum
779 2093 941 2152 Martinum
953 2095 1086 2162 veniens,
1100 2095 1295 2168 quadraginta
1307 2095 1448 2154 diebus³

244 2198 357 2242 aecum
375 2181 425 2237 illo
442 2181 561 2238 mansit.
600 2181 674 2238 lnde
691 2197 765 2238 vero
781 2181 925 2238 Patricius
942 2181 1071 2240 Romam
1089 2182 1292 2256 proficiscens,
1304 2183 1393 2239 venit
1414 2185 1446 2241 iu
1495 2185 1496 2188 ’

289 2269 396 2326 itinere
417 2270 455 2325 ad
475 2271 625 2342 quendam
645 2269 823 2326 heremitam
842 2270 873 2326 in
892 2269 957 2325 loco
975 2270 1097 2326 deserto
1122 2270 1314 2339 habitantem,
1332 2288 1353 2326 a
1379 2289 1445 2344 quo

289 2357 426 2413 baculum
445 2359 560 2429 accepit
578 2355 629 2430 qui
649 2356 680 2412 in
701 2373 791 2413 manu
812 2356 901 2413 lhesu
927 2355 1037 2413 Christi
1056 2357 1168 2414 domini
1191 2358 1285 2414 nostri
1306 2367 1385 2426 erat,
1413 2369 1448 2416 vt

289 2444 355 2501 eius
368 2443 478 2500 auxilio
488 2443 627 2500 suffultus
636 2443 693 2500 iter
702 2461 882 2518 prosperum
892 2445 1024 2501 haberet
1049 2444 1179 2502 Vocatur
1188 2445 1447 2504 autem‘baculus

296 2530 404 2600 lhesu,’
414 2540 444 2588 et
457 2532 488 2587 in
501 2531 618 2588 ciuitate
631 2531 725 2588 sancti
740 2529 857 2588 Patricii
869 2549 966 2604 vsque
979 2531 1068 2588 hodie
1080 2542 1189 2590 manet.
1227 2532 1265 2588 Et
1276 2533 1447 2591 declinauit

245 2635 277 2687 as
291 2619 328 2676 ad
338 2619 490 2692 quendam
501 2629 638 2676 sanctum
648 2619 823 2692 episcopum
835 2619 1136 2677 nomineAmotum⁴:
1150 2628 1180 2676 et
1189 2621 1313 2693 gradum
1323 2621 1447 2694 episto

292 2707 392 2780 palem
410 2707 514 2763 abillo
532 2707 672 2780 suscepit.
710 2707 786 2764 Cum
806 2723 879 2780 ergo
897 2706 1026 2764 Romam
1045 2708 1200 2780 ingressus
1218 2717 1308 2777 esset,
1322 2707 1448 2766 inuenit
1494 2707 1495 2720 ¹

290 2793 416 2867 gloriam
446 2803 477 2850 et
507 2795 652 2852 honorem
681 2795 761 2866 apud
791 2793 986 2862 celestinum,
1014 2797 1096 2852 vrbis
1127 2794 1226 2852 Rome
1253 2797 1447 2869 episcopum.

291 2881 350 2952 Qui
363 2881 444 2938 misit
457 2882 576 2938 eumad
589 2882 822 2939 conuertendam
837 2881 984 2939 Hibernie
994 2881 1230 2938 insulam—nam
1242 2891 1330 2939 antea
1343 2883 1448 2940 Palla-

291 2969 374 3025 dium
388 2969 518 3039 miserat,
529 2970 583 3025 sed
597 2969 780 3026 habitatores
793 2987 853 3025 non
867 2979 1066 3041 susceperunt
1079 2986 1149 3026 eum
1162 2987 1260 3042 neque
1272 2969 1447 3028 doctrinam
1493 2981 1494 3040 ξ

247 3081 280 3132 ³0
292 3056 366 3124 eius,
379 3057 433 3113 sed
449 3073 591 3112 reuersus
608 3057 639 3112 in
654 3065 766 3114 terram
780 3055 936 3113 Britonum
949 3065 1085 3113 mortuus
1101 3066 1155 3114 est.
1238 3045 1321 3115 Cum
1338 3068 1447 3116 autem
1493 3041 1494 3081 ἢ

294 3143 439 3201 Patricius
448 3143 580 3200 venisset
592 3144 630 3199 ad
640 3161 733 3212 mare,
741 3145 856 3201 inuenit
869 3143 1021 3216 leprosum
1035 3161 1128 3218 super
1140 3145 1245 3218 ripam,
1253 3145 1304 3218 qui
1318 3149 1449 3220 rogabat

292 3248 345 3288 eos
364 3239 396 3287 vt
417 3247 520 3288 secum
542 3239 731 3288 assumerent
755 3247 824 3288 eum
847 3233 879 3287 in
904 3231 991 3301 naui;
1020 3233 1074 3288 sed
1095 3232 1206 3288 familia
1228 3231 1357 3302 Patricii,
1382 3238 1449 3292 scil.

293 3319 415 3392 triginta
427 3328 555 3391 quatuor
566 3319 622 3376 viri
637 3320 676 3376 de
694 3318 871 3393 peregrinis,
885 3321 1072 3378 recusabant.
1107 3319 1192 3376 Tunc
1210 3330 1330 3378 sanctus
1346 3321 1449 3380 Patri·

294 3405 358 3462 cius
370 3406 462 3461 altare
475 3422 563 3462 suum
576 3405 727 3480 lapideum
740 3405 864 3479 proiecit
880 3408 910 3462 in
923 3423 1025 3464 mare:
1045 3407 1075 3463 in
1088 3425 1148 3480 quo
1161 3408 1238 3465 sedit
1250 3409 1404 3481 leprosus,
1418 3423 1449 3469 et

249 3507 281 3560 35
294 3510 449 3566 quousque
462 3493 499 3548 ad
513 3504 634 3566 portum
646 3494 677 3551 in
691 3494 802 3550 finibus
813 3493 1023 3566 Lagenorum⁸
1035 3495 1237 3568 peruenirent,
1251 3495 1327 3568 lapis
1339 3514 1360 3552 a
1374 3501 1449 3556 naui

295 3597 355 3637 non
380 3581 515 3637 recessit.
560 3580 597 3638 Et
622 3581 811 3638 inuenientes
835 3581 998 3653 piscatores
1025 3599 1093 3639 cum
1117 3582 1241 3652 retibus,
1265 3584 1384 3641 donum
1409 3589 1449 3645 de

294 3668 428 3741 piscibus
452 3667 657 3744 postularunt:
686 3678 716 3725 et
741 3669 782 3725 illi
806 3670 880 3725 dare
904 3679 1088 3727 recusarunt
1132 3669 1220 3741 Quod
1244 3687 1313 3727 cum
1338 3685 1450 3731 sancto
1491 3687 1492 3718 l

294 3755 475 3830 displiceret,
488 3756 598 3813 iluuius
611 3756 661 3814 ille
674 3756 774 3830 pisces
787 3755 817 3813 in
831 3755 992 3814 vindictam
1005 3758 1094 3815 huius
1110 3757 1234 3814 sceleris
1248 3775 1308 3814 non
1322 3760 1450 3819 habebit

294 3843 325 3900 in
338 3854 484 3902 eternum.
544 3832 636 3902 Tunc
647 3844 791 3902 Patricius
800 3846 969 3902 ascendens
977 3845 1008 3901 in
1018 3854 1129 3902 terram
1138 3844 1450 3918 que‘Anathailtan²

249 3943 399 3999 40vocata
420 3932 490 3990 fuit:
518 3933 572 3989 sed
593 3933 678 4006 plebs
700 3933 832 4006 regionis
856 3933 935 3989 illius
960 3941 1139 4006 congregata
1163 3935 1340 4006 repulerunt
1366 3955 1450 3996 eum.

295 4019 344 4078 Ob
357 4021 412 4077 hoc
423 4037 506 4077 mare
516 4020 644 4093 repleuit
655 4029 747 4077 totam
757 4030 868 4078 terram
878 4021 968 4088 illam,
977 4029 1007 4076 et
1020 4021 1050 4077 in
1061 4030 1198 4078 eternum
1211 4037 1272 4077 non
1282 4021 1448 4085 habitatur.
1490 4029 1491 4037 ’

297 4107 415 4166 Exinde
436 4108 588 4182 nauigauit
606 4109 643 4165 ad
662 4108 867 4182 aquilonarem
891 4117 1019 4180 partem,
1040 4109 1077 4165 ad
1099 4107 1216 4166 virum⁸
1239 4125 1309 4166 cum
1329 4129 1394 4184 quo
1418 4115 1449 4172 in

329 4247 339 4278 ¹
355 4249 388 4298 al.
401 4247 442 4298 sol
453 4249 548 4298 odeas.
677 4245 688 4276 ¹
703 4247 756 4296 vit.
766 4247 846 4299 adds:
864 4263 921 4297 cum
934 4255 1006 4298 esset
1017 4247 1045 4298 P.
1058 4248 1085 4297 in
1097 4248 1174 4298 domo
1184 4256 1321 4310 parentum
1333 4267 1451 4304 suorum.

295 4311 306 4340 ⁸
322 4328 353 4363 so
365 4314 422 4364 blS.
436 4313 483 4373 lii„
494 4315 527 4363 al.
542 4313 614 4376 Colg.
691 4311 700 4342 ¹
718 4313 797 4374 Colg:
814 4315 973 4364 Amatorem.
1048 4313 1060 4344 ⁸
1076 4314 1106 4364 Ε.
1119 4314 1284 4376 Laginorum.
1368 4319 1381 4349 ⁰
1398 4319 1450 4370 Vn.
1489 4339 1490 4355 ι

296 4394 349 4430 asc.
362 4379 389 4428 in
400 4387 417 4430 t
430 4380 513 4430 tenuit
524 4379 608 4430 locum
619 4379 669 4444 qui.
751 4377 761 4408 ¹
778 4379 807 4432 Τ.
822 4379 852 4432 E.
864 4379 1020 4432 hoatbailtt.
1105 4379 1115 4410 ⁸
1129 4395 1165 4430 sc.
1179 4379 1285 4432 lliluch.
