3046 4902
285 289 357 357 612
716 273 920 378 duumuir
947 273 999 349 II·

283 483 365 554 plene
377 480 516 536 redditam
529 479 719 551 comperisset,
732 478 806 534 illico
823 475 942 548 patriam
961 473 1173 546 p[ar]errtesque
1186 473 1353 543 repudians,
1365 489 1438 528 nun-

281 581 365 636 quam
391 567 427 619 ab
448 562 585 634 obsequio
608 561 730 616 martiris
753 562 798 616 vel
821 561 858 616 ad
887 559 1031 614 modicum
1054 574 1229 613 recessuram
1254 574 1287 612 se
1312 557 1437 612 deuouit.

283 647 449 702 Pauimenta
479 646 624 712 mundare,
655 643 740 699 variis
769 643 869 698 florum
901 641 1049 712 speciebus
1081 641 1219 696 adornare
1248 641 1438 695 ministerium

281 727 405 799 arripuit,
419 729 574 784 indefessas
591 729 675 782 beato
689 726 795 781 martiri
808 725 942 780 exhibens
956 723 1098 779 excubias.
1136 725 1199 778 Hec
1212 725 1398 794 postmodum
1411 723 1438 776 in

253 821 388 881 stantem
411 821 507 867 sancte
531 809 756 867 conuersacionis
780 808 930 880 puritatem
954 807 1085 874 excreuit,
1110 817 1141 862 ut
1165 807 1256 862 sancti
1289 804 1438 861 Edmundi

281 893 405 965 creb[r]a
422 893 537 950 visionis
556 893 659 964 pariter
676 903 704 948 et
722 891 899 946 allocucionis
918 899 1072 946 mereretur
1088 889 1265 944 reuelacione
1283 888 1439 944 confoueri.
1505 889 1509 900 ⁵

282 977 413 1048 Quadam
435 977 510 1032 enim
530 987 611 1032 nocte
631 977 731 1030 beatus
753 974 921 1028 Edmundus
940 971 1023 1027 solita
1043 973 1186 1043 presencie
1211 988 1262 1027 sue
1286 973 1440 1027 dulcedine

282 1062 468 1131 permulcens,
487 1061 589 1116 talibus
606 1077 669 1114 eam
688 1058 779 1112 verbis
804 1057 922 1112 affatur:
954 1056 1060 1120 ‘Vade,
1076 1055 1124 1110 dic
1150 1056 1301 1109 Leosstano
1319 1056 1438 1110 abbati:

283 1143 371 1200 “Cur
394 1145 433 1200 ita
458 1143 629 1213 necligenter
648 1141 710 1212 agis
734 1151 763 1194 vt
784 1140 861 1194 nulla
882 1139 937 1194 mei
962 1149 1042 1193 tuum
1061 1147 1159 1206 tangat
1183 1138 1310 1192 animum
1336 1137 1439 1192 sollici-

241 1243 271 1280 ro
283 1226 373 1282 tudo?
391 1227 476 1281 facies
491 1243 556 1281 mea
572 1225 698 1280 cassibus
713 1239 878 1278 aranearum
894 1221 1056 1276 indecenter
1071 1221 1227 1287 obducitur,
1239 1219 1351 1276 omnis¹
1364 1221 1440 1275 circa

283 1325 329 1363 me
350 1308 541 1364 veneracionis
565 1309 673 1364 cultura
691 1305 838 1376 sopitur.”¹
877 1306 946 1358 Mox
970 1304 1019 1358 illa
1042 1319 1146 1373 parens
1169 1303 1324 1374 imperatis,
1351 1304 1440 1359 nichil

283 1391 417 1446 intactum
437 1390 614 1460 pretermisit.
650 1391 747 1444 Abbas
760 1398 854 1443 autem
866 1388 1012 1442 muliebria
1024 1389 1109 1442 verba
1121 1387 1340 1457 paruipendens,
1353 1388 1440 1442 velud

282 1471 371 1527 aniles
396 1473 520 1543 inepcias
544 1470 853 1542 respuebat-Quippe
877 1470 925 1542 qui
950 1471 1006 1524 iam
1030 1470 1137 1524 dudum
1161 1469 1191 1523 in
1215 1485 1368 1525 commune
1389 1471 1439 1525 de·

283 1565 408 1610 creuerat
437 1573 454 1610 a
484 1565 615 1610 contactu
648 1552 823 1610 sanctimonii
855 1563 1015 1608 reuerenter
1043 1552 1192 1607 abstinere.
1242 1554 1330 1606 Porro
1362 1554 1439 1624 quod

241 1635 464 1705 15reuerencia¹
482 1637 656 1706 credebatur,
680 1655 731 1708 pro
757 1636 930 1706 necligencia
955 1637 1152 1705 imputabatur,
1177 1647 1205 1691 et
1227 1637 1304 1690 vnde
1328 1638 1440 1706 gracior

284 1719 381 1774 haberi
418 1721 585 1786 confidebat,
616 1721 681 1776 inde
711 1720 892 1790 periculosius
927 1719 1245 1789 displicebat-Paucis
1280 1720 1440 1774 admodum

283 1803 386 1874 elapsis
398 1803 506 1868 diebus,
520 1821 613 1858 rursus
630 1820 680 1858 sue
698 1801 878 1858 consecretali
898 1802 969 1856 sicut
985 1801 1060 1871 prius
1072 1802 1153 1856 adest
1166 1812 1244 1872 pater
1257 1802 1440 1868 Edmundus,

285 1885 341 1940 iam
360 1886 436 1941 dieta
454 1887 578 1957 replicat,
591 1885 747 1956 eademque
765 1885 921 1954 consignat.
960 1884 1011 1938 llla
1027 1884 1150 1953 geminat
1166 1885 1308 1952 officium;
1327 1903 1383 1940 nec
1401 1887 1441 1940 sic

284 1969 355 2022 vllus
371 1969 474 2024 laboris
486 1969 592 2024 tructus
607 1967 730 2038 emergit.
766 1967 868 2022 Tercio
881 1968 994 2021 demum
1013 1977 1128 2021 sanctus
1145 1967 1173 2021 id
1190 1967 1283 2038 ipsum
1300 1979 1441 2038 repetens,

241 2071 273 2109 ao
285 2051 437 2106 austeritati
453 2053 601 2106 verborum
621 2061 753 2106 terrorem
767 2050 895 2105 inmiscet
912 2049 1059 2104 minarum.
1097 2050 1207 2118 Quibus
1219 2049 1324 2105 auditis
1340 2051 1440 2118 abbas,

286 2134 376 2203 magis
389 2136 603 2204 perhorrescens
615 2133 739 2188 vindicte
751 2133 887 2203 promisse
902 2133 1089 2198 seueritatem,
1099 2148 1183 2203 quam
1196 2133 1333 2187 reueritus
1345 2134 1440 2188 suerat

285 2217 487 2273 admonicionis
514 2217 650 2289 premisse
676 2217 828 2284 lenitatem,
850 2215 980 2270 fratribus
1007 2214 1157 2270 innotescit
1187 2213 1344 2284 negocium
1383 2217 1440 2285 Qui

285 2301 382 2355 habita
401 2301 613 2366 deliberacione,
632 2300 730 2354 audita
751 2308 877 2353 statuunt
895 2297 1022 2367 experiri.
1059 2297 1196 2363 Tandem,
1216 2313 1281 2351 cum
1306 2298 1440 2352 oracione

288 2381 460 2454 [explicito]³
481 2384 611 2438 triduano
632 2382 744 2448 ieiunio,
761 2381 852 2436 abbas
874 2397 936 2434 cum
957 2379 1088 2435 fratribus
1106 2379 1275 2451 quibusdam
1291 2381 1440 2449 preelectis

242 2479 272 2530 ²5
286 2465 394 2520 aceedit
407 2465 444 2520 ad
460 2475 670 2520 sacrosanctum
689 2463 763 2519 beati
780 2463 904 2517 martiris
922 2463 1059 2516 locellum.
1097 2463 1160 2532 Quo
1178 2463 1337 2531 patefacto:
1356 2465 1438 2532 Ayel·

285 2547 373 2601 winus
393 2549 557 2615 monachus,
575 2547 631 2602 iam
653 2563 702 2617 pre
724 2545 811 2600 nimia
833 2554 977 2599 senectute
997 2560 1090 2612 cecus,
1107 2545 1221 2615 propius
1242 2545 1397 2600 adducitur
1410 2559 1439 2602 rt

285 2629 427 2700 palpando
440 2630 538 2699 probet
551 2647 588 2683 an
601 2629 693 2684 adhuc
706 2627 734 2682 in
746 2627 876 2682 omnibus
892 2627 930 2681 ita
948 2639 1140 2696 perseueraret
1152 2628 1391 2698 quemadmodum
1409 2647 1440 2683 se
1511 2683 1512 2698 ,

285 2711 411 2767 meminit
423 2729 488 2766 eum
501 2711 654 2782 reliquisse.
679 2713 717 2766 At
731 2711 777 2765 ille
791 2707 916 2781 [nichil]⁸
928 2709 1054 2764 hesitans
1063 2719 1160 2780 utputa
1168 2709 1216 2781 qui
1227 2709 1319 2765 simile
1331 2710 1440 2782 [quid]⁸
1511 2731 1512 2734 ¹

286 2812 352 2866 sepe
365 2793 527 2866 peregisset,
540 2811 595 2848 non
609 2797 700 2848 solum
710 2793 834 2862 integros
847 2803 889 2847 set
902 2802 931 2846 et
942 2793 1119 2862 corpulentos
1131 2791 1239 2846 domini
1251 2792 1295 2848 sui
1309 2805 1440 2850 atuectat

241 2895 274 2944 30
286 2889 371 2934 artus.
409 2879 514 2948 Palpat,
530 2877 612 2932 vertit
632 2894 664 2931 ac
683 2877 807 2943 reuertit,
824 2886 852 2929 et
870 2874 956 2929 nichil
974 2875 1058 2929 sentit
1077 2874 1262 2942 immutatum,
1283 2885 1325 2930 set
1344 2879 1440 2932 omnia

285 2961 397 3016 deintus
411 2960 518 3016 inuenit
531 2971 560 3014 vt
573 2960 724 3014 dimiserat.
761 2960 841 3012 Tunc
854 2959 975 3024 demum,
989 2975 1055 3012 ceco
1068 2956 1229 3012 ductoribus
1242 2957 1301 3012 suis
1313 2958 1440 3014 vicissim

286 3043 418 3100 ducatum
443 3044 586 3114 prebente,
611 3041 712 3112 singuli
737 3057 837 3095 manus
864 3041 965 3096 inicere
992 3041 1124 3109 gaudent.
1160 3039 1313 3110 Expositus
1345 3053 1440 3096 autem

286 3144 370 3197 super
388 3126 508 3196 ligneam
526 3126 650 3181 tabulam
671 3123 826 3194 deponitur,
844 3122 967 3178 mulieris
988 3123 1133 3177 attestacio
1149 3139 1216 3177 vera
1231 3127 1440 3193 comprobatur.

288 3209 409 3264 Pristino
427 3209 503 3263 cultu
521 3208 636 3272 exuitur,
649 3207 767 3262 interula
786 3205 833 3259 illa
850 3206 879 3259 in
892 3222 946 3275 qua
959 3205 1099 3260 tirannum
1119 3204 1234 3260 uiriliter
1244 3205 1439 3277 triumphauit,

241 3307 272 3357 35
286 3307 350 3346 curn
369 3291 472 3344 crebris
490 3291 609 3344 telorum
628 3288 730 3344 ictibus
753 3289 892 3357 perforata
910 3297 970 3342 tum
993 3287 1147 3342 inseccione
1168 3288 1269 3342 sacrati
1292 3289 1440 3358 sanguinis

286 3372 615 3444 inrestincta—alioquin
642 3381 736 3426 autem
758 3370 894 3440 reperitur
912 3369 1025 3440 penitus
1044 3371 1213 3439 incorrupta,
1245 3370 1297 3424 Ex
1313 3371 1386 3424 libro
1407 3374 1440 3426 de

285 3457 413 3524 antiquis
429 3456 578 3508 mlraculis
589 3455 624 3508 ab
636 3456 804 3508 Hermanno
820 3455 927 3508 archid.
939 3456 1044 3522 scripto
1051 3451 1070 3506 ⁴.
1109 3451 1244 3507 Puluillus
1260 3469 1376 3523 quoque
1392 3457 1439 3525 qui

285 3537 340 3592 alio
364 3537 479 3592 nomine
503 3537 605 3591 dicitur
625 3537 795 3602 auricularis,
817 3536 871 3590 sub
896 3545 994 3590 sancto
1018 3535 1110 3604 capite
1135 3545 1260 3604 repertus
1284 3546 1328 3590 est
1355 3537 1438 3593 talis:

285 3637 343 3674 non
360 3637 394 3674 ex
412 3620 515 3689 plumis
531 3621 574 3674 vel
595 3619 722 3674 bombice
741 3617 858 3672 alicuius
876 3617 994 3687 generis,
1012 3627 1053 3672 set
1073 3618 1249 3672 solummodo
1268 3617 1439 3676 tenuissimis

242 3722 274 3772 40
286 3703 425 3773 lignorum
449 3702 591 3757 dolaturis.
626 3702 823 3756 Philacterium
844 3717 957 3772 quoque
981 3700 1072 3754 crucis
1093 3699 1233 3754 dominice
1254 3717 1272 3754 a
1293 3703 1367 3756 collo
1390 3703 1440 3756 de-

287 3788 411 3857 pendens
428 3802 512 3855 supra
528 3793 625 3854 pectus
641 3781 848 3838 sanctissimum
863 3783 1011 3849 inuenitur,
1023 3784 1098 3854 quod
1115 3782 1286 3851 archipresul
1303 3793 1332 3838 et
1344 3786 1442 3840 martir

287 3869 392 3925 domini
407 3869 551 3938 Alphegus
570 3867 635 3921 olim
655 3866 800 3920 Londonie
818 3863 998 3920 desiderans⁶
1009 3882 1173 3935 comparare
1189 3865 1278 3918 multo
1293 3865 1354 3920 auri
1370 3883 1439 3937 porr-

287 3952 363 4018 dere,
382 3961 424 4004 set
443 3951 538 4020 nequit
559 3959 671 4020 propter
690 3949 864 4018 Ayelwinum
882 3949 1029 4002 custodem
1051 3947 1171 4002 martiris
1193 3947 1309 4015 ibidem,
1324 3949 1440 4004 eciamsi

288 4035 422 4105 proferret
436 4033 539 4088 ibidem
558 4048 642 4086 aurea
654 4031 729 4085 dona
742 4031 865 4085 Tharsis.
898 4033 1021 4101 Oquam
1033 4031 1114 4085 dulce
1126 4031 1317 4100 spectaculum
1331 4033 1338 4086 l
1356 4049 1439 4103 quam

243 4132 275 4182 45
288 4115 413 4184 euidens,
435 4132 519 4187 quam
539 4115 707 4186 stupendum
729 4113 910 4168 miraculum!
950 4115 1048 4168 Vultus
1070 4113 1228 4178 serenitate,
1250 4115 1440 4170 membrorum

395 4267 403 4294 ¹
422 4268 477 4318 MS.
489 4283 582 4319 omnes.
812 4265 822 4294 ¹
838 4267 872 4316 al.
883 4268 1028 4316 reuereneie.
1263 4265 1273 4294 ¹
1290 4282 1342 4318 orn.

634 4333 644 4361 ⁴
662 4333 701 4384 Ci.
715 4333 774 4383 Tib.
786 4332 830 4382 tol.
842 4347 883 4396 45.
1020 4333 1031 4361 ⁸
1047 4349 1075 4383 so
1087 4331 1143 4382 Tib
