3008 4904
302 293 377 390 Di
400 293 563 384 &anim
589 293 788 385 damaim
814 291 1006 396 &illitum
1154 317 1225 392 255

66 495 196 570 insigne
215 496 327 554 ibidem
346 494 571 564 monasterium,
584 505 614 552 et
626 512 705 552 anno
724 493 837 552 domiui
856 495 1087 568 nongentesimo
1105 503 1225 569 septua-

66 585 300 658 gesimoquarto
331 585 497 642 solenniter
521 583 680 653 dedicauit,
707 583 898 640 Ednothum¹
929 585 1109 641 monachum
1137 601 1225 641 suurn

67 675 216 730 abbatem
234 673 395 730 constituit.
469 660 534 729 Per
551 671 632 728 idem
651 679 770 744 tempus
789 671 961 729 auctoritate
981 671 1124 730 Iohannis
1146 689 1225 746 pape

68 759 256 818 Dunstanus
268 760 515 834 archiepiscopus
528 768 629 816 coacto
642 758 777 832 generali
789 759 915 816 consilio
932 760 1042 826 statuit,
1057 770 1088 818 et
1104 762 1227 818 decreto

69 849 217 918 firmauit,
229 858 261 906 vt
275 847 410 906 canonici
428 865 544 916 omnes,
561 847 730 920 presbiteri,
743 847 868 916 diaconi,
882 848 1065 917 subdiaconi,
1076 857 1127 906 aut
1144 857 1225 905 caste
1240 861 1254 914 5

67 937 224 1006 viuerent,
243 946 293 993 aut
313 936 457 994 ecclesias
478 953 553 1010 quas
574 936 716 992 tenebant
737 935 928 992 dimitterent.
967 937 1106 994 Habebat
1125 946 1226 994 autern

69 1042 182 1098 regem
194 1024 347 1097 Edgarum
357 1024 388 1080 in
398 1025 454 1080 hoc
465 1023 590 1097 negocio
600 1023 720 1080 fidelem
734 1023 901 1081 adiutorem
914 1032 944 1080 et
955 1024 1076 1080 firmum
1087 1024 1227 1081 defenso-

68 1130 150 1169 rem.
190 1111 290 1169 Huius
309 1110 390 1169 enim
410 1111 523 1168 decreti
543 1110 680 1168 executio
698 1110 841 1168 Oswaldo
859 1111 1064 1185 Wigorniensi
1083 1112 1227 1185 episcopo

69 1210 102 1257 et
131 1199 324 1256 Ethelwoldo
343 1199 549 1256 Wintoniensi
574 1199 717 1273 episcopo
740 1197 902 1256 commissa
923 1209 977 1257 est
1017 1200 1130 1258 Beatus
1154 1217 1228 1274 ergo

70 1288 240 1345 Oswaldus
270 1297 388 1362 septem
419 1287 601 1345 monasteria
625 1287 656 1344 in
680 1305 735 1344 sua
759 1287 882 1360 dyocesi
913 1287 1017 1345 eiectis
1041 1288 1157 1346 clericis
1181 1289 1226 1345 in·
1243 1300 1273 1336 10

70 1377 215 1433 solenter
225 1375 395 1433 uiuentibus
408 1375 596 1432 construxit²
609 1385 638 1432 et
650 1377 813 1432 monachos
825 1375 990 1434 introduxit
1002 1385 1032 1433 et
1044 1378 1168 1435 abbates
1183 1377 1228 1435 eis

71 1463 215 1537 prefecit
291 1451 434 1520 Interea⁸
457 1464 550 1520 abbas
575 1463 765 1536 persorensis
786 1481 877 1536 quem
904 1464 1080 1533 instituerat,
1104 1465 1228 1522 nomine

73 1551 270 1620 Fuldbertus,
283 1551 482 1623 morigeratus
494 1561 524 1608 et
537 1551 659 1608 feruens
677 1551 829 1624 religionis
847 1552 1011 1610 monastice
1030 1553 1142 1610 zelator
1154 1553 1229 1611 sed⁴

72 1641 105 1696 in
124 1637 273 1709 subditos,
291 1640 370 1712 quod
390 1639 476 1696 valde
495 1639 527 1695 in
545 1657 582 1695 eo
602 1639 888 1711 reprehendebatur,
907 1639 1000 1698 nimie
1017 1649 1047 1696 et
1066 1641 1228 1698 indiscrete

73 1726 250 1784 seueritatis
268 1725 330 1784 luit.
368 1726 398 1784 Is
417 1727 456 1783 ad
474 1735 610 1784 extrema
629 1728 792 1799 perductus
804 1737 834 1783 et
847 1726 916 1785 huic
929 1729 990 1785 vite
1007 1729 1142 1786 sublatus
1154 1738 1183 1786 et
1196 1729 1227 1785 in
1243 1739 1273 1790 1⁵

73 1815 193 1872 feretro
205 1815 327 1883 locatus,
341 1824 463 1888 recepto
476 1815 582 1888 spiritu
595 1815 814 1888 trepidantibus
831 1816 946 1873 cunctis
959 1817 1055 1874 erexit
1067 1835 1111 1889 se,
1124 1817 1228 1876 dicens

73 1903 205 1960 abesto
225 1901 389 1959 Benedicto
409 1902 440 1958 in
460 1901 626 1959 visionem³
647 1903 695 1959 dei
716 1920 750 1959 se
772 1905 950 1976 perductum
969 1904 1070 1973 luisse,
1089 1913 1119 1962 et
1138 1906 1228 1962 deum

74 2007 132 2047 sua
153 1999 277 2063 peccata
297 1989 411 2047 meritis
433 1991 585 2047 dilectoris
603 1989 650 2046 sui
670 1989 803 2047 Oswaldi
829 1991 1001 2059 indulsisse,
1020 2001 1109 2065 atque
1128 1994 1165 2049 ad
1184 1995 1229 2048 in-

73 2078 245 2136 timandam
258 2077 444 2135 sanctitatem
458 2078 523 2136 eius
535 2095 568 2134 se
582 2077 730 2134 reuixisse
743 2078 879 2134 asseruit.
908 2079 976 2148 Quo
988 2078 1068 2137 dicto
1079 2078 1229 2150 conticuit,

74 2177 106 2224 et
128 2174 256 2238 accepto
278 2165 386 2222 viatico
407 2165 549 2222 dominici
569 2164 703 2238 corporis
723 2165 878 2222 dimidium
904 2167 984 2224 diem
1008 2167 1176 2241 superuixit
1198 2177 1228 2225 et
1244 2176 1276 2212 ²0

74 2253 172 2310 vitam
185 2253 268 2309 obitu
280 2252 387 2310 iterato
405 2253 510 2310 finiuit.
585 2240 623 2309 In
637 2251 703 2308 aliis
716 2253 797 2309 enim
810 2253 921 2326 Anglie
938 2255 1075 2328 partibus
1093 2254 1229 2328 insignes

75 2340 226 2398 ecclesias
250 2341 288 2396 ob
313 2341 461 2414 prefixam
487 2357 608 2396 causam
633 2340 750 2396 clericis
774 2341 928 2399 euacuauit
952 2351 982 2399 et
1002 2359 1054 2399 eas
1074 2342 1146 2400 viris
1166 2361 1230 2400 mo·

75 2428 195 2486 nastice
208 2427 401 2485 institutionis
413 2427 593 2496 sublimauit,
612 2444 738 2500 quarum
749 2428 760 2460 ⁰
772 2428 828 2485 hec
846 2429 968 2486 nomina
987 2439 1074 2488 sunt:
1095 2431 1232 2488 Ecclesia

76 2516 178 2574 sancti
197 2515 317 2584 Albani,
333 2525 436 2573 sancte
456 2514 658 2572 Etheldrede⁷
670 2515 797 2588 virginis
816 2516 846 2572 in
867 2516 958 2591 Hely‚
976 2526 1005 2574 et
1022 2535 1058 2574 ea
1075 2537 1133 2592 que
1151 2521 1231 2592 apud

78 2603 300 2662 Beamiletam⁸
323 2603 483 2660 constituta
511 2602 695 2660 honorabilis
726 2602 899 2661 habebatur.
938 2604 1068 2662 Instituit
1093 2607 1174 2663 enim
1199 2607 1231 2662 in
1247 2620 1277 2670 ²5

77 2692 210 2750 ecclesia
235 2690 331 2748 sancti
352 2691 463 2748 Albani
483 2691 628 2748 Elsricum
649 2693 796 2761 abbatem,
815 2691 865 2764 qui
885 2693 923 2748 ad
941 2693 1232 2768 archiepiscopatum

78 2779 325 2838 cantuariensem
338 2788 441 2853 postea
453 2779 631 2836 sublimatus
644 2778 716 2848 suit3
735 2779 766 2836 in
779 2780 908 2836 ecclesia
920 2781 1028 2837 eliensi
1042 2781 1232 2838 Brithnotum

78 2868 241 2936 abbatem3
273 2866 481 2924 beamssetensi
512 2866 638 2924 ecclesie
663 2866 876 2924 Godmannum
905 2867 1056 2925 constituit
1085 2869 1234 2926 abbatem.

81 2944 278 3012 Monasteria
305 2972 364 3027 que
394 2955 584 3012 edificauerat
614 2954 747 3024 circuire,
771 2956 865 3011 verbo
889 2955 979 3012 simul
1003 2965 1032 3012 et
1056 2973 1148 3029 opere
1174 2973 1233 3029 que

79 3043 189 3100 salutis
207 3050 293 3098 erant
311 3050 437 3115 paterno
460 3042 636 3114 (quodam)⁹
654 3042 761 3099 affectu
780 3042 953 3099 ministrare
971 3042 1094 3098 curauit.
1133 3042 1234 3099 Posuit
1247 3050 1280 3100 30

79 3147 203 3204 quoque
234 3128 265 3184 in
296 3129 479 3187 monasterio
509 3128 671 3186 Rameseie
696 3130 784 3186 Abbo
810 3128 1017 3187 floriacensem
1043 3131 1233 3199 monachum,

80 3234 203 3275 morum
234 3217 391 3274 sanctitate
424 3217 604 3291 preclarum,
635 3217 789 3274 literarum
820 3216 944 3273 scientia
975 3217 1158 3274 excellenter
1188 3218 1234 3274 in-

81 3314 241 3372 structum,
265 3304 316 3378 qui
347 3305 513 3362 monachos
538 3306 667 3375 doceret,
693 3305 790 3362 scolas
821 3313 940 3378 regeret
964 3313 995 3362 et
1018 3305 1050 3361 in
1076 3302 1235 3379 disciplina

83 3393 213 3467 regulari
241 3401 272 3450 et
296 3391 420 3450 scientia
449 3392 557 3449 literali
588 3395 755 3466 prodesset.
794 3392 944 3450 Dunstani
968 3393 1093 3466 insuper
1116 3394 1234 3451 hortatu

82 3483 259 3554 passionem
278 3480 354 3537 beati
375 3480 527 3537 Edmundi
546 3481 627 3553 regis
646 3489 676 3537 et
695 3478 826 3538 martiris
844 3481 925 3537 idern
937 3481 1028 3538 Abbo
1047 3481 1235 3540 laudabiliter
1249 3490 1279 3542 tt

83 3569 215 3643 scripsit.
253 3568 362 3625 Postea
379 3567 545 3624 Floriacum
565 3585 734 3640 regressus,
747 3577 776 3625 et
789 3568 882 3624 abbas
901 3567 1034 3640 effectus,
1048 3586 1065 3624 a
1079 3568 1235 3626 monachis

83 3658 148 3714 suis
160 3655 314 3714 occiditur.
387 3643 471 3714 Cum
483 3665 584 3712 autem
599 3656 815 3713 monasterium
832 3656 863 3712 in
876 3655 1034 3729 Wigomia
1046 3657 1124 3712 infra
1136 3657 1235 3730 ipsam

84 3747 191 3802 sedem
210 3743 414 3817 episcopalem
433 3753 608 3801 construere
627 3743 767 3817 cepisset,
779 3744 810 3800 in
826 3761 885 3816 quo
904 3760 972 3800 cum
992 3744 1147 3801 monachis
1165 3762 1236 3800 con-

84 3841 275 3902 uersaretur3
295 3850 355 3889 non
374 3832 463 3905 longe
482 3832 519 3888 ab
538 3849 632 3906 opere
651 3833 718 3906 ipso
735 3832 857 3906 quidam
876 3831 954 3904 lapis
971 3833 1103 3904 quadrus
1121 3831 1237 3889 iacebat

85 3921 123 3976 ad
136 3921 238 3995 operis
251 3919 394 3977 fabricam
407 3920 530 3976 omnino
542 3920 743 3978 necessarius.
780 3920 879 3989 Quem
899 3935 968 3976 curn
985 3919 1116 3975 artifices
1133 3919 1236 3976 leuare
1249 3931 1283 3981 40

85 4009 199 4066 vellent
207 4007 238 4076 ¹⁰,
257 4007 343 4080 quasi
361 4006 501 4064 radicitus
520 4017 599 4064 terre
616 4006 728 4064 inhesit
740 4016 770 4063 et
782 4006 864 4062 nullo
879 4015 987 4063 conatu
1003 4004 1118 4062 moueri
1133 4006 1236 4078 potuit.

87 4093 201 4170 Stupor
217 4095 325 4168 ingens
342 4112 448 4152 omnes
467 4104 602 4169 occupat,
617 4095 776 4152 mandatur
792 4095 831 4151 de
848 4093 974 4167 negocio
990 4093 1068 4166 patri
1085 4092 1237 4151 Oswaldo.

118 4229 128 4259 ¹
143 4231 175 4280 T.
188 4231 319 4282 ednotum.
416 4228 426 4259 ²
441 4229 504 4280 Wh.
516 4231 635 4284 instituit.
736 4230 747 4259 ⁸
763 4229 793 4278 T.
805 4229 926 4279 Anterea.
1024 4226 1035 4257 ⁴
1053 4227 1118 4278 13011.
1130 4227 1237 4280 scilicet.

87 4293 98 4325 ⁸
112 4295 141 4346 T.
152 4297 260 4346 visione.
366 4294 377 4325 ⁸
393 4295 422 4346 T.
437 4296 594 4358 Equorum.
699 4293 710 4326 i
726 4295 757 4347 T.
765 4295 891 4346 etheldre.
992 4291 1003 4321 ¹
1019 4293 1050 4344 E.
1061 4293 1238 4345 beamfledam.

88 4357 98 4389 ⁹
114 4377 163 4414 om.
176 4363 202 4411 in
214 4362 244 4413 T.
253 4362 306 4413 vit.
405 4361 423 4392 ¹⁰
440 4362 469 4411 E.
480 4363 577 4414 velent.
