3062 4888
96 303 158 355 us.
172 300 330 366 aa...]
363 283 438 377 bt
454 281 516 371 b.
535 281 752 369 uumunm
768 295 863 384 taut
880 287 919 368 tt
935 287 1126 383 matuta
1176 289 1249 374 609

94 503 223 558 expensa
231 486 380 555 medicina,
390 487 466 542 salus
474 495 572 557 optata
580 484 766 556 subsequitur.
786 484 873 556 Igitur
880 484 1066 555 apocrisarius
1076 486 1249 539 Brunstanu-

95 570 214 626 nomine
232 570 351 640 strepitu
367 571 553 639 perturbatus,
572 569 663 623 furum
677 569 823 638 suspicans
837 568 1031 638 irrupcionem,
1045 567 1137 637 quiete
1151 567 1250 622 cubilis

95 653 244 721 excutitur,
264 669 510 722 rememoransque
530 652 631 718 feretri,
653 652 762 707 concito
786 651 876 721 gradu
899 651 937 706 ad
962 651 1051 706 sancti
1075 651 1250 704 mauseolum

95 735 224 791 accedit:
242 735 289 790 vbi
307 737 368 791 fixis
385 736 528 790 obtutibus
540 733 617 790 videt
632 735 836 806 cortinamque
854 736 947 789 locum
959 733 1101 790 ambiebat
1113 733 1196 788 velud
1212 733 1250 787 ad

96 818 259 888 ingressum
271 819 425 889 cuiuspiam
438 833 557 888 persone
570 817 693 872 tremulis
705 817 783 886 rugis
794 817 902 886 agitari.
933 819 1014 872 Tunc
1025 815 1124 871 maiori
1137 825 1249 885 stupore
1264 829 1278 880 5

95 901 236 972 perfusus,
256 903 332 972 quod
353 901 503 956 uerebatur
521 901 609 956 credit
627 900 782 956 accidisse:
803 910 905 968 tamen,
925 901 1120 969 introgressus,
1140 899 1250 968 singula

96 1000 212 1055 queque
224 984 296 1039 sicut
313 984 456 1039 dimiserat
476 983 611 1039 inuiolata
629 984 790 1054 cognoscit;
809 984 884 1039 vnde
903 1000 1012 1038 rursum
1032 983 1181 1052 digressus,
1194 999 1250 1053 quo

97 1065 223 1122 sonitum
236 1067 363 1122 audierat
375 1065 472 1122 tendit.
511 1068 549 1121 Et
561 1067 678 1121 veniens
696 1068 734 1122 ad
753 1065 929 1136 supradictas
941 1065 1037 1120 valuas
1055 1065 1126 1120 inter
1140 1065 1249 1134 presbi-

96 1149 201 1204 terium
225 1161 254 1205 et
277 1151 401 1217 chorum,
423 1166 493 1218 quas
516 1148 662 1218 diligenter
685 1149 754 1204 seris
774 1159 925 1216 artauerat,
940 1147 1050 1218 patulas
1075 1147 1220 1202 inueniens
1229 1145 1248 1214 ¹,

97 1232 299 1308 admirabatur.
345 1232 493 1287 Mulierem
521 1248 633 1303 quoque
658 1249 744 1302 quam
768 1231 826 1286 heri
857 1240 885 1286 et
914 1229 1114 1285 nudiustertius
1144 1229 1248 1285 doloris
1265 1245 1296 1282 ro

97 1315 281 1370 constrictam
305 1314 442 1385 angustiis
462 1313 574 1370 viderat
592 1325 620 1369 et
639 1323 764 1380 nouerat,
784 1314 952 1368 incolumem
970 1313 1046 1368 videt
1067 1323 1096 1368 et
1117 1314 1249 1380 alacrem,

96 1398 184 1452 deum
202 1409 230 1453 et
249 1408 377 1453 sanctum
390 1397 577 1451 Edmundum
595 1397 819 1452 benedicentem.
856 1397 1000 1467 signoque
1018 1397 1137 1466 pulsato,
1149 1397 1249 1451 fratres

97 1481 289 1548 conueniunt3
308 1492 337 1536 et
349 1481 489 1536 celebrato
505 1480 542 1535 de
559 1496 636 1534 more
648 1479 804 1534 nocturnali
823 1479 925 1546 officio,
937 1478 1061 1548 prefatus
1079 1479 1190 1533 edituus
1209 1477 1249 1533 rei

97 1573 233 1618 euentum
257 1565 361 1634 profert
384 1563 412 1617 in
438 1560 607 1634 [publicum]
619 1561 638 1616 ¹.
686 1563 733 1617 Ad
757 1561 882 1616 medium
907 1561 1083 1616 deducuntur
1106 1562 1251 1632 sepedicta

97 1655 236 1714 matrona,
246 1656 273 1701 et
283 1645 535 1701 muliercontracta
544 1655 586 1700 set
600 1645 656 1699 iam
669 1662 757 1712 sana;
777 1655 870 1700 narrat
880 1645 991 1716 illaque
1001 1645 1117 1712 uiderat,
1130 1645 1248 1715 explicat
1264 1659 1293 1711 15

98 1729 154 1785 ista
161 1744 216 1799 que
223 1729 414 1799 experimento
422 1729 567 1784 didicerat.
606 1729 702 1784 Refert
714 1728 803 1782 eciam
815 1729 926 1782 edituus
940 1745 994 1798 que
1008 1728 1060 1783 sibi
1074 1727 1109 1783 de
1122 1727 1248 1784 miraculi

97 1813 310 1882 perpetracione
330 1813 517 1868 innotuerant.
555 1810 651 1866 Verba
668 1811 752 1866 rebus
771 1820 934 1877 consonant,
949 1828 995 1866 res
1008 1809 1101 1866 verbis
1116 1828 1187 1882 eque
1204 1828 1249 1866 re·

98 1895 249 1965 spondent.
288 1895 408 1951 Pulsatis
425 1895 509 1965 igitur
528 1911 612 1950 mane
631 1895 784 1964 campanis,
800 1895 893 1949 cordis
910 1911 944 1950 ac
961 1894 1038 1950 uocis
1052 1894 1137 1948 iubilo
1155 1893 1250 1949 choris

97 1979 304 2036 alternantibus
322 1980 383 2034 laus
396 1978 514 2035 creatori
534 1979 708 2046 decantatur,
721 1978 770 2050 qui
787 1987 901 2034 sanctos
919 1994 985 2032 suos
999 1977 1142 2032 mirabiles
1157 1977 1250 2032 reddit

98 2061 129 2117 in
142 2062 232 2132 terris,
245 2073 274 2118 ut
287 2061 415 2118 nouen'nt
427 2079 527 2118 omnes
539 2071 645 2134 quanta
656 2061 745 2132 gloria
756 2061 932 2132 perfruantur
943 2060 971 2115 in
985 2060 1061 2116 celis.
1262 2060 1293 2098 ²0

266 2245 431 2315 Quian-nn
450 2245 592 2300 oscorrrr
613 2246 693 2299 Dncr
712 2255 866 2300 soranam
885 2255 1004 2299 sonim
1022 2256 1078 2300 srr.

99 2381 242 2452 Sampson
254 2383 313 2437 abb·
337 2344 432 2468 Die
444 2343 566 2414 quadam
584 2343 724 2398 dominica
739 2343 857 2412 contigit
873 2344 995 2399 eundem
1013 2355 1140 2400 sanctum
1152 2361 1248 2415 regem

435 2427 606 2480 Edwardum
635 2426 711 2496 apud
741 2437 870 2482 sanctum
899 2427 1083 2482 Edmundum
1107 2428 1248 2483 deuenire.

103 2505 158 2577 Qui
172 2523 237 2562 cum
251 2507 279 2561 in
292 2507 422 2577 crastino,
435 2519 532 2579 vtputa
544 2509 586 2563 vir
602 2509 690 2564 tocius
708 2509 848 2579 religionis
866 2510 956 2565 cultor
971 2521 1000 2566 et
1017 2519 1119 2578 custos,
1131 2511 1249 2566 fratrum

98 2589 220 2645 subisset
245 2591 407 2659 capitulum,
432 2602 481 2648 aut
505 2607 601 2646 eorum
632 2593 780 2647 consulens
810 2592 984 2658 utilitatibus,
1008 2603 1057 2649 aut
1089 2611 1187 2648 eorum
1217 2611 1248 2650 se

98 2671 328 2744 com[m]endans
347 2674 543 2730 oracionibus:
564 2676 661 2729 Dacus
679 2675 794 2746 quidam
807 2675 951 2744 Osgothus
967 2677 1033 2731 Claf
1047 2675 1168 2743 nomine,
1181 2693 1248 2731 auro
1261 2689 1291 2740 ²5

97 2755 181 2810 textis
193 2755 318 2811 vestibus
330 2767 358 2813 et
370 2757 460 2812 aureis
473 2756 588 2812 armillis
601 2757 756 2826 decoratus,
770 2759 904 2813 deaurata
916 2759 1112 2814 nichilominus
1125 2759 1248 2829 bipenne

97 2855 176 2893 rnore
187 2839 330 2893 Dacorum
338 2841 374 2894 ab
379 2841 496 2894 humero
505 2839 690 2910 dependente,
696 2839 784 2894 sancti
792 2840 933 2895 Edmundi
943 2841 1089 2896 basilicam
1098 2841 1247 2896 indeuotus

98 2920 260 2992 ingreditur.
286 2922 343 2977 Hic
355 2922 424 2978 tanti
437 2921 558 2980 nominis
570 2931 702 2992 tantaque
715 2922 862 2992 potestatis
873 2931 941 2990 erat,
951 2932 981 2978 ut
991 2925 1130 2978 secundus
1142 2942 1160 2978 a
1172 2940 1246 2992 rege,

97 3021 156 3060 non
176 3005 270 3060 minus
289 3023 373 3076 quam
391 3023 439 3060 rex
456 3005 517 3076 ipse
535 3005 626 3062 cuntis
644 3005 838 3060 formidandus
856 3005 1012 3060 haberetur.
1051 3007 1082 3060 ln
1102 3007 1157 3060 hoc
1179 3023 1247 3061 sane

96 3088 258 3159 discrepare
270 3089 443 3155 videbantur,
456 3089 532 3160 quod
550 3106 598 3143 rex
615 3098 712 3143 tenore
730 3087 846 3156 iusticie,
859 3087 911 3143 iste
923 3097 1026 3142 terrore
1045 3089 1146 3143 senicie
1165 3089 1246 3144 time·
1260 3105 1293 3154 30

97 3173 189 3227 batur.
229 3173 306 3227 lnter
316 3183 409 3228 cetera
420 3189 488 3228 vero
499 3171 679 3241 malignitatis
692 3189 742 3226 sue
754 3170 853 3238 studia,
867 3169 956 3226 sancti
975 3171 1119 3226 Edmundi
1132 3171 1247 3226 virtutes

97 3254 258 3325 inprobare,
272 3255 336 3309 etei
349 3255 517 3312 famulantes
530 3263 712 3309 consueuerat
726 3254 865 3309 infestare.
904 3254 1051 3324 Ingressus
1064 3253 1148 3324 igitur
1158 3254 1246 3309 eccle·

99 3338 180 3406 siam,
193 3349 287 3393 mente
299 3337 404 3407 rigidus
417 3355 467 3408 per
478 3337 601 3392 medium
615 3338 732 3392 chorum
752 3335 812 3407 [ad]
829 3336 984 3391 secreciora
1001 3337 1172 3406 penetrabat.
1209 3338 1248 3390 Et

98 3439 164 3476 cum
181 3421 332 3492 bipennem
351 3420 379 3475 in
398 3419 562 3491 presbiterio
580 3435 598 3474 a
616 3420 688 3475 collo
706 3420 848 3490 deponere
864 3428 1022 3490 temptaret,
1035 3429 1065 3474 ut
1083 3435 1247 3487 supeream

98 3505 265 3560 incumbens
290 3504 382 3573 magis
409 3502 517 3558 curiose
541 3519 626 3574 quam
653 3503 754 3558 deuote
778 3519 832 3574 que
857 3503 1012 3573 agebantur
1035 3503 1245 3558 consideraret:
1261 3518 1292 3569 35

98 3587 175 3642 illico
187 3587 288 3642 virtute
301 3586 397 3642 diuina
408 3586 539 3642 manibus
552 3585 611 3641 eius
624 3587 722 3641 auulsa
735 3585 764 3640 in
777 3584 968 3655 pauimentum
977 3585 1074 3655 procul
1083 3585 1247 3650 detruditur,

98 3669 161 3740 ipse
186 3685 296 3740 quoque
321 3679 463 3740 correptus
488 3687 506 3724 a
530 3668 669 3736 demonio,
690 3668 808 3724 miseras
829 3669 961 3724 emittens
985 3685 1068 3724 voces
1092 3667 1120 3722 in
1144 3678 1248 3724 terram

98 3752 219 3808 eliditur.
256 3753 301 3807 Fit
314 3754 419 3808 clamor
431 3752 597 3821 inconditus,
611 3751 731 3806 ecclesia
742 3761 803 3807 tota
815 3753 959 3820 turbatur;
978 3762 1019 3806 set
1030 3763 1058 3807 et
1070 3768 1119 3805 rex
1131 3750 1159 3805 in
1172 3749 1248 3822 capi-

97 3837 156 3892 tulo
173 3836 291 3906 strepitu
309 3837 435 3905 pulsatus
453 3835 574 3904 insolito,
587 3835 719 3904 cognouit
733 3853 751 3890 a
766 3845 905 3902 narrante,
918 3834 1075 3907 predictum
1088 3835 1248 3902 Osgothum

98 3920 126 3974 in
142 3919 262 3976 ecclesia
276 3935 425 3990 peruasum
443 3935 460 3974 a
476 3919 605 3974 demone.
643 3919 706 3989 Quo
723 3927 877 3988 comperto,
889 3935 1040 3973 conuersus
1059 3917 1096 3972 ad
1115 3917 1246 3972 abbatem
1259 3933 1292 3981 40

99 4003 281 4059 Leofstanum
292 4002 348 4057 ait:
368 4003 478 4056 ‘Tuum
495 4010 547 4070 est,
559 4012 648 4072 pater,
661 4018 712 4071 pro
729 4000 811 4055 huius
827 3999 1000 4055 restituenda
1014 4000 1103 4055 salute
1117 4009 1246 4054 sanctum

97 4086 260 4156 suppliciter
278 4102 342 4140 cum
360 4084 506 4140 monachis
524 4084 578 4140 tuis
596 4083 790 4154 interpellare!
826 4084 906 4137 Tunc
925 4082 1015 4138 abbas
1032 4082 1161 4153 precibus
1180 4097 1246 4136 suos

97 4170 263 4226 adhortatur
287 4168 421 4237 insistere,
446 4168 506 4240 ipse
537 4183 649 4240 quoque
679 4165 762 4222 dictis
792 4164 953 4222 exorcismis
982 4183 1054 4236 aque
1085 4175 1246 4221 consecrate

97 4251 262 4324 aspersione
280 4253 452 4323 perlustrans
469 4261 603 4322 egrotum,
620 4251 772 4306 demonem
783 4249 921 4319 expellere
932 4249 1087 4319 satagebat.
1120 4251 1168 4304 Set
1181 4265 1246 4304 cunt

359 4357 369 4387 ²
385 4359 419 4410 al.
431 4375 481 4412 orn.
775 4355 786 4388 ¹
798 4355 854 4409 MS.
866 4356 983 4408 medinm.

132 4453 199 4494 VOL.
213 4453 244 4494 tl.
640 4447 662 4491 R
674 4451 689 4490 l'
