3008 4904
280 321 352 412 256
591 312 722 402 mooe
748 307 937 414 umcros
962 307 1113 413 annia.

279 513 338 584 Qut
357 514 485 572 veniens
505 523 536 571 et
555 512 774 571 multitudinem
799 531 939 586 magnam
964 513 1042 570 circa
1061 513 1192 586 lapidem
1215 529 1304 570 casso
1329 513 1441 569 labore

278 603 457 664 sudantem¹
484 601 643 675 aspiciens,
669 601 795 658 miratus
825 609 881 658 est.
925 599 963 657 Et
987 601 1131 658 attonitus
1156 609 1249 670 stans,
1275 602 1440 674 deumque

278 689 398 746 silentio
416 691 592 763 deprecans,
606 689 723 760 aspexit
743 688 773 744 in
792 688 890 761 lapide
908 688 960 744 illo
978 688 1130 761 ethiopem
1144 690 1296 761 quendam
1317 691 1437 745 sedere

277 787 308 835 et
329 776 469 836 obscenis
493 777 624 835 motibus
648 776 818 833 laborantes
842 776 1056 833 subsannando
1079 775 1227 833 deridere.
1266 776 1304 832 Et
1329 777 1437 832 statim

248 874 382 940 geontra
400 867 562 923 demonem
581 863 700 937 signum
720 866 817 920 crucis
835 863 961 934 intorsit,
975 873 1005 920 et
1019 864 1156 920 territum
1176 863 1261 920 illum
1281 864 1358 936 fuga
1378 863 1436 920 sibi

278 953 436 1010 consulere
461 951 611 1024 compulit.
648 951 690 1007 At
715 952 793 1024 lapis
816 969 907 1025 quem
933 951 1101 1025 octoginta’
1123 951 1178 1007 viri
1203 961 1274 1007 ante
1302 969 1435 1008 mouere

278 1039 450 1113 nequibant,
462 1057 481 1096 a
492 1039 596 1112 paucis
615 1037 785 1095 hominibus
804 1038 942 1095 facillime
960 1039 1086 1108 leuatus,
1098 1039 1130 1094 in
1143 1055 1236 1111 opere
1253 1039 1435 1097 collocatur.

280 1127 417 1184 Perfecta
429 1127 529 1200 itaque
541 1127 668 1184 ecclesia
679 1129 711 1182 in
725 1126 838 1183 honore
851 1128 938 1184 beate
953 1125 1057 1195 Marie,
1070 1135 1101 1183 et
1112 1127 1301 1200 congregatis
1314 1127 1435 1186 ibidem

280 1215 505 1288 (quibusdam)³
523 1212 685 1284 monachis,
707 1213 827 1270 clerici⁴
847 1214 878 1270 in
898 1214 971 1271 sede
986 1213 1149 1288 episcopali
1168 1215 1305 1270 nonnulli
1323 1226 1435 1289 spreto

233 1317 265 1356 ιο
278 1302 399 1360 seculo*
412 1303 609 1360 monasticum
623 1301 756 1358 habitum
769 1311 988 1374 susceperunt:
1008 1309 1038 1358 et
1055 1303 1093 1358 ab
1111 1301 1238 1358 ecclesia
1250 1305 1331 1359 beati
1348 1303 1433 1361 Petri

277 1393 315 1447 ad
335 1391 492 1448 ecclesiam
512 1391 598 1448 beate
619 1389 722 1456 Marie,
735 1407 753 1446 a
765 1389 881 1447 clericis
899 1389 937 1445 ad
956 1389 1120 1445 monachos
1136 1390 1317 1462 episcopalis
1339 1392 1433 1448 sedas

277 1479 420 1536 translata
439 1488 494 1536 est.
568 1465 694 1534 Mortuo
712 1476 887 1534 eboracensi
907 1476 1143 1549 archiepiscopo,
1160 1478 1339 1551 cogentibus
1358 1497 1433 1552 rege

279 1566 399 1639 Edgaro
423 1575 453 1622 et
477 1573 581 1622 sancto
608 1565 775 1634 Dunstano,
800 1563 996 1636 omniumque
1026 1564 1203 1622 clericorum
1234 1581 1368 1622 assensu
1395 1567 1432 1622 ad

277 1655 565 1729 archiepiscopatum
586 1662 761 1725 assumptus
783 1661 838 1708 est.
877 1651 913 1708 Et
934 1669 973 1708 ne
994 1652 1133 1708 monachi
1152 1669 1228 1725 quos
1245 1653 1432 1721 instituerat,

232 1753 262 1805 15
277 1742 383 1816 aliqua,
408 1743 484 1800 vltra
514 1759 604 1815 quam
636 1740 716 1797 ferre
741 1741 884 1808 valerent,
908 1739 1105 1812 temptatione
1134 1749 1380 1812 concuterentur,
1406 1741 1431 1799 si

276 1829 417 1904 pastorali
435 1847 506 1886 cura
524 1828 657 1886 destituti
676 1845 736 1884 non
755 1828 900 1884 haberent
918 1845 977 1900 quo
996 1828 1231 1899 inniterentur⁴;
1250 1831 1431 1888 auctoritate

275 1919 371 1976 sancti
397 1917 546 1975 Dunstani
571 1917 762 1990 episcopatus
782 1915 1005 1989 Wigorniensis
1026 1933 1129 1972 curam
1152 1933 1211 1974 vna
1235 1935 1302 1974 cum
1327 1919 1431 1976 archi-

275 2007 451 2080 episcopatu
475 2004 588 2063 solicite
613 2004 698 2062 rexit.
771 1991 855 2062 Cum
879 2013 980 2062 autem
1006 2003 1145 2061 monachi
1171 2004 1341 2074 Rameseie,
1364 2006 1431 2080 epi·

276 2113 369 2168 scopo
386 2094 529 2151 Oswaldo
543 2093 574 2149 in
591 2093 658 2167 ripa
675 2101 781 2160 stante,
798 2109 906 2165 aquam
925 2093 1044 2165 nauigio
1062 2093 1191 2150 transire
1203 2094 1324 2162 vellent,
1338 2097 1430 2152 nauis

231 2196 263 2234 πο
276 2181 366 2240 nimis
391 2191 514 2238 onerata
539 2179 634 2253 mergi
658 2179 745 2252 cepit.
781 2179 906 2236 Turbati
934 2179 1073 2236 monachi
1097 2189 1127 2237 et
1152 2181 1228 2238 mori
1254 2190 1429 2240 metuentes

276 2288 366 2343 opem
387 2270 481 2326 sancti
503 2267 653 2342 pontificis
678 2267 887 2339 implorabant.
924 2268 1012 2337 Quod
1031 2268 1139 2325 videns
1160 2279 1281 2326 sanctus
1303 2270 1428 2342 signum

276 2357 372 2414 crucis
397 2357 497 2425 edidit,
521 2365 552 2412 et
577 2353 662 2413 nauis
687 2355 724 2411 ab
749 2371 895 2427 aquarum
920 2355 1121 2428 profunditate
1145 2373 1314 2428 emergens,
1337 2359 1427 2430 quasi

275 2445 349 2502 nihil
371 2444 473 2501 oneris
498 2443 589 2500 ferret
613 2444 651 2499 ad
677 2442 773 2516 ripam
798 2459 944 2516 prospero
970 2443 1058 2516 lapsu
1084 2454 1188 2501 euecta
1212 2455 1267 2502 est.
1339 2433 1426 2504 Cum

275 2535 357 2592 enim
370 2533 561 2589 nunciaretur
572 2529 601 2588 ei
613 2531 763 2603 quendam
777 2530 958 2586 monachum
976 2529 1122 2588 eliensem
1135 2533 1173 2588 ab
1185 2549 1280 2606 opere
1296 2533 1427 2592 ecclesie

231 2635 261 2685 25
275 2619 485 2694 precipitatum
503 2619 602 2676 subita
622 2627 718 2675 morte
740 2619 924 2688 occubuisse,
943 2618 1114 2677 vehementi
1137 2637 1256 2676 merore
1277 2621 1424 2678 turbatur.

277 2709 408 2765 Nouerat
424 2707 505 2765 enim
518 2707 601 2763 illum
614 2723 674 2763 non
687 2705 920 2779 usquequaque⁷
931 2707 1023 2762 vitam
1040 2707 1165 2764 duxisse
1182 2707 1308 2766 felicem.
1344 2709 1426 2766 Con-

275 2796 388 2854 uocatis
412 2805 512 2852 autem
539 2793 700 2851 Rameseie
725 2794 880 2851 monachis
901 2795 943 2850 rei
966 2805 1108 2851 euentum
1131 2795 1239 2862 retulit,
1262 2805 1293 2851 et
1315 2805 1346 2852 vt
1370 2815 1426 2870 pro

275 2885 376 2942 anima
388 2882 520 2940 defuncti
532 2881 686 2940 dominum
700 2882 862 2939 studiosius
875 2891 994 2938 orarent
1007 2881 1168 2940 admonuit.
1203 2881 1322 2955 Vigiliis
1335 2883 1426 2957 igitur

274 2979 388 3040 vacant,
402 2969 527 3044 psalmis
541 2979 570 3026 et
583 2969 744 3039 lachrimis
758 2979 788 3026 et
804 2971 842 3026 ad
857 2968 977 3026 ianuam
997 2969 1202 3028 misericordie
1221 2972 1424 3044 redemptoris

231 3079 263 3129 30
276 3060 404 3133 pulsant.
443 3057 480 3114 Et
492 3075 563 3115 ecce
576 3065 663 3113 nocte
676 3057 805 3129 quadam
819 3057 963 3131 episcopo
984 3057 1167 3115 orationibus
1180 3057 1331 3115 insistenti
1343 3059 1423 3118 idem

276 3147 433 3205 defunctus
443 3145 598 3203 visibiliter
610 3144 756 3217 apparuit,
767 3155 797 3201 et
809 3155 1021 3217 percunctatus
1033 3145 1100 3219 quis
1114 3155 1204 3215 esset,
1214 3145 1298 3202 illum
1310 3165 1345 3203 se
1354 3165 1425 3205 esse

275 3253 331 3308 pro
353 3251 412 3307 quo
433 3235 522 3290 deum
546 3239 712 3304 rogauerat,
733 3232 896 3304 respondit.
933 3234 975 3289 At
996 3233 1046 3290 ille
1068 3233 1242 3306 suspirans:
1263 3234 1422 3304 ‘Qualiten

275 3321 378 3394 inquit,
398 3320 490 3377 frater
507 3319 560 3376 tibi
579 3319 641 3388 fuit,
654 3319 701 3375 vel
715 3319 841 3391 qualiter
858 3336 937 3376 nunc
956 3329 1003 3378 est
1013 3323 1041 3377 i’
1079 3321 1260 3390 ‘Hactenus
1273 3321 1324 3390 ait,
1337 3324 1422 3380 valde

275 3409 363 3477 male,
384 3425 464 3464 nunc
484 3415 583 3464 autem
603 3407 690 3464 valde
708 3406 795 3463 bene.
832 3407 906 3464 Tuis
923 3406 1035 3481 quippe
1054 3408 1169 3465 meritis
1191 3417 1222 3464 et
1243 3409 1386 3480 precibus
1406 3427 1423 3470 a

230 3519 261 3570 35
275 3496 363 3570 penis
382 3495 490 3567 quibus
509 3494 670 3562 cruciabar,
687 3511 743 3566 per
760 3495 900 3567 angelum
916 3512 1005 3552 suum
1024 3513 1073 3552 me
1090 3495 1139 3552 die
1155 3496 1298 3553 hesterna
1317 3498 1423 3570 eripuit

275 3583 424 3640 dominus.
460 3582 547 3651 Quod
573 3591 603 3638 et
626 3580 679 3637 tibi
703 3581 883 3638 insinuando
905 3583 974 3640 veni
996 3583 1108 3655 gratias
1129 3600 1229 3656 agere,
1249 3593 1288 3650 et,
1313 3585 1424 3657 quam¹
1497 3601 1498 3623 ¹

274 3671 424 3746 gratiosus
438 3687 493 3744 pro
507 3669 563 3726 hoc
575 3679 605 3726 et
617 3668 682 3725 aliis
695 3668 761 3726 iure
773 3670 884 3726 debeas
897 3672 955 3727 deo
967 3670 1098 3726 existere
1111 3669 1217 3726 merito
1228 3669 1246 3740 ³,
1259 3669 1422 3730 insinuare.

275 3760 342 3830 Quo
361 3757 441 3816 dicto
456 3774 515 3814 non
533 3756 707 3829 comparuit.
781 3745 940 3815 Diocesim
959 3775 1044 3814 suam
1060 3757 1215 3830 oportunis
1233 3763 1421 3832 temporibus

274 3864 448 3921 peragrans,
459 3843 597 3918 quicquid
608 3843 743 3900 elicere¹⁰
755 3853 871 3917 poterat
884 3845 915 3901 in
924 3845 1057 3901 moribus
1068 3861 1191 3902 suorum
1199 3846 1305 3902 oculos
1313 3847 1422 3910 summi

228 3965 262 4014 40
274 3935 322 3992 dei
335 3935 498 4002 offendere,
511 3941 637 4005 paterna
649 3931 842 4005 castigatione
859 3933 1011 4005 corripere
1029 3942 1117 4005 atque
1134 3932 1286 4006 corrigere
1306 3944 1422 4008 satage-

274 4024 332 4080 bat.
371 4021 438 4079 Hcc
457 4029 595 4094 agentem
615 4019 736 4092 contigit
752 4018 818 4076 vice
834 4021 963 4093 quadam
977 4021 1098 4080 venisse
1119 4019 1240 4092 Ripum,
1252 4019 1305 4077 vbi
1317 4023 1421 4080 beatus

306 4237 315 4266 ¹
333 4237 363 4288 E.
374 4238 534 4288 suadentem.
617 4233 627 4264 ³
643 4235 673 4284 E.
685 4235 816 4297 octoginti.
903 4235 912 4264 ³
929 4249 979 4286 om.
993 4235 1019 4284 in
1030 4235 1060 4286 T.
1142 4235 1153 4265 ⁸
1170 4233 1200 4288 E.
1212 4235 1285 4286 cleri.
1369 4237 1379 4268 ⁸
1393 4237 1420 4288 T.

273 4304 396 4354 seculum.
504 4305 514 4334 ⁸
532 4301 594 4352 Wir.
606 4301 774 4354 munirentur.
883 4298 894 4329 ²
911 4301 940 4353 E.
952 4315 1119 4365 usquequam.
1225 4301 1236 4331 ⁸
1252 4302 1284 4354 E.
1294 4305 1421 4367 quoniam.

273 4369 283 4399 ²
300 4369 335 4419 al.
347 4384 396 4420 om.
495 4367 515 4399 ²⁰
531 4367 595 4418 Wb.
606 4368 730 4418 ediscere.
