3054 4904
272 295 317 386 78
582 293 713 379 moun
739 289 930 397 [morou
954 290 1107 395 flamia

268 491 418 560 demonia,
436 492 576 565 paralisis
601 493 706 548 morbo
729 491 896 550 infirmatos
922 493 1127 565 restaura[ui]t
1151 491 1279 562 sanitati,
1298 493 1423 552 claudos

269 580 397 636 restituti
407 597 530 652 gressus
539 579 686 638 beneficio
694 581 939 652 condecora[ui]t,
947 581 1078 638 cecitatis
1089 582 1231 638 tenebras
1243 581 1334 638 exilio
1346 581 1423 638 rele-

268 667 348 740 gauit
361 667 464 724 oculos
475 667 558 726 visus
571 667 701 725 claritate
713 684 890 740 perornans,
903 679 1037 726 mortuos
1050 669 1195 742 plurimos
1207 678 1275 742 post
1288 670 1422 726 triduum

268 755 329 812 vita
346 754 549 828 triumphante
560 755 684 812 victorie
701 755 851 812 roborauit
868 757 1001 829 propriis
1017 757 1176 828 suffragiis,
1192 756 1283 814 iacies
1297 758 1421 829 leprosa

240 859 255 912 5
269 843 484 915 conspersione
498 843 661 900 maculatas
674 843 861 900 laudabiliter
873 845 1060 918 expurgauit,
1073 846 1232 918 omniaque
1245 845 1420 900 morborum

268 948 381 1003 genera
399 931 587 1004 poscentium
606 931 767 988 deuotione
783 933 958 1005 preambuIa
974 931 1136 990 liberaliter
1151 931 1300 1006 effugauit
1340 931 1378 988 Et
1394 933 1419 988 si

268 1018 386 1092 singula
403 1037 462 1091 que
481 1019 712 1092 cunctipotentis
731 1019 886 1076 brachium
905 1037 962 1093 pro
980 1037 1036 1076 suo
1055 1029 1157 1076 saneto
1175 1020 1206 1075 in
1224 1019 1284 1076 vita
1301 1029 1333 1078 et
1351 1029 1419 1094 post

268 1107 558 1164 consummationem
570 1106 822 1180 peregrinationis
836 1107 962 1164 firmiter
974 1107 1175 1181 perimpleuit,
1188 1108 1322 1164 scribere
1335 1125 1419 1164 cura·

268 1211 380 1264 remus,
399 1194 578 1251 fatiscentis¹
600 1195 785 1252 lassitudinis
805 1195 935 1268 genitrix
955 1211 1074 1252 morosa
1092 1195 1222 1252 dihtatio
1239 1203 1359 1252 vestros
1377 1195 1418 1251 in-

225 1282 405 1340 intellectus
419 1281 510 1338 nimia
523 1283 745 1355 ponderositate
757 1282 965 1339 declarationis
982 1282 1011 1339 in
1029 1281 1223 1354 dispendium
1235 1291 1420 1355 prouocaret.

270 1369 368 1426 Pauca
386 1378 487 1426 tamen
503 1379 727 1442 consequenter
742 1371 885 1428 miracula
903 1369 1124 1443 presentialiter
1139 1370 1376 1438 conscribentur,
1389 1371 1419 1426 in

268 1458 378 1531 quibus
389 1457 447 1530 ipsi
461 1457 512 1529 qui
525 1467 628 1514 sancta
640 1458 800 1516 deuotione
813 1457 948 1514 nituntur
957 1457 1128 1514 serueseere
1140 1457 1239 1528 aliqua
1251 1459 1289 1513 ad
1301 1473 1420 1514 morum

269 1545 488 1601 edificationem
501 1545 662 1617 poterunt¹
673 1545 840 1618 exemplari
854 1567 861 1613 ς
880 1547 1010 1618 plurima
1018 1563 1090 1602 vero
1098 1545 1155 1601 alia
1167 1563 1226 1618 que
1235 1544 1378 1602 dominus
1389 1545 1419 1602 in

1515 275 1522 534 ¹

269 1641 373 1688 sancto
397 1641 523 1704 patrono
548 1642 688 1705 operatus
712 1643 759 1691 est
784 1641 814 1690 et
839 1633 1023 1690 incessanter
1047 1631 1199 1690 continuat
1224 1632 1344 1704 operari
1369 1634 1435 1715 qui¹
1519 1633 1524 1650 “

225 1739 255 1792 15
268 1736 450 1793 cognoscere
469 1719 609 1776 affectant
616 1719 635 1790 ³,
650 1721 681 1777 in
700 1721 807 1778 eodem
825 1719 1007 1777 monasterio
1024 1719 1117 1776 libros
1134 1719 1287 1793 reperient
1309 1721 1420 1793 quibus
1524 1783 1525 1788 χ

268 1807 426 1863 innumera
436 1807 651 1864 beneficiorum
665 1825 778 1881 genera
787 1808 1024 1866 conscribuntur.
1050 1807 1420 1865 Oimmensurabilisinfi·
1524 1819 1525 1836 ¹

269 1894 348 1952 nitas
357 1893 448 1952 celice
461 1893 635 1964 maiestatis,
643 1894 694 1967 qui
704 1895 747 1950 tui
755 1894 919 1968 gratissimi
928 1893 1108 1951 confessoris
1117 1893 1148 1950 in
1160 1892 1288 1967 hospitio
1296 1895 1420 1952 cordiali

268 1983 360 2040 altare
373 1983 538 2040 redolentis
551 1983 689 2039 sacrificii
702 1991 751 2039 tue
765 1982 912 2055 placentie
928 1981 1038 2054 [donis]
1048 1982 1058 2012 ⁴
1069 1981 1247 2053 perornasti‚
1260 1981 1326 2038 eius
1340 2001 1420 2040 cres-
1525 2054 1526 2058 Ἰ

267 2070 404 2126 centibus
417 2069 532 2127 meritis
541 2079 572 2126 et
584 2069 854 2126 interuentionibus
863 2069 996 2126 mirificis
1004 2067 1107 2126 conler
1116 2069 1251 2126 solamen
1260 2069 1420 2142 languidis,

223 2179 255 2218 ao
267 2158 342 2216 offer
350 2159 488 2216 leuamen
497 2158 631 2225 miseris;
645 2158 784 2230 quatinus
791 2157 925 2213 labilium
932 2157 1072 2214 vitiorum
1081 2157 1257 2214 excessibus
1265 2159 1421 2216 emundati

267 2245 430 2304 atartareis
437 2245 616 2302 cruciatibus
626 2245 773 2318 perpetim
783 2245 954 2302 liberemur.
973 2245 1149 2318 Omnesque
1159 2243 1421 2317 [s]uum⁶monas·

267 2335 375 2391 terium
400 2333 531 2406 henigne
558 2332 714 2390 visitantes
738 2331 900 2389 confouere
924 2333 1057 2389 virtuose
1082 2331 1217 2405 digneris
1241 2341 1272 2388 et
1296 2351 1314 2390 a
1338 2333 1421 2391 vitiis

266 2437 454 2495 preseruare,
475 2437 509 2477 ac
531 2419 734 2492 cuiuscunque
758 2418 884 2493 periculi
909 2419 1116 2477 imminentem
1142 2419 1355 2477 aduersitatem
1380 2423 1421 2478 ab

266 2509 383 2566 eisdem
392 2525 463 2564 mox
473 2507 577 2580 procul
587 2524 758 2576 remoueas;
778 2507 919 2580 quatinus
932 2517 962 2564 te
975 2509 1084 2565 deuote
1094 2509 1305 2582 amplexantes
1315 2519 1418 2566 tecum

222 2619 253 2671 25
268 2598 297 2652 in
320 2595 481 2653 celestibus
501 2595 675 2668 perenniter
695 2595 844 2652 vniantur.
881 2595 957 2652 Tam
981 2595 1126 2668 prouidus
1150 2595 1241 2667 igitur
1260 2595 1421 2654 consessor

268 2684 445 2756 magnificus
463 2682 623 2740 senissima
639 2683 745 2740 mortis
760 2699 898 2740 morsura
914 2700 932 2739 a
947 2683 1047 2739 seculo
1063 2683 1213 2756 relegatus
1227 2681 1332 2739 limina
1349 2701 1420 2740 con-

269 2771 410 2843 [s]cendit
431 2779 576 2844 perpetue
597 2771 772 2828 hereditatis
796 2770 826 2827 in
849 2771 1010 2827 celestibus
1033 2787 1114 2827 anno
1137 2769 1250 2827 domini
1271 2769 1312 2827 M.
1331 2771 1420 2829 CCC.

267 2859 371 2930 lxxix,
390 2860 498 2916 eodem
516 2858 708 2931 imperatorie
728 2867 834 2914 cuncta
854 2867 978 2931 regente
998 2861 1048 2931 qui
1071 2875 1138 2914 cum
1158 2867 1244 2930 patre
1263 2867 1293 2916 et
1313 2869 1421 2918 sancto

267 2948 388 3004 llamine
401 2955 505 3021 regnat
517 2947 548 3002 in
562 2946 717 3004 maiestate
730 2961 787 3018 per
799 2946 970 3002 seculorum
984 2946 1094 3004 secula.
1131 2946 1241 3003 Amen.

300 3105 325 3166 il
339 3103 502 3176 ‘Sequitur
512 3102 656 3159 extractio
666 3103 704 3158 de
717 3101 793 3157 libro
806 3101 989 3174 antiquitatis
1002 3099 1133 3158 Glaston.
1141 3102 1179 3158 de
1190 3110 1293 3158 sancto
1305 3100 1418 3176 Ioseph

265 3193 303 3252 ab
316 3191 481 3259 Armathia,
494 3199 616 3262 accepta
628 3191 667 3246 de
680 3189 756 3245 libro
768 3191 897 3262 quodam
911 3207 967 3261 per
979 3188 1183 3246 Theodosium
1203 3189 1419 3261 imperatorem

265 3281 388 3337 inuento
401 3279 432 3335 in
446 3277 576 3352 pretorio
592 3277 677 3334 Pilati
689 3277 720 3332 in
734 3276 936 3334 Hierusalem.

220 3408 252 3460 30
265 3382 479 3515 aCRucifixo
488 3382 610 3438 domino
622 3389 653 3438 et
666 3381 823 3454 completis
835 3379 974 3436 omnibus
986 3397 1045 3453 que
1058 3381 1096 3436 de
1110 3380 1274 3437 coluerant
1287 3383 1418 3456 prophe·

373 3479 441 3539 tata,
455 3469 583 3525 accessit
596 3468 707 3541 Ioseph
721 3469 758 3524 ab
770 3469 938 3535 Armathia,
950 3467 1000 3524 ille
1015 3467 1125 3524 nobilis
1140 3468 1271 3539 decurio,
1283 3471 1322 3525 ad
1340 3470 1419 3527 Pila·

265 3565 337 3624 tum,
347 3565 379 3613 vt
392 3555 564 3629 euangehca
572 3556 672 3628 prodit
683 3556 815 3622 historia,
825 3563 855 3613 et
868 3555 953 3628 petiit
965 3573 1075 3628 corpus
1089 3554 1197 3613 Ihesu:
1217 3566 1248 3613 et
1260 3569 1419 3630 acceptum

265 3643 392 3700 inuoluit
404 3643 541 3712 sindone,
553 3652 584 3700 et
601 3642 700 3717 posuit
715 3643 746 3698 in
762 3651 966 3710 monumento,
979 3642 1010 3698 in
1030 3661 1089 3716 quo
1107 3644 1241 3700 nondum
1256 3644 1418 3718 quisquam

265 3731 383 3805 positus
397 3731 502 3789 iuerat.
538 3731 706 3788 Audientes
722 3739 823 3787 autem
840 3729 924 3786 iudei
938 3733 1019 3802 quod
1037 3729 1148 3803 ioseph
1163 3748 1274 3803 corpus
1287 3731 1420 3790 Christi¹

220 3841 252 3894 35
266 3819 436 3893 sepelierat,
449 3820 616 3892 querebant
629 3818 860 3892 apprehendere
873 3835 952 3886 eum,
965 3835 1033 3875 cum
1053 3817 1239 3875 Nichodemo
1254 3835 1376 3878 necnon
1389 3830 1420 3880 et

298 3925 355 3975 ιΕ.
368 3926 525 3974 rarescentis.
586 3923 643 3974 ¹E.
656 3925 776 3986 potuen't.
837 3923 894 3974 ¹1¹2.
906 3923 1066 3973 affectamnt.
1126 3923 1203 3973 ⁴om.
1267 3923 1325 3974 ’Β
1337 3933 1419 3978 tuum.

264 3990 275 4018 l
290 3990 355 4041 This
366 3993 459 4052 legend
472 3993 494 4040 is
506 4005 556 4040 om.
570 3990 596 4039 in
608 3989 637 4039 T.
675 3989 698 4039 lt
717 3990 739 4038 is
756 3990 797 4038 ed.
809 3989 835 4038 in
848 3996 914 4051 part,
926 3989 992 4038 with
1004 3991 1048 4038 the
1061 3989 1136 4051 Engl.
1149 3989 1300 4040 translation
1314 3993 1419 4053 printed

265 4057 300 4120 by
308 4057 351 4108 W.
361 4059 393 4107 de
402 4057 509 4116 Worde,
521 4057 547 4104 in
560 4056 648 4116 Skeat,
660 4055 675 4115 J
679 4057 760 4117 oseph
773 4055 803 4103 oi
810 4055 961 4116 Arimathie,
972 4056 1033 4116 1871
1049 4055 1089 4120 (E.
1103 4053 1133 4104 E.
1141 4054 1171 4105 T.
1182 4055 1231 4120 S.).
1259 4055 1282 4104 lt
1294 4057 1316 4105 is
1329 4059 1418 4119 taken,

265 4124 316 4172 and
332 4123 440 4200 slightly
452 4123 583 4202 abridged,
596 4121 660 4170 from
671 4120 687 4180 J
690 4123 807 4200 ohannes
819 4120 1007 4198 Ghstoniensis
1018 4121 1147 4198 Chroniqa
1158 4122 1199 4172 ed.
1213 4121 1330 4184 Hearne,
1345 4127 1419 4188 1726,

265 4186 957 4314 intulaturstlzttsttnlraili:
972 4187 1418 4315 humanitatatis

265 4328 377 4380 stanzas,
395 4319 459 4368 with
479 4326 567 4368 recent
587 4319 713 4377 miracles,
731 4318 782 4366 and
803 4317 903 4378 collect,
923 4318 1026 4368 written
1047 4333 1085 4367 ca.
1105 4331 1168 4379 1502
1186 4319 1238 4368 and
1257 4319 1364 4382 printed
1385 4323 1420 4385 by

266 4385 373 4450 Pynson
384 4399 455 4448 1520,
464 4385 486 4434 is
495 4383 757 4448 reprintedinSlreat,
767 4399 792 4447 p.
800 4401 841 4446 44.
891 4381 900 4412 ¹
913 4384 951 4434 ct.
961 4383 1058 4446 Evang.
1067 4383 1091 4432 N
1094 4384 1211 4435 icodemi.
1263 4384 1272 4412 ⁸
1284 4385 1321 4436 li.
1332 4387 1419 4438 ihesu.
