3044 4894
229 301 303 394 Dc
328 298 506 392 smnus
530 299 722 402 uenum
748 301 1089 405 minuetum.
1202 325 1249 401 27

99 500 285 576 stupefactus
300 512 330 560 et
347 501 459 560 herens
467 504 485 572 ¹,
499 501 635 574 discipuli
649 501 833 575 perfectione
850 503 1000 575 attonitus,
1015 503 1166 561 Laurentii
1184 521 1248 561 cra-

98 590 220 646 ticulam
250 590 481 647 tolerabiliorem
512 589 606 648 fuisse
633 589 836 648 indubitanter
863 591 998 648 asseruit.
1037 592 1095 648 Hic
1118 593 1248 665 denique

100 676 300 735 Goderannus
330 679 368 734 ad
396 677 601 751 episcopatum
628 677 839 736 Sanctonicum
869 689 1052 753 assumptus,
1077 697 1137 753 quo
1161 679 1248 737 altius

99 765 276 822 conscendit
293 783 330 824 eo
348 765 435 824 latius
453 765 611 824 virtutibus
629 765 755 824 refulsit.

206 1035 231 1095 ll
252 1022 307 1092 Dr
325 1051 449 1092 saneris
470 1023 636 1092 Hrwucno
655 1051 747 1092 urouo
766 1051 804 1092 er
821 1051 901 1092 anso
919 1033 1144 1093 uunrvmsns'.

100 1185 219 1318 CVm
243 1197 343 1247 antem
362 1189 582 1247 Willebrordus
605 1200 693 1263 pater
715 1190 896 1248 venerabilis
919 1208 988 1248 cum
1012 1189 1101 1247 sociis
1124 1189 1187 1246 suis
1210 1191 1277 1252 det

196 1275 306 1348 Anglia
318 1278 356 1333 ad
370 1277 394 1333 F
394 1277 495 1334 risiam
508 1278 634 1336 veniens
647 1279 755 1334 multos
768 1279 806 1334 ad
816 1278 907 1335 fidem
921 1279 1128 1344 conuenisset,
1141 1278 1248 1334 horum

98 1362 195 1419 secuti
210 1364 349 1436 exempla
365 1366 425 1421 duo
440 1365 600 1438 presbiteri
613 1367 651 1422 de
665 1365 785 1422 natione
797 1365 973 1438 Anglorum,
986 1367 1037 1440 qui
1053 1365 1085 1422 in
1101 1365 1249 1422 Hibernia

98 1449 194 1506 multo
203 1459 341 1524 tempore
350 1469 405 1525 pro
418 1461 522 1509 eterna
534 1455 629 1526 patria
642 1453 1001 1522 exulauerantvenemnt
1012 1455 1050 1510 ad
1063 1453 1249 1526 prouinciam

97 1535 302 1610 Antiquorum
328 1539 493 1611 Saxonum,
513 1541 538 1598 si
562 1540 637 1598 sorte
659 1541 772 1614 aliquos
793 1541 904 1598 ibidem
927 1540 1109 1614 predicando
1130 1541 1249 1597 Christo

97 1625 256 1697 acquirere
275 1637 407 1700 possent
451 1628 544 1685 Erant
565 1637 665 1686 autem
686 1630 774 1686 vnius
798 1630 894 1699 ambo,
913 1629 988 1687 sicut
1009 1629 1184 1699 deuotionis,
1206 1629 1296 1685 sic10

98 1712 190 1768 etiam
211 1715 366 1771 vocabuli:
396 1733 466 1772 nam
491 1725 616 1790 vterque
636 1717 753 1774 illorum
775 1717 979 1790 appellabatur
1000 1717 1181 1786 Hewaldus3
1213 1733 1249 1774 ea

97 1807 200 1856 tamen
226 1800 415 1860 distinctione
438 1812 471 1860 vt
494 1821 551 1877 pro
575 1804 695 1861 diuersa
723 1804 895 1876 capillorum
923 1805 1025 1878 specie
1049 1821 1126 1861 vnus
1157 1803 1250 1876 Niger

99 1886 275 1956 Hewaldus,
289 1891 363 1946 alter
375 1891 471 1948 Albus
488 1891 643 1948 diceretur.
680 1891 815 1961 Quorum
827 1901 953 1964 vterque
972 1891 1081 1964 pietate
1097 1890 1249 1964 religionis

96 1973 241 2044 imbutus,
251 1978 304 2033 sed
319 1977 411 2050 Niger
424 1979 588 2036 Hewaldus
600 1980 696 2052 magis
708 1996 860 2035 sacrarum
872 1979 1037 2035 litterarum
1050 1988 1114 2036 erat
1125 1978 1249 2035 scientia

96 2062 260 2120 institutus,
291 2065 350 2135 Qui
361 2066 517 2123 venientes
527 2066 558 2122 in
571 2067 756 2139 prouinciam
769 2065 858 2134 illam,
868 2065 1074 2123 intrauerunt⁸
1086 2066 1247 2138 hospitium
1264 2074 1293 2126 ¹5

97 2148 256 2207 cuiusdam
267 2151 364 2223 villici,
377 2153 587 2227 petieruntque
604 2155 642 2210 ab
658 2172 695 2210 eo
707 2163 739 2211 vt
755 2153 1027 2210 transmitterentur
1043 2154 1080 2210 ad
1097 2163 1248 2226 satrapam

96 2238 150 2310 qui
164 2255 256 2311 super
268 2255 338 2296 eum
350 2250 423 2312 erat,
436 2243 565 2315 eoquod
580 2242 724 2299 haberent
736 2241 847 2315 aliquid
860 2231 1017 2314 legationis
1029 2250 1058 2297 et
1071 2257 1160 2298 cause
1169 2240 1249 2298 vtilis

95 2327 179 2398 quod
198 2327 236 2382 ad
253 2326 336 2384 illum
355 2328 473 2387 deferre
489 2330 642 2387 deberent.
680 2329 748 2386 Non
767 2329 848 2386 enim
865 2329 1033 2386 habuerunt
1050 2345 1153 2402 regem
1167 2328 1248 2385 idem

96 2412 224 2486 Antiqui
238 2413 387 2486 Saxones,
400 2417 453 2474 sed
467 2425 602 2490 satrapas
620 2416 765 2491 plurimos
778 2434 833 2473 sue
849 2417 932 2490 genti
948 2416 1126 2491 prepositos,
1139 2416 1190 2490 qui
1202 2416 1248 2472 in-

95 2511 226 2575 gruente
244 2502 314 2560 belli
333 2503 464 2574 articulo,
480 2505 601 2561 mittunt
617 2505 763 2578 equaliter
781 2513 886 2575 sortes,
905 2513 936 2561 et
953 2521 1163 2578 quemcunque
1181 2521 1248 2561 sors
1263 2513 1294 2551 ²0

95 2590 273 2660 ostenderit,
287 2591 366 2648 hunc
378 2600 514 2664 tempore
531 2591 601 2649 belli
616 2593 723 2650 ducem
741 2609 847 2649 omnes
864 2601 1037 2664 sequuntur,
1051 2591 1118 2648 huic
1134 2593 1248 2648 obtem·

96 2689 222 2749 perant;
241 2687 364 2749 peracto
376 2689 475 2736 autem
491 2680 579 2750 bello,
592 2697 712 2737 rursum
725 2679 839 2753 equalis
854 2679 986 2753 potentie
1002 2695 1108 2736 omnes
1128 2687 1248 2752 satrape

94 2764 183 2820 fiunt.
220 2765 359 2838 Suscepit
381 2785 453 2840 ergo
475 2784 528 2824 eos
547 2767 671 2837 villicus,
691 2776 722 2824 et
746 2767 924 2841 promittens
945 2785 980 2823 se
1002 2767 1120 2823 mittere
1138 2783 1191 2823 eos
1210 2767 1247 2822 ad

95 2863 251 2925 satrapam
264 2854 315 2925 qui
325 2871 416 2927 super
428 2871 462 2911 se
474 2864 547 2925 erat,
557 2865 588 2912 vt
598 2856 749 2928 petebant,
759 2855 871 2928 aliquot
883 2855 989 2912 diebus
1002 2871 1105 2911 secum
1119 2852 1247 2911 retinuit.

95 2939 157 3009 Qui
171 2956 240 2995 cum
251 2941 360 3014 cogniti
370 2951 472 2998 essent
481 2959 499 2998 a
508 2942 643 3000 barbaris
653 2943 732 3016 quod
742 2943 864 3000 alterius
874 2950 977 3000 essent
987 2941 1246 3014 religionis-nam
1263 2953 1292 3003 ²5

94 3036 126 3083 et
140 3027 268 3101 psalmis
280 3045 403 3102 semper
414 3038 504 3102 atque
521 3030 704 3088 orationibus
716 3031 870 3100 vacabant,
882 3040 912 3087 et
925 3029 1057 3103 qnotidie
1069 3028 1246 3085 sacrificium

95 3116 155 3171 deo
179 3114 299 3172 victime
321 3117 458 3173 salunt-n
480 3117 655 3190 offerebant,
677 3118 821 3175 habentes
845 3135 948 3175 secum
968 3117 1090 3175 vascula
1112 3133 1196 3173 sacra
1217 3125 1248 3173 et

94 3202 230 3259 tabulam
243 3203 344 3260 altaris
356 3204 421 3261 vice
434 3204 632 3262 dedicatam—
637 3206 769 3279 suspecti
782 3214 852 3262 sunt
870 3205 969 3275 habiti,
982 3203 1052 3277 quia
1069 3204 1094 3260 si
1107 3203 1247 3277 perueni-

94 3297 165 3347 rent
179 3291 217 3346 ad
230 3300 380 3365 satrapam
393 3300 423 3348 et
435 3292 630 3365 loquerentur
642 3311 710 3350 cum
723 3293 782 3362 illo,
794 3301 965 3351 auerterent
981 3292 1064 3348 illum
1080 3309 1098 3348 a
1111 3291 1168 3349 diis
1184 3291 1247 3350 suis

95 3387 127 3435 et
140 3378 181 3435 ad
194 3395 304 3435 nouam
317 3379 478 3436 christiane
491 3380 562 3438 fidei
575 3380 751 3454 religionem
764 3381 972 3450 transferrent,
985 3379 1088 3452 sicque
1103 3379 1246 3453 paulatim
1261 3389 1293 3440 ³0

93 3465 198 3522 omnis
217 3483 322 3523 eorum
341 3466 495 3539 prouincia
513 3475 647 3525 veterem
666 3478 823 3541 cogeretur
840 3469 937 3524 noua⁴
956 3476 1072 3523 mutare
1090 3467 1247 3525 culturam.

95 3553 204 3627 ltaque
223 3553 320 3611 subito
339 3563 502 3627 rapuerunt
519 3573 581 3626 eos,
603 3565 633 3613 et
651 3557 884 3613 interemerunt:
907 3555 1020 3611 Album
1041 3554 1163 3627 quidem
1183 3554 1246 3612 He·

92 3642 229 3698 waldum
250 3640 346 3698 veloci
371 3641 519 3700 occisione
541 3643 640 3717 gladii,
663 3641 808 3716 Nigrum⁵
828 3652 928 3700 autem
952 3641 1131 3700 Hewaldum
1156 3642 1247 3715 longo

93 3728 315 3803 suppliciorum
327 3731 458 3787 cruciatu
468 3739 498 3787 et
511 3731 662 3788 horrenda
671 3732 874 3788 membrorum
883 3731 1017 3787 omnium
1027 3730 1245 3802 discerptione;

92 3827 124 3876 et
143 3817 220 3876 eos·
235 3817 350 3874 occisos
364 3819 394 3874 in
415 3818 503 3876 Reno
520 3819 719 3892 proiecenrnt.
756 3819 843 3890 Quod
862 3836 931 3876 cum
948 3827 1068 3891 satrapa
1086 3818 1135 3874 ille
1154 3834 1245 3890 quem
1259 3827 1290 3878 3⁵

91 3907 200 3963 videre
212 3905 352 3962 volebant
364 3907 505 3976 audisset,
519 3905 612 3964 iratus
631 3915 677 3964 est
689 3907 776 3964 valde
794 3909 873 3980 quod
890 3907 927 3964 ad
945 3925 979 3964 se
991 3905 1096 3963 venire
1108 3905 1246 3962 volentes

92 3991 248 4069 peregrini
277 4010 339 4050 non
368 3993 632 4066 pemritterentur3
669 4002 699 4051 et
729 3993 851 4051 mittens
881 3993 987 4050 occidit
1010 3991 1153 4050 vicanos⁷
1178 3991 1246 4048 illos

91 4097 212 4152 omnes,
228 4081 389 4153 vicumque
406 4081 545 4139 incendio
563 4082 758 4155 consumpsit.
831 4069 921 4139 Passi
939 4089 1009 4138 sunt
1024 4087 1124 4136 autem
1137 4078 1245 4151 prelati

91 4170 319 4227 sacerdotes.et
338 4168 441 4225 famuli
463 4169 575 4226 Christi
596 4171 701 4242 quinto
724 4187 820 4226 nonas
841 4169 991 4240 octobris3
1017 4185 1073 4225 nec
1101 4167 1245 4241 martyrio

125 4309 185 4358 ¹V.
194 4309 224 4360 13.
236 4309 390 4358 huiusmodi.
458 4307 562 4358 ’From
576 4309 648 4360 Beda
660 4309 817 4360 ll.E.V.10.
882 4309 1121 4359 ⁸E.intrauerant.
1187 4305 1245 4356 *Β

92 4377 119 4424 ἰιι
133 4389 237 4425 nouam.
319 4375 412 4426 *sen
425 4373 561 4438 Nigellum.
642 4374 733 4425 ⁸sseu.
746 4391 821 4438 quos.
902 4373 958 4424 'E.
970 4374 1100 4425 vicaneos.
