3028 4894
438 252 513 345 Di
537 250 700 342 aaran
725 253 936 342 wilfrido.
1186 279 1260 354 437

80 451 204 510 nimio
225 453 302 510 fastu
323 461 444 511 tumens
468 453 562 527 raptis
584 456 708 513 abutens
734 454 874 529 reliquiis,
894 453 938 513 ira
957 455 1005 515 dei
1025 465 1163 531 correpta
1188 475 1259 516 mox

81 541 253 598 demonio
275 551 409 599 vexatur.
457 541 544 612 Quod
569 559 637 600 cum
663 561 717 600 rex
741 561 760 600 a
784 543 970 616 sapientibus
994 553 1118 618 propter
1148 545 1260 604 illatam

82 626 253 687 Wilsrido
277 628 416 686 iniuriam
434 627 544 687 lactum
563 641 766 704 cognosceret,
785 640 922 689 sanctum
938 649 956 688 a
974 633 1103 690 nexibus
1121 633 1261 704 solutum,

83 723 223 772 terram
242 733 327 773 suam
349 716 433 774 exire
452 717 595 790 precepit.
630 716 742 776 Volens
760 727 862 775 autem
881 737 988 777 seruus
1009 719 1056 776 dei
1073 721 1186 777 bonum
1206 739 1261 795 pro

88 803 190 859 malo
203 804 339 874 reddere,
352 803 447 860 orauit
460 806 498 861 ad
510 803 674 876 dominum,
683 815 713 862 et
726 807 869 878 reginam,
878 808 1007 864 demone
1020 805 1128 881 fugato,
1142 808 1259 866 sanitati
1275 821 1289 872 5

88 891 249 948 restituit
342 878 481 964 Pergens
509 891 608 965 itaque
638 909 745 950 versus
772 902 874 966 partes
898 894 1054 964 australes,
1080 912 1099 951 a
1129 897 1259 969 quodam

91 977 303 1050 Brithwaldo,
316 979 406 1036 fratre
424 978 504 1052 regis
523 978 704 1036 Marciorum
723 980 884 1051 Ethelredi,
898 981 1062 1039 honorilice
1081 983 1258 1055 suscipitur:

90 1073 133 1121 et
160 1083 220 1139 que
243 1067 412 1124 necessaria
437 1066 479 1122 illi
501 1075 594 1137 erant,
619 1067 749 1140 benigne
772 1067 972 1142 impendebat,
1018 1068 1135 1126 Inuidia
1157 1079 1259 1128 tamen

93 1153 220 1210 diaboli
233 1153 276 1210 sic
289 1153 372 1210 illum
384 1154 508 1212 tandem
520 1153 669 1224 inlecitus
682 1155 807 1212 militem
816 1155 935 1224 Christi,
945 1155 1022 1229 [sua]
1034 1157 1043 1188 ¹
1056 1157 1259 1215 munificentia

95 1249 245 1309 exutum,
262 1257 280 1298 a
298 1257 332 1298 se
347 1240 469 1314 suisque
488 1242 628 1298 omnibus
648 1241 795 1299 eliminari
814 1242 899 1314 secit3
923 1243 1045 1301 timebat
1062 1244 1142 1301 enim
1159 1245 1259 1302 fratris
1276 1256 1306 1293 ¹0

96 1327 267 1398 offensam,
280 1327 331 1400 qui
350 1345 485 1386 sororem
503 1329 585 1402 regis
605 1328 718 1402 Egiridi
737 1329 866 1387 habebat
883 1348 1018 1389 uxorem.
1055 1330 1166 1405 Sicque
1183 1333 1258 1388 mul-

97 1415 249 1490 tipliciter
267 1416 393 1474 afflictus
415 1425 445 1474 et
464 1416 630 1487 iniuriatus,
649 1435 709 1490 quo
726 1417 822 1492 magis
840 1419 1069 1476 aduersitatibus
1089 1419 1259 1488 feriebatur,

99 1522 147 1562 eo
168 1503 297 1577 amplius
318 1503 356 1560 ad
378 1521 471 1577 opera
492 1504 590 1560 delet
612 1504 785 1578 patientiam
805 1523 839 1562 se
861 1507 993 1578 parabat.
1029 1505 1120 1563 Venit
1136 1508 1259 1564 tandem

99 1593 146 1648 ad
164 1590 276 1648 curiam
291 1589 390 1665 regis¹
403 1589 564 1662 Kentwini,
577 1600 608 1649 et
625 1591 698 1648 satis
717 1591 846 1650 humane
865 1592 1032 1666 suscipitur.
1070 1593 1141 1664 Sed,
1155 1612 1259 1668 quem·

100 1679 271 1736 admodum
296 1678 377 1749 alias,
398 1677 442 1735 sic
465 1687 495 1736 et
514 1677 555 1734 ibi
580 1679 718 1736 demonis
742 1679 884 1736 instinctu
909 1680 1055 1738 femineas
1080 1698 1189 1754 passus
1214 1690 1260 1739 est
1276 1696 1305 1746 ¹5

102 1769 189 1825 iras:
215 1765 363 1839 siquidem
383 1765 464 1840 regis
483 1783 560 1823 vxor
584 1776 648 1822 erat
672 1784 758 1824 soror
784 1766 1009 1841 Ermenburgis,
1031 1769 1177 1824 malorum
1196 1768 1260 1826 sere

104 1853 246 1912 omnium
270 1871 330 1926 que
347 1853 413 1911 viro
433 1853 482 1911 dei
506 1853 676 1911 acciderant
694 1854 839 1911 auctricis.
884 1854 950 1911 Hec
970 1854 1059 1927 igitur
1077 1854 1260 1923 wilfridum,

105 1942 213 2001 multis
235 1940 349 1998 iniuriis
373 1941 524 2010 afflictum,
547 1959 564 1998 a
589 1941 653 1998 suis
678 1941 788 1999 finibus
811 1941 923 2015 expelli
947 1941 1022 2000 fecit.
1119 1929 1260 1999 Perrexit

106 2048 182 2104 ergo
206 2032 244 2087 ad
269 2029 454 2103 prouinciam
482 2029 671 2086 Australium
701 2029 867 2099 Saxonum,
881 2046 951 2102 .que
982 2028 1135 2103 paganicis
1162 2029 1259 2086 adhuc

105 2117 261 2177 erroribus
280 2117 449 2175 seruiebat:
469 2126 498 2174 et
512 2118 638 2174 verbum
656 2116 727 2173 fidei
745 2116 939 2174 ministrabat
975 2116 1066 2174 'Erat
1085 2126 1185 2174 autem
1205 2135 1259 2175 rex
1276 2133 1306 2168 πο

105 2205 207 2280 gentis
226 2206 313 2274 illius,
328 2204 538 2274 Ethelwalcus,
558 2213 739 2278 suggerente
759 2221 831 2278 rege
851 2203 1032 2261 Marciorum
1051 2204 1167 2261 Wlsero
1187 2205 1260 2279 bap-

106 2295 216 2352 tizatus
241 2311 300 2350 non
326 2293 420 2349 multo
444 2301 514 2350 ante
538 2293 568 2348 in
594 2291 747 2365 prouincia
772 2291 963 2362 Marciorum,
990 2309 1009 2347 a
1033 2293 1155 2366 quode
1179 2292 1261 2350 sonte

105 2399 252 2456 egressus
271 2381 336 2438 loco
357 2380 410 2436 filii
432 2389 590 2452 susceptus
610 2390 656 2437 est
667 2401 675 2448 ;
697 2381 728 2436 in
750 2379 835 2437 cuius
857 2379 977 2452 signum
998 2379 1167 2453 adoptionis
1186 2380 1261 2437 duas

105 2469 152 2526 illi
165 2467 344 2542 prouincias,
356 2467 481 2526 Vectam
495 2466 558 2525 scil.
566 2467 694 2524 insulam
708 2475 738 2524 et
750 2467 919 2541 quandam*
933 2467 1117 2542 prouinciam
1126 2467 1156 2524 in
1170 2476 1260 2541 gente

106 2556 346 2616 Occidentalium
368 2555 533 2624 Saxonum,
553 2555 683 2611 donauit
729 2554 841 2628 ltaque,
863 2555 990 2612 multum
1010 2556 1161 2628 gaudente
1180 2573 1259 2629 rege,
1276 2569 1306 2618 ²5

107 2646 225 2720 primos
237 2643 391 2717 prouincie
401 2645 493 2700 duces
506 2660 541 2700 ac
554 2641 662 2700 milites
675 2641 844 2714 baptizauit,
857 2651 887 2699 et
899 2643 1057 2715 presbiteri
1069 2643 1115 2700 sui
1128 2651 1260 2701 ceteram

106 2734 229 2809 plebem
247 2749 336 2790 sacro
360 2731 442 2788 sonte
468 2731 636 2787 abluebant
681 2728 753 2786 Erat
777 2730 859 2788 enim
883 2730 923 2787 ibi
949 2731 1114 2787 monachus
1138 2731 1259 2805 quidam

107 2822 147 2878 de
172 2819 291 2877 natione
317 2819 485 2888 Scotorum,
507 2817 629 2876 nomine
656 2816 789 2886 Diculus,
812 2817 928 2874 habens
953 2817 1168 2875 monasterium
1192 2835 1261 2892 per·

107 2908 259 2966 modicum
271 2907 302 2964 in
313 2907 378 2964 loco
387 2906 439 2980 qui
448 2915 569 2963 vocatur
583 2905 755 2962 Bosenlram
763 2905 783 2976 ⁸,
797 2904 881 2962 siluis
891 2905 1026 2978 marique
1036 2905 1260 2974 circumdatum,

106 3006 138 3055 et
156 2998 187 3052 in
205 3013 242 3053 eo
260 2994 368 3052 fratres
387 2995 518 3068 quinque
536 2993 585 3051 vel
605 3011 661 3050 sex
679 2992 709 3049 in
729 2993 832 3049 humili
855 3001 886 3049 et
907 3009 1040 3065 paupere
1058 2991 1118 3048 vita
1137 2992 1260 3049 domino
1274 3005 1307 3056 ‚³0

106 3084 306 3142 famulantes:
332 3081 431 3139 nullus
452 3090 554 3138 tamen
573 3081 802 3155 prouincialium
819 3089 889 3137 ante
910 3079 966 3138 viri
987 3079 1036 3136 dei
1055 3078 1187 3136 Wilsridi
1206 3082 1260 3136 ad·

107 3179 233 3228 uentum
250 3187 354 3227 eorum
372 3170 420 3227 vel
437 3169 530 3226 vitam
548 3169 674 3225 emulari
688 3169 736 3226 vel
755 3167 989 3242 predicationem
1008 3168 1131 3225 curabat
1148 3167 1259 3224 audire.

108 3245 227 3316 Tribus
251 3257 333 3316 euim
357 3265 426 3315 ante
450 3259 613 3314 aduentum
634 3259 700 3314 eius
723 3255 811 3313 annis
835 3255 937 3329 pluuia
960 3255 1019 3312 illis
1044 3257 1074 3312 in
1098 3255 1172 3312 locis
1197 3273 1259 3312 non

108 3346 315 3416 descenderat,
334 3347 530 3420 quamobrem
552 3344 648 3402 sames
674 3344 794 3418 plebem
825 3343 986 3415 inuaserat,
1011 3361 1045 3400 ac
1069 3343 1162 3418 impia
1185 3361 1260 3402 nece

108 3443 320 3510 prostrauerat.
358 3435 440 3508 Sepe
465 3433 547 3492 enim
571 3433 768 3508 quadraginta
788 3441 838 3490 aut
862 3433 965 3506 plures
989 3431 1089 3489 inedia
1117 3431 1259 3489 macerati
1273 3441 1304 3494 ³⁵

108 3525 147 3581 ad
168 3541 252 3580 mare
277 3525 480 3597 procedebant
504 3531 535 3579 et
560 3521 668 3579 iunctis
692 3521 832 3578 manibus
856 3519 1036 3576 absorbendi
1061 3519 1200 3578 lluctibus
1224 3535 1260 3577 se

108 3611 329 3684 demergebant
364 3611 479 3668 Verum
495 3610 591 3684 primo
604 3609 653 3666 die
666 3627 725 3683 quo
744 3608 836 3665 fidem
848 3623 924 3680 gens
936 3605 986 3663 illa
1004 3607 1145 3679 suscepit,
1158 3606 1260 3680 pluuia

108 3699 229 3772 copiosa
248 3698 411 3770 descendit,
433 3707 462 3755 et
484 3707 566 3755 terra
584 3695 725 3754 refloruit.
773 3694 879 3752 Docuit
903 3704 1003 3752 autem
1027 3711 1089 3764 eos,
1114 3694 1259 3767 piscando

107 3785 218 3843 victum
235 3803 381 3860 querere;
407 3803 477 3842 nam
496 3783 631 3858 piscandi
649 3783 756 3858 peritia
775 3782 858 3856 genti
876 3782 966 3852 nulla,
980 3780 1038 3838 uisi
1055 3781 1093 3838 ad
1112 3781 1258 3854 anguillas

108 3881 233 3942 tantum,
255 3875 360 3932 inerat.
408 3873 535 3930 Retibus
556 3871 645 3945 igitur
670 3869 883 3943 anguillaribus
904 3872 1102 3943 undecunque
1127 3869 1258 3926 collectis
1271 3885 1304 3935 4ο

108 3961 165 4018 ab⁸
175 3961 347 4020 hominibus
359 3961 498 4018 antistitis
510 3960 541 4017 in
555 3977 638 4018 mare
651 3959 760 4016 mersis
768 3958 789 4030 ⁷,
797 3959 985 4016 diuersorum
998 3973 1144 4031 generum
1158 3957 1257 4031 pisces

141 4197 216 4247 ¹our.
281 4193 344 4245 'sc
355 4193 565 4244 westsaxonum.
632 4191 696 4244 ’Ci
711 4191 785 4242 Beda
797 4191 840 4243 lV.
857 4206 894 4254 ¹3·
956 4189 1047 4240 *sen
1060 4189 1257 4240 Meanrarurum

108 4275 147 4324 pr.
165 4265 240 4322 (now
256 4259 356 4326 ileon).
429 4258 532 4310 ’lirum
549 4259 601 4310 this
617 4266 768 4321 monastery
784 4258 835 4308 and
855 4257 950 4319 Selsey
966 4271 1043 4306 arose
1060 4257 1107 4306 the
1126 4255 1256 4321 episcopal

107 4326 305 4378 establisbmeut
316 4325 346 4378 oi
354 4325 516 4378 Cbicbester.
581 4323 591 4354 ⁸
608 4325 698 4376 Eadm,
713 4331 740 4376 et
750 4324 792 4376 ab.
858 4321 867 4351 ²
886 4323 975 4374 Ειάω.
987 4323 1079 4374 missis.
