3044 4894
618 309 748 396 unua
773 305 963 410 trumba
988 306 1140 410 anate.

562 659 587 721 11
606 645 680 716 ¹De
698 674 814 716 saucro
835 645 1006 716 Hernico*
1024 675 1193 716 uranum.

310 821 401 950 EX
413 822 549 895 preclaro
564 821 718 879 Danorum
735 840 848 896 genere
866 821 1018 878 Henricus
1031 822 1177 879 heremita
1195 822 1341 898 originem
1359 825 1451 882 duxit

409 909 462 966 Est
475 910 556 968 enim
569 911 665 968 Coket
677 910 776 968 insula
787 911 916 984 quedam
930 911 960 967 in
978 909 1115 968 orientali
1130 910 1344 968 Northumbrie
1355 914 1450 986 plaga,

303 1013 360 1070 per
371 997 524 1054 sexdecim
538 996 633 1054 stadia
650 996 727 1054 infra
744 1013 906 1054 occeanum
924 997 1029 1070 posita,
1043 1015 1061 1054 a
1078 995 1169 1055 ssuuio
1181 998 1275 1056 Coket
1289 1017 1349 1056 non
1362 1001 1450 1072 longe

304 1085 483 1142 decurrente
497 1102 607 1142 nomen
620 1084 753 1154 trahens,
766 1083 843 1158 que³
857 1101 966 1158 magno
983 1083 1147 1158 antiquitus
1163 1087 1378 1144 monachorum
1392 1089 1450 1145 col·

275 1170 382 1244 5legio
401 1171 540 1245 pollebat.
577 1172 653 1229 Cum
673 1182 772 1228 autem
790 1173 827 1228 ad
845 1189 940 1228 annos
956 1171 1157 1230 adolescentie
1176 1175 1359 1246 perueniens
1378 1175 1450 1232 ami·

303 1277 406 1316 corum
434 1261 541 1318 ductus
570 1259 695 1316 consilio
719 1276 844 1316 uxorem
869 1259 981 1316 ducere
1005 1269 1036 1316 et
1063 1259 1252 1317 matrimonio
1281 1263 1450 1319 consentire

304 1356 477 1404 moueretur
486 1348 506 1415 ⁴,
526 1347 697 1419 nuptiarum
719 1346 896 1404 imminente
915 1347 964 1402 die
986 1347 1148 1420 coniugalis
1169 1349 1276 1422 copula
1293 1367 1311 1405 a
1329 1350 1450 1406 domino

303 1451 358 1507 per
377 1433 475 1491 visum
497 1435 525 1490 ei
544 1433 748 1500 interdicitur;
778 1443 894 1490 castum
916 1433 1198 1508 immaculatumque
1219 1438 1256 1492 ab
1276 1437 1331 1492 hoc
1350 1439 1450 1494 seculo

303 1538 337 1578 se
350 1521 509 1589 custodire,
518 1531 608 1593 atque
621 1522 658 1577 ad
671 1520 801 1577 insulam
814 1521 845 1577 in
858 1521 969 1594 Anglia
987 1521 1109 1579 nomine
1122 1522 1225 1591 Coket,
1239 1524 1383 1580 diuinitus
1396 1525 1449 1582 sibi

259 1627 291 1663 10
304 1618 448 1680 paratam,
469 1610 637 1665 seruiturus
659 1609 716 1664 deo
737 1607 851 1664 cunctis
871 1608 977 1664 diebus
994 1609 1055 1665 vite
1075 1626 1138 1677 sue,
1157 1611 1305 1682 proficisci
1325 1611 1449 1668 iubetur.

304 1693 362 1765 Qui
387 1696 490 1753 statim
509 1695 621 1752 relictis
641 1695 789 1764 omnibus,
810 1696 985 1768 parentibus
1009 1696 1072 1752 suis
1097 1707 1127 1753 et
1148 1696 1259 1768 amicis,
1284 1707 1314 1754 et
1339 1716 1399 1771 que
1422 1700 1449 1755 in

303 1785 417 1840 mundo
442 1783 553 1840 habere
575 1783 741 1852 videbatur,
765 1783 845 1856 apud
870 1782 1094 1855 Tynemutharn
1118 1783 1221 1857 viginti
1244 1785 1412 1844 miliaribus
1435 1804 1450 1842 a

303 1869 418 1944 prefata
429 1871 592 1928 distantem
604 1869 703 1928 insula
719 1869 838 1943 nauigio
854 1871 1018 1942 applicans,
1031 1870 1190 1944 impetrato
1203 1871 1312 1946 prioris
1324 1891 1449 1930 assensu

303 1959 432 2015 insulam
451 1959 541 2026 adiit3
566 1968 596 2016 et
614 1958 752 2016 edificata
770 1975 863 2031 parua
879 1957 1004 2026 edicula,
1021 1957 1052 2013 in
1071 1975 1181 2032 magna
1195 1959 1255 2016 vite
1272 1959 1451 2017 abstinentia

259 2064 288 2114 15
303 2047 360 2103 deo
373 2047 488 2104 seruire
502 2045 590 2119 cepit.
621 2045 782 2119 Aliquibus
795 2044 884 2102 annis
897 2062 951 2119 per
961 2045 1096 2116 singulos
1108 2045 1173 2118 dies
1186 2064 1296 2120 panem
1309 2048 1450 2121 exiguum

303 2143 333 2192 et
346 2151 455 2206 aquam
467 2143 603 2208 gustam,
618 2143 665 2190 ter
677 2134 799 2189 demum
813 2133 843 2188 in
857 2133 1026 2205 septimana
1035 2133 1135 2190 cibum
1149 2134 1293 2208 sumpsit;
1313 2145 1343 2193 et
1356 2137 1450 2194 tribus

303 2239 338 2278 os
358 2222 396 2278 ad
415 2221 598 2294 loquendum
619 2219 773 2278 reserauit.
820 2219 879 2275 Per
897 2229 1024 2293 quatuor
1043 2221 1123 2278 enirn
1142 2232 1212 2279 ante
1231 2221 1344 2279 obitum
1363 2241 1449 2280 suum

303 2325 408 2376 annos,
422 2309 547 2365 ordeum
561 2307 665 2364 molari
678 2305 777 2379 lapide
791 2305 821 2364 in
839 2305 965 2364 farinam
979 2308 1140 2379 redactum,
1153 2326 1232 2383 aqua
1244 2328 1450 2384 conspersum,

302 2395 334 2452 in
352 2413 468 2453 massas
487 2395 630 2451 rotundas
647 2393 796 2464 formauit,
813 2393 877 2451 sole
892 2394 1061 2462 desiceauit,
1074 2405 1104 2452 et
1121 2395 1252 2454 esuriem
1271 2415 1357 2454 suam
1376 2409 1450 2456 tem·

259 2499 410 2555 20perare
430 2481 594 2540 consueuit.
667 2469 750 2540 Cum
773 2481 854 2538 enim
876 2483 1125 2556 peregrinationis
1146 2485 1242 2558 gratia
1268 2483 1450 2543 Dunelnrum

303 2569 508 2644 proficiscens,
521 2570 659 2639 cimbam,
671 2587 730 2642 qua
742 2568 837 2627 Were
851 2569 962 2626 ssumen
976 2571 1104 2629 transire
1117 2581 1229 2644 posset,
1242 2582 1378 2646 paratam
1392 2593 1450 2631 non

302 2657 469 2728 inueniret;
489 2657 556 2714 susa
572 2657 609 2714 ad
622 2657 713 2713 deum
726 2673 824 2730 prece,
838 2657 982 2727 nauicula,
996 2658 1128 2716 resoluto
1141 2677 1200 2732 quo
1218 2659 1364 2733 ligabatur
1377 2661 1450 2719 suni·

303 2745 379 2816 culo,
396 2747 434 2802 ab
452 2745 545 2802 altera
562 2745 628 2819 ripe
646 2753 732 2818 parte
750 2745 788 2801 ad
808 2745 890 2802 littus
909 2745 939 2801 in
956 2763 1016 2818 quo
1032 2748 1165 2817 sedebat,
1182 2748 1342 2821 applicuit;
1361 2767 1450 2823 quam

303 2849 371 2888 cum
392 2831 473 2888 socio
494 2833 625 2906 quodam
645 2832 770 2900 intrans,
788 2832 855 2892 sine
876 2833 989 2906 remige
1010 2834 1168 2891 confestim
1189 2837 1381 2893 transductus
1399 2847 1450 2896 est.

260 2905 474 2992 251nstigante
494 2918 585 2976 totius
609 2919 681 2976 mali
705 2919 869 2988 incentore,
895 2920 1027 2976 maxima
1051 2932 1155 2978 eontra
1179 2939 1248 2979 eum
1274 2940 1328 2980 sue
1353 2925 1451 2983 carnis

303 3005 457 3080 temptatio
470 3008 546 3064 adeo
558 3007 770 3076 inualescebat,
782 3017 814 3064 vt
827 3008 902 3064 mon'
917 3008 1018 3064 mallet
1030 3026 1120 3082 quam
1134 3008 1176 3066 sic
1189 3009 1336 3068 laboriose
1349 3024 1451 3069 contra

302 3094 441 3152 stimulos
459 3095 558 3152 carnis
576 3095 722 3152 reluctari.
761 3095 928 3154 Monachus
945 3097 1070 3170 insuper
1089 3097 1187 3155 insule
1206 3115 1308 3154 curam
1328 3099 1451 3169 habens,

302 3185 395 3240 verba
406 3199 524 3255 aspera,
536 3182 742 3252 contumelias,
754 3192 785 3239 et
802 3184 962 3257 obprobria
977 3185 1108 3257 quotidie
1121 3185 1177 3242 sibi
1191 3185 1301 3245 inferre
1314 3204 1374 3242 non
1390 3207 1452 3245 ces·

302 3271 396 3327 sabat.
435 3270 620 3328 Immensam
641 3279 743 3328 tamen
765 3271 830 3330 eius
852 3272 1059 3341 humilitatem,
1081 3273 1278 3343 sanctitatem,
1303 3291 1337 3330 ac
1362 3276 1451 3334 deuo

257 3385 289 3436 30
302 3359 416 3414 tionem
438 3358 609 3414 continuam
631 3359 754 3415 tandem
775 3358 937 3428 admirans,
959 3361 1087 3433 pedibus
1109 3360 1174 3418 eius
1194 3370 1362 3435 prostratus
1385 3382 1452 3437 pre·

303 3445 387 3502 cibus
404 3462 439 3503 ac
457 3445 619 3518 lachrymis
637 3445 758 3503 veniam
776 3446 953 3519 suppliciter
971 3447 1148 3521 implorauit.
1185 3448 1328 3518 Quicum
1344 3467 1451 3526 magna

303 3533 403 3590 cordis
426 3533 523 3590 leticia
547 3551 616 3590 eum
641 3551 659 3589 a
683 3542 764 3590 terra
789 3534 921 3604 eleuans,
946 3535 1085 3608 quicquid
1110 3535 1140 3591 in
1165 3552 1235 3594 eum
1259 3537 1452 3596 commiserat

303 3621 440 3678 alacriter
449 3620 571 3678 indulsit
583 3639 590 3677 ε
604 3629 634 3677 et
644 3621 728 3693 quasi
737 3621 894 3678 unanimes
902 3621 1009 3687 effecti,
1019 3621 1164 3696 spirituali
1174 3622 1331 3680 dilectione
1340 3635 1451 3684 extunc

304 3707 452 3765 coniuncti
465 3718 543 3765 sunt.
581 3708 665 3765 Inter
677 3708 733 3765 hec
746 3707 828 3764 enim
840 3709 929 3782 legati
946 3727 964 3765 a
980 3710 1154 3784 parentibus
1172 3721 1201 3767 et
1214 3709 1318 3767 amicis
1331 3713 1370 3768 ad
1383 3731 1451 3771 eum

257 3811 288 3863 35
304 3795 389 3853 missi
410 3804 591 3868 rogauerunt
617 3813 686 3852 eum
714 3796 854 3869 quatinus
879 3805 991 3854 terram
1020 3796 1182 3854 natiuitatis
1211 3815 1275 3868 sue,
1299 3812 1451 3871 parentes,

303 3883 424 3949 amicos,
437 3893 468 3940 et
486 3883 614 3957 patriam
632 3882 709 3939 illico
722 3883 844 3940 visitare
861 3884 1042 3956 dignaretur.
1080 3885 1197 3954 Quibus
1213 3885 1263 3941 ille
1281 3886 1453 3946 nullatenus

302 3969 505 4044 acquiescens,
519 3988 574 4044 pro
586 3969 646 4027 vita
662 3979 767 4028 eterna
783 3979 813 4026 et
831 3970 951 4028 Christo
963 3971 1090 4044 patriam
1104 3973 1299 4045 temporalem
1315 3973 1369 4044 [et]
1384 3995 1452 4050 cog-

303 4067 389 4116 natos
402 4075 471 4115 cum
490 4059 602 4114 mundo
617 4057 737 4131 penitus
754 4073 788 4114 se
805 4057 964 4131 reliquisse
981 4060 1144 4117 asserebat.
1190 4059 1236 4116 illi
1252 4068 1353 4117 autem
1373 4064 1452 4122 dice·

335 4229 344 4257 ¹
362 4230 409 4278 Ed.
422 4231 448 4278 in
460 4229 517 4279 Act.
530 4230 579 4282 SS.
592 4228 657 4280 Boll·
671 4231 725 4279 lan.
743 4230 775 4279 11.
791 4245 816 4292 p.
832 4247 887 4291 424.
923 4231 979 4279 The
997 4230 1071 4280 Saint
1088 4233 1111 4280 is
1128 4232 1217 4280 buried
1236 4233 1261 4280 in
1279 4231 1453 4294 Tynemouth,

302 4296 521 4412 ggpepdtgswin.
620 4297 675 4348 ²T.
691 4297 731 4345 De
742 4311 820 4346 seruo
834 4297 877 4345 dei
892 4295 926 4346 H.
939 4305 965 4345 et
978 4298 1004 4348 b.
1103 4297 1262 4349 1οῐιι.ἰιιΤ.
1352 4298 1452 4353 *ἙΕ
