3054 4904
280 271 325 342 82
587 267 718 354 moue
743 261 935 374 totoue
959 264 1113 368 {touta

279 469 338 543 [dei
361 469 466 540 lilius]¹
488 467 652 542 insigniuit,
676 467 774 541 ipsam
798 468 829 526 in
856 467 971 526 honore
996 485 1050 527 sue
1075 469 1179 526 matris
1203 469 1432 542 principaliter¹

277 557 452 614 dedicando.
527 545 701 614 Duodecim
719 556 810 630 igitur
825 557 921 613 sancti
939 557 1064 630 predicti
1083 559 1114 613 in
1128 559 1236 614 eodem
1249 558 1316 614 loco
1327 559 1386 613 deo
1399 569 1430 614 et

278 645 364 702 beate
376 643 483 717 virgini
496 645 605 701 deuota
618 644 798 701 exhibentes
810 644 963 717 obsequia,
980 645 1098 718 vigiliis
1111 644 1228 701 ieiuniis
1245 653 1275 700 et
1288 645 1430 701 orationi-

278 732 334 788 bus
346 742 496 800 vacantes,
509 731 644 789 eiusdem
658 732 783 804 virginis
797 731 844 788 dei
857 732 1009 804 genitricis
1025 731 1136 789 auxilio
1153 732 1184 788 in
1198 732 1430 789 necessitatibus

249 819 341 882 5suis
361 818 610 876 refocillabantur.
648 818 785 889 Quorum
810 829 964 892 comperta
988 821 1049 876 vite
1073 819 1278 888 sanctimonia,
1299 819 1351 876 alii
1371 820 1431 876 duo

278 924 367 978 reges
391 907 459 964 licet
484 908 603 980 pagani,
631 905 745 963 Marius
768 907 911 980 Aruiragi
937 907 1018 980 regis
1037 907 1126 977 filius,
1145 916 1176 964 et
1201 907 1315 963 Coillus
1342 907 1430 963 Marii

278 993 366 1061 lilius,
386 993 544 1066 unicuique
567 1011 672 1050 eorum
694 1011 783 1050 vnam
806 993 907 1050 hidam
927 1003 1008 1051 terre
1027 1004 1241 1052 concesserunt
1260 1012 1295 1050 ac
1317 997 1431 1067 pariter

278 1082 549 1138 confirmauerunt:
580 1081 660 1138 vnde
686 1090 716 1137 et
739 1081 837 1137 adhuc
862 1081 1020 1138 duodecim
1046 1082 1115 1138 hide
1145 1099 1202 1154 per
1230 1099 1284 1138 eos
1317 1099 1429 1138 nomen

278 1170 450 1226 sortiuntur.
488 1169 686 1226 Effluentibus
706 1185 836 1240 namque
855 1170 958 1242 paucis
979 1185 1128 1226 annorum
1149 1169 1313 1238 curriculis,
1334 1170 1430 1226 sancti

233 1273 265 1314 to
279 1257 435 1312 memorati
453 1257 552 1312 carnis
570 1256 721 1328 ergastulo
740 1266 811 1312 sunt
823 1257 930 1325 educti,
943 1258 1022 1314 inter
1033 1274 1110 1329 quos
1123 1267 1152 1314 et
1167 1256 1277 1329 loseph
1291 1259 1431 1329 sepultus

278 1353 333 1412 est,
346 1353 375 1400 et
393 1344 509 1416 positus
528 1343 558 1399 in
578 1345 657 1400 linea
676 1343 821 1400 bifurcata
838 1343 920 1399 iuxta
936 1345 1099 1400 oratorium
1118 1345 1292 1416 predictum.
1342 1345 1430 1418 Cepit

278 1431 367 1503 igitur
385 1431 465 1488 idem
485 1431 569 1487 locus
587 1449 655 1488 esse
674 1431 807 1488 ferarum
826 1431 981 1488 latibulum
999 1431 1049 1504 qui
1067 1431 1151 1505 prius
1171 1433 1266 1488 fuerat
1285 1432 1430 1488 habitatio

278 1528 458 1586 sanctorum,
477 1519 573 1576 donec
599 1518 710 1591 placuit
733 1520 819 1576 beate
838 1519 946 1592 virgini
971 1536 1059 1576 suum
1084 1519 1245 1576 oratorium
1267 1519 1371 1576 redire
1390 1521 1426 1576 ad

278 1605 457 1662 memoriam
470 1606 612 1662 fidelium.
632 1617 637 1631 ’

451 1719 474 1780 tl
490 1719 556 1776 Hec
571 1718 720 1790 scriptura
733 1717 880 1790 reperitur
892 1719 1028 1792 ingestis
1040 1720 1120 1792 regis
1133 1718 1244 1776 Asturi.

233 1831 263 1882 15
285 1817 412 1946 Ioseph
434 1818 472 1872 ab
489 1817 656 1883 armathia,
675 1816 805 1872 nobilem
824 1815 1027 1883 decurionem,
1043 1834 1111 1873 cum
1127 1815 1188 1872 filio
1205 1835 1260 1874 suo
1280 1815 1430 1891 Iosepbes

352 1905 432 1962 dicto
450 1913 479 1960 et
493 1903 559 1960 allis
574 1903 711 1976 pluribus
724 1902 756 1958 in
773 1903 919 1960 Maiorem
937 1902 1131 1972 Britanniam,
1144 1922 1203 1976 que
1220 1922 1300 1960 nunc
1317 1906 1430 1979 Anglia

276 1991 355 2048 dicta
364 2002 419 2060 est,
430 1992 549 2048 venisse
558 2000 588 2048 et
596 1991 706 2048 ibidem
714 1990 805 2047 vitam
813 1990 957 2058 finiuisse‚
967 2000 1092 2048 testatur
1100 1991 1176 2047 liber
1185 1993 1223 2048 de
1233 1992 1328 2065 gestis
1337 1993 1430 2050 incliti

279 2080 359 2154 regis
372 2079 485 2148 Arturi,
499 2080 529 2135 in
546 2079 758 2152 inquisitione⁸
779 2077 915 2150 [scilicet]
931 2079 1085 2136 cuiusdam
1105 2079 1205 2136 militis
1221 2079 1347 2136 illustris
1359 2081 1430 2138 dicti

278 2167 439 2224 ‘Lancelot
453 2169 490 2224 de
504 2167 565 2236 lac,'
574 2167 650 2222 facta
663 2183 719 2238 per
730 2165 828 2222 socios
841 2167 967 2222 rotunde
980 2166 1079 2222 tabule
1087 2166 1233 2235 videlicet,
1240 2168 1291 2223 vbi
1305 2168 1430 2240 quidam

232 2272 265 2308 ao
278 2256 423 2312 heremita
441 2254 565 2328 exponit
585 2253 742 2310 Walwano
760 2253 927 2310 misterium
946 2255 1100 2310 cuiusdam
1120 2253 1218 2324 fontis,
1237 2272 1379 2328 saporem
1400 2269 1431 2314 et

279 2343 410 2400 colorem
424 2344 529 2398 crebro
541 2342 684 2398 mutantis
703 2339 776 2398 etc‘.

299 2451 321 2510 fl
340 2449 405 2505 Hec
420 2447 567 2521 scriptura
581 2447 732 2504 inuenitur
744 2445 774 2502 in
787 2445 863 2503 libro
877 2445 1010 2517 Melkini‚
1024 2446 1073 2520 qui
1086 2446 1140 2504 fuit
1152 2456 1222 2504 ante
1236 2446 1410 2504 Merliuum.

284 2544 405 2672 Insula
427 2541 586 2600 Auallonis
609 2543 699 2598 auida
723 2541 840 2598 funeris
861 2541 938 2614 etet,
964 2542 1045 2598 milia
1069 2542 1279 2600 dormientium
1304 2545 1430 2617 aceepit

354 2631 438 2688 Inter
461 2648 537 2704 quos
563 2629 673 2704 loseph
698 2631 736 2686 de
762 2647 922 2700 marmore,
949 2630 986 2686 ab
1011 2629 1169 2688 Armathia
1193 2630 1322 2698 nominc,
1348 2635 1430 2704 cepit

279 2735 418 2775 somnum
437 2727 625 2792 perpetuum.
663 2717 701 2774 Et
719 2716 794 2773 iacet
813 2717 845 2772 in
863 2717 943 2773 linea
962 2716 1114 2788 bifurcata,
1127 2718 1209 2776 iuxta
1227 2719 1429 2776 meridianum

232 2824 263 2878 ²5
279 2805 420 2878 angulum
438 2805 566 2871 oratorii,
586 2803 717 2861 cratibus
735 2804 903 2876 preparatis
914 2805 946 2874 (l)
960 2821 1052 2876 super
1070 2815 1224 2878 potentem
1242 2807 1430 2864 adorandam

278 2893 432 2966 virginem,
443 2892 602 2967 sperulatis
615 2893 713 2948 locum
727 2891 928 2948 habitantibus
941 2892 1094 2949 tredecim.
1120 2892 1221 2950 Habet
1231 2893 1312 2950 enim
1322 2911 1429 2954 secum

279 2980 389 3054 Ioseph
411 2981 442 3036 in
465 2981 618 3052 sarcofago
640 2981 699 3036 duo
718 2978 830 3035 sessula
849 2979 916 3035 alba
934 2988 964 3036 et
982 2989 1132 3052 argentea,
1151 2998 1257 3037 cruore
1279 2983 1429 3054 prophete

279 3068 370 3126 lhesu
385 3078 415 3126 et
432 3069 542 3124 sudore
559 3067 745 3140 perimpleta.
782 3066 859 3122 Cum
877 3066 1045 3139 reperietur
1058 3067 1124 3124 eius
1141 3069 1338 3142 sarcofagum,
1352 3070 1431 3128 inte-

277 3174 364 3228 grum
374 3156 521 3212 illibatum
534 3155 564 3210 in
577 3154 685 3211 futuris
696 3155 853 3224 videbitur,
864 3163 894 3211 et
907 3155 962 3210 erit
975 3164 1111 3226 apertum
1125 3155 1178 3212 toti
1190 3157 1255 3212 orbi
1267 3167 1428 3214 terrarum.

232 3261 264 3314 30
280 3243 398 3300 Extunc
415 3261 469 3300 nec
486 3259 564 3316 aqua
578 3259 634 3298 nec
647 3259 697 3298 ros
710 3241 766 3297 celi
778 3241 908 3297 insulam
925 3242 1142 3299 nobilissimam
1155 3243 1357 3300 habitantibus
1376 3263 1429 3318 po-

277 3332 346 3388 terit
359 3331 497 3387 deficere.
535 3329 733 3386 Permultum
747 3337 868 3402 tempus
881 3340 950 3386 ante
963 3329 1044 3386 diem
1061 3329 1229 3388 iudicialem
1240 3331 1270 3386 in
1285 3331 1429 3406 losaphat

279 3428 368 3476 erunt
380 3427 483 3491 aperta
496 3418 552 3474 hec
565 3425 595 3473 et
607 3416 778 3472 viuentibus
791 3417 948 3474 declarata.
987 3415 1151 3490 Hucusque
1166 3418 1343 3476 Melkinus⁶.

311 3515 320 3544 ¹
338 3531 388 3564 om.
465 3513 475 3543 ¹
493 3514 527 3563 ll.
540 3514 742 3576 presencialiter,
755 3529 805 3564 om.
820 3514 846 3562 in
858 3514 927 3566 Wm.
1006 3515 1016 3543 ⁸
1034 3515 1063 3565 E.
1077 3516 1263 3578 inquisitiones.
1341 3519 1430 3580 ⁴J0h.

279 3580 318 3630 Gt
332 3580 484 3629 continues:
502 3581 543 3628 ubi
559 3586 586 3628 et
601 3581 760 3629 scribebatur
770 3582 839 3643 quod
852 3581 1001 3629 miraculum
1013 3581 1076 3630 illud
1089 3598 1140 3630 non
1153 3584 1334 3634 terminaretur
1345 3585 1430 3636 donec

278 3646 380 3696 veniret
394 3661 502 3707 magnus
517 3647 559 3694 leo
570 3646 614 3707 qui
630 3652 656 3694 et
672 3646 765 3694 collum
783 3646 883 3707 magnis
899 3647 1008 3695 vinculis
1026 3649 1133 3696 haberet
1151 3650 1324 3698 constrictum.
1363 3651 1430 3700 Item

279 3715 305 3762 in
322 3713 498 3774 sequentibus,
516 3713 543 3759 in
561 3711 728 3772 inquisitione
744 3711 813 3760 vasis
830 3713 948 3774 quodibi
965 3720 1058 3761 vocant
1075 3713 1197 3762 Sanctum
1215 3714 1300 3776 Graal,
1318 3715 1432 3768 refertur

279 3779 333 3828 fere
350 3778 377 3826 in
393 3777 530 3840 principio,
543 3777 586 3826 ubi
597 3777 669 3826 albus
681 3777 755 3826 miles
766 3777 875 3838 exponit
887 3777 979 3827 Galaat
990 3778 1043 3827 lilio
1056 3779 1180 3829 lancelot
1191 3780 1333 3828 misterium
1344 3783 1431 3832 cuius·

279 3847 337 3894 dam
355 3844 478 3892 mirabills
496 3843 562 3892 scuti
578 3844 647 3905 quod
665 3844 748 3892 eidem
765 3843 930 3892 deferendum
948 3845 1083 3904 commisit,
1101 3847 1170 3907 quod
1191 3861 1267 3894 nemo
1286 3847 1353 3894 alius
1372 3851 1432 3898 sine

278 3911 350 3974 graui
368 3909 505 3972 dispendio
522 3925 556 3958 ne
574 3923 625 3957 una
641 3909 744 3971 quidem
761 3909 804 3957 die
821 3915 922 3970 poterat
940 3917 1050 3972 portare.
1116 3911 1201 3970 ⁶J0h.
1215 3912 1272 3960 Gt:
1291 3911 1382 3962 insula
1399 3915 1431 3964 Α

277 3979 353 4027 avida
373 3976 464 4025 funere
484 3990 650 4038 paganorum,
669 3990 714 4036 pre
735 3974 829 4023 ceteris
849 3975 875 4022 in
893 3977 956 4024 orbe
976 3977 1009 4024 ad
1029 3975 1186 4038 sepulturam
1206 3993 1296 4026 eorum
1315 3981 1432 4032 omnium

277 4043 389 4106 sperulis
401 4043 542 4105 prophecie
553 4041 751 4090 vaticinantibus
762 4042 890 4100 decorata,
903 4049 930 4090 et
946 4041 972 4088 in
987 4041 1099 4090 futurum
1113 4051 1204 4091 ornata
1215 4045 1264 4092 erit
1275 4044 1431 4096 altissimum

277 4109 447 4160 laudantibus.
478 4108 615 4157 Abbadare
618 4115 727 4168 ,potens
739 4107 765 4154 in
779 4106 884 4183 Sapbat,
894 4123 1052 4169 paganorum
1065 4108 1246 4168 nobilissimus,
1255 4125 1313 4158 cum
1326 4121 1432 4161 centum

277 4183 386 4237 quatuor
398 4175 498 4224 milibus
510 4175 694 4223 dormicionem
713 4173 747 4220 ibi
762 4173 867 4233 accepit.
903 4173 975 4222 luter
985 4188 1050 4235 quos
1064 4183 1113 4223 etc.
1116 4173 1215 4239 -(The
1226 4190 1298 4224 same
1310 4191 1432 4241 passage,

277 4242 342 4289 with
353 4256 387 4288 an
398 4241 543 4299 addition
536 4256 558 4289 ts
571 4239 668 4288 found'
662 4253 688 4286 tn
702 4238 778 4288 MSS.
790 4237 906 4287 TitusD.
918 4237 976 4287 Vll.
989 4239 1004 4287 f.
1017 4255 1049 4302 29
1061 4240 1113 4289 and
1123 4241 1221 4290 Arund.
1237 4241 1314 4290 aaof.
1328 4259 1388 4306 274,
1401 4244 1430 4294 cf.

279 4307 358 4355 Skeat
376 4307 441 4390 xxi.)
508 4304 593 4366 ⁶Joh.
613 4305 652 4354 Gl.
672 4305 737 4352 adds
755 4319 827 4354 some
849 4319 947 4368 verses,
968 4307 1020 4354 and
1042 4313 1096 4356 two
1119 4307 1285 4376 genealogies
1306 4309 1432 4372 showing

277 4369 397 4421 Artbur's
409 4373 516 4421 descent
525 4371 590 4420 from
601 4371 616 4432 J
620 4371 712 4432 osepb
