3064 4888
285 286 358 376 498
598 285 729 372 mota
755 283 945 388 trumba
971 283 1123 389 amin.
1225 287 1263 362 [1.
1280 299 1428 352 ratur.

326 487 351 548 ll
370 485 458 558 Quod
470 488 615 546 lactentes
628 497 658 546 et
668 489 794 562 pemule
807 487 886 546 inter
896 489 1034 547 undecim
1048 489 1130 546 milia
1141 489 1274 563 viginum
1287 486 1387 545 occise

417 576 515 634 locum
528 577 701 634 habeantet
715 577 864 650 premium
877 594 945 634 cum
959 577 1071 635 sanctis
1083 578 1300 634 innocentibus

320 665 427 738 Pueile
447 682 595 755 siquidem
616 683 742 756 paruule
761 699 820 754 que
839 682 987 740 intereas
1006 683 1135 753 suerunt,
1150 693 1180 742 et
1198 685 1352 746 lactentes,
1371 699 1431 754 que
1514 753 1515 768 ἵ

283 785 351 825 curn
364 768 530 842 virginibus
549 771 662 844 pariter
680 778 751 828 sunt
768 769 908 843 iugulate,
922 771 1030 828 etiam¹
1045 788 1138 844 supra
1155 771 1294 828 undecim
1315 771 1429 826 milium

282 872 440 914 numerum
459 866 655 932 reputantur:
687 857 745 914 iste
759 875 832 914 vero
850 857 918 914 licet
936 858 1015 915 inter
1033 868 1154 916 sanctos
1172 859 1348 916 innocentes
1367 875 1429 914 non

282 955 422 1002 maneant
434 945 484 1018 qui
494 947 553 1004 sub
565 945 727 1003 herodiana
740 945 974 1018 persequutione
994 957 1064 1004 sunt
1082 946 1264 1019 interempti,
1277 945 1429 1018 premium

252 1043 266 1094 t
280 1042 381 1090 tamen
396 1034 564 1092 innocentie
576 1051 610 1090 ac
623 1033 814 1090 beatitudinis
823 1042 928 1090 eterne
937 1050 1006 1090 cum
1019 1032 1274 1091 illis¹sortiuntun
1302 1034 1431 1091 Adhuc⁸

280 1137 354 1180 sane
367 1123 545 1196 quibusdam
559 1139 619 1178 non
633 1121 782 1178 modicum
795 1120 995 1192 ambiguitatis
1009 1121 1198 1195 scrupulum¹
1211 1129 1336 1194 generat
1348 1123 1429 1194 quod

280 1219 362 1266 tanta
387 1211 544 1266 multitudo
567 1207 708 1266 undecim
733 1207 847 1265 milium
871 1208 1021 1281 virginum
1043 1209 1166 1278 dicatur,
1189 1218 1220 1266 et
1244 1225 1303 1264 non
1330 1209 1430 1281 aliqua

279 1313 381 1353 earum
402 1298 507 1354 saltem
525 1297 554 1353 in
575 1297 665 1352 domo
684 1297 778 1370 petris
800 1297 846 1352 sui
863 1297 921 1352 sub
942 1295 1043 1352 habitu
1065 1296 1104 1352 sit
1121 1295 1258 1368 virginali
1278 1309 1429 1370 corrupta,

281 1383 360 1440 Dum
376 1384 498 1457 [itaque]
513 1383 561 1442 die
574 1385 702 1457 quadam
717 1382 823 1439 harum
837 1383 971 1440 notarius
985 1393 1068 1440 stans
1081 1401 1174 1457 super
1187 1383 1243 1439 hiis
1259 1392 1362 1440 mente
1380 1403 1429 1441 re-

236 1483 267 1520 ιο
279 1471 422 1542 uolueret,
433 1490 503 1529 ecce
520 1471 625 1528 celitus
633 1470 801 1544 cogitationi
816 1469 881 1528 eius
893 1472 1108 1544 respondetur:
1126 1471 1207 1545 ‘quia
1217 1488 1277 1528 non
1288 1480 1335 1528 est
1347 1472 1389 1528 ita
1398 1481 1429 1528 vt

278 1569 309 1616 tu
328 1569 433 1633 putas;
456 1577 526 1616 nem
544 1559 662 1631 integer
678 1574 822 1615 numerus
838 1559 978 1615 vndecim
996 1557 1111 1615 milium
1124 1559 1163 1615 ibi
1182 1568 1245 1615 erat
1257 1559 1430 1632 virginum)

278 1647 334 1704 Cui
358 1656 389 1704 et
410 1647 467 1704 alia
490 1647 574 1720 virgo
598 1645 722 1702 illustris
741 1647 780 1702 de
801 1645 918 1702 illarum
939 1663 1065 1703 numero
1088 1645 1269 1720 interrogata
1290 1647 1427 1704 dicebat:

278 1734 391 1792 ‘Erant
405 1735 435 1792 in
448 1744 528 1792 terra
541 1734 657 1791 illarum
671 1732 798 1802 natiua¹,
811 1741 844 1790 vt
856 1742 887 1790 tu
905 1732 1068 1801 existimas,
1081 1734 1112 1790 in
1130 1736 1317 1807 quarundam
1335 1737 1428 1791 domo

278 1831 404 1896 paterna
421 1831 484 1880 tres
500 1832 550 1879 aut
569 1830 695 1894 quatuor
711 1819 876 1892 iuuencuie‚
896 1838 1022 1893 quarum
1042 1821 1139 1894 aliqua
1157 1839 1196 1878 ex
1213 1821 1271 1878 hiis
1288 1821 1343 1878 fuit
1360 1839 1428 1880 cor-

234 1926 263 1977 15
279 1919 374 1984 rupta,
393 1920 422 1968 et
442 1912 523 1966 nudo
542 1909 637 1983 capite
662 1925 697 1965 ac
719 1907 854 1980 virginali
873 1909 975 1966 habitu
994 1909 1138 1966 incedens
1158 1909 1365 1966 dissimulabat
1393 1927 1427 1968 se

277 1997 370 2055 fuisse
391 2007 579 2072 corruptum
605 1997 660 2053 sed
679 2013 746 2053 cum
766 1997 804 2052 ad
824 1996 852 2053 id
866 2007 989 2054 ventum
1008 1996 1114 2054 suisset
1132 2006 1164 2054 vt
1181 1996 1314 2069 virgines
1333 1997 1428 2071 elige·

277 2094 389 2155 rentur,
403 2095 476 2142 nutu
489 2085 590 2141 diuino
603 2093 702 2140 sctum
715 2092 762 2140 est
780 2084 943 2157 celestique
961 2084 1150 2157 prouidentia
1167 2093 1295 2157 gestum,
1307 2094 1341 2140 vt
1352 2104 1427 2143 vere

276 2173 409 2246 virgines
426 2173 608 2244 eligerentur
625 2172 682 2228 ad‘
700 2172 819 2228 beatam
837 2171 980 2228 Vrsulam
999 2171 1151 2242 mittende‚
1170 2181 1199 2228 et
1218 2171 1428 2244 deuirginate⁸

275 2277 309 2316 ac
323 2269 461 2333 corrupte
474 2259 505 2316 in
518 2261 607 2317 domo
624 2267 750 2332 paterna
768 2258 1017 2333 relinquerentur.
1054 2259 1142 2317 Vnde
1153 2259 1258 2316 accidit
1269 2271 1301 2316 vt
1315 2260 1426 2332 plenus

231 2363 263 2400 ao
275 2347 414 2404 undecim
428 2347 541 2403 milium
557 2363 710 2404 sacrarum
723 2345 873 2419 virginum
892 2363 1036 2404 numerus
1055 2357 1144 2420 atque
1163 2347 1280 2419 integer
1297 2346 1376 2405 foret
1395 2359 1426 2407 et

274 2434 442 2507 perfectus.⁸
480 2437 558 2490 Ecce
572 2443 714 2506 quantum
729 2443 758 2490 et
771 2433 858 2507 quale
871 2434 1057 2503 miraculum,
1070 2453 1104 2492 ac
1118 2435 1191 2492 satis
1207 2452 1299 2507 super
1317 2453 1424 2494 earum

274 2521 419 2578 electione
438 2519 666 2590 ammirandum,
680 2522 759 2594 quod
778 2520 847 2592 si[c]
862 2531 963 2578 tantus
974 2521 1123 2594 virginum
1142 2539 1287 2579 numerus
1305 2524 1425 2598 absque

273 2617 479 2681 corruptarum
493 2607 717 2666 intermixtione
730 2608 798 2682 eligi
812 2609 906 2682 potuit
918 2609 969 2667 et⁶
981 2609 1121 2667 discerni.

302 2764 327 2826 il
346 2761 433 2834 Quod
447 2763 569 2820 robusta
585 2765 665 2821 inter
676 2773 845 2822 ceterarum
857 2763 1007 2838 virginum
1021 2781 1146 2838 corpora
1157 2763 1352 2822 inueniuntur
1362 2777 1395 2826 et

607 2854 744 2909 membra
757 2862 786 2910 et
799 2853 896 2926 capita
907 2863 937 2910 et
949 2869 1083 2926 corpora

306 2945 429 3015 Accidit
442 2973 515 3029 sepe
527 2965 558 3012 vt
571 2973 679 3029 magna
696 2973 821 3029 corpora
839 2955 919 3012 inter
933 2957 1056 3013 easdem
1075 2955 1266 3013 inueniantur
1277 2957 1423 3032 virgines,

227 3059 257 3110 25
272 3054 301 3102 et
319 3045 448 3102 robusta
486 3043 620 3114 Quorum
640 3044 768 3116 quedam
785 3045 987 3118 predictorum
1006 3043 1058 3117 qui
1076 3061 1145 3100 cum
1163 3043 1222 3100 illis
1240 3045 1359 3117 pariter
1376 3047 1422 3104 in-

270 3131 485 3189 terimebantur
516 3141 586 3188 sunt
617 3131 757 3198 virorum,
788 3131 918 3204 quedam
943 3131 1033 3187 etiam
1064 3139 1267 3188 matronarum
1292 3151 1421 3205 quatum

270 3219 363 3274 multe
383 3236 450 3275 cum
471 3218 515 3275 eis
533 3217 762 3274 occidebanturl
780 3219 979 3276 martirizate:
998 3220 1127 3291 quedam
1139 3235 1212 3274 vero
1230 3222 1422 3291 quarundam

269 3306 418 3378 virginum
435 3306 550 3361 illarum
565 3323 725 3362 sacrarum.
754 3305 888 3363 Porrovt
900 3307 1028 3378 quedam
1038 3305 1122 3379 virgo
1135 3322 1220 3362 sacra
1232 3308 1272 3363 de
1285 3307 1421 3380 ipsarum

269 3409 395 3449 numero
408 3409 549 3448 asserens
567 3410 666 3465 nuper
680 3395 884 3462 attestabatur,
898 3394 987 3466 quial
1000 3392 1121 3450 suerunt
1132 3393 1211 3450 inter
1223 3411 1276 3450 eas
1289 3397 1421 3468 quedam

224 3498 256 3550 30
268 3479 419 3552 virgines·
438 3480 539 3536 adulte
558 3481 705 3554 etatisque
726 3490 879 3554 prouecte‚
900 3499 958 3554 que
980 3480 1101 3537 domino
1122 3481 1312 3554 glorioseque
1333 3485 1422 3540 matri

268 3567 333 3625 eius
352 3568 552 3640 virginitatem
575 3586 661 3624 suam
682 3571 867 3626 deuouerant
890 3587 924 3626 se
944 3587 1041 3642 vsque
1066 3570 1103 3624 ad
1124 3579 1252 3625 mortem
1275 3569 1421 3628 illibatam

268 3673 399 3714 semare.
438 3655 529 3712 Erant
543 3666 681 3728 preterea
696 3657 774 3714 inter
790 3674 843 3714 eas
861 3658 990 3729 quedam
1010 3656 1083 3714 satis
1101 3655 1233 3729 perfecte
1252 3657 1340 3714 etatis
1359 3675 1421 3731 que

266 3744 339 3802 viris
360 3746 523 3801 extiterunt
543 3745 734 3815 desponsate,
753 3762 880 3818 quarum
900 3744 1006 3818 sponsi
1026 3744 1141 3801 bellicis
1159 3744 1266 3801 intenti
1289 3747 1420 3819 negotiis

267 3841 296 3890 et
310 3841 403 3889 morte
420 3831 567 3904 preuenti,
582 3832 646 3888 siue
659 3832 779 3904 quidam
799 3832 888 3890 etiam
907 3833 1093 3906 interempti,
1111 3849 1239 3904 sponsas
1257 3849 1330 3889 suas
1349 3835 1420 3890 reli·

221 3942 253 3991 35
267 3928 396 3994 querunt
414 3920 560 3976 intactas:
578 3919 618 3975 ita
638 3919 718 3976 enim
738 3919 788 3976 dei
805 3919 1002 3994 prouidentia,
1015 3919 1066 3992 qui
1085 3919 1168 3976 solus
1186 3919 1270 3976 nouit
1288 3920 1360 3993 quid
1380 3923 1420 3979 de

266 4007 326 4065 illis
343 4007 398 4064 sibi
416 4007 491 4064 foret
506 4009 665 4081 agendum,
678 4007 782 4080 nuptie
799 4006 918 4064 iliarum
936 4017 1008 4066 sunt
1026 4007 1116 4064 dilate
1134 4006 1341 4079 plurimarum.
1380 4008 1420 4066 Et

297 4215 454 4267 ¹om.inB.
531 4215 589 4266 ¹B.
604 4217 643 4267 iis.
718 4217 776 4270 ³13.
789 4219 887 4268 Adbec.
964 4216 1070 4269 ‘E.vt.
1146 4216 1369 4268 ‘etdenomin
1384 4219 1415 4269 B.

263 4281 381 4408 :lulidppm
467 4280 525 4331 ἵΒ.
538 4285 686 4335 extiterunt.
792 4284 848 4334 ΙΒ.
860 4284 929 4347 quod
941 4283 1043 4334 luerint.
1149 4281 1209 4334 ⁹3.
1221 4283 1290 4334 inter
1301 4284 1418 4348 virgines
