3048 4884
285 302 359 378 ³70
600 273 1123 380 fluctuamus&

283 479 363 548 sinit,
381 479 436 538 scd
454 478 581 553 precipit
598 478 707 538 diutinis
725 478 856 536 seruitiis
875 487 906 534 et
924 475 1110 549 prouidentie
1134 473 1319 548 pauperum¹
1339 473 1438 530 eccle-

284 568 412 626 siasticis
430 569 601 626 utilitatibus
619 567 774 641 occupari’
845 555 942 624 Anno
962 575 1063 622 autem
1081 563 1193 622 domini
1211 562 1439 619 sexcentesimo

285 657 480 730 nonagesimo
505 657 692 726 Theodorus,
711 655 861 728 octoginta
884 665 952 710 octo
975 669 1122 710 annonam
1147 653 1289 720 existens,
1313 669 1356 707 ex
1382 651 1440 707 hac

285 745 351 802 luce
376 744 515 818 migrauit
538 747 577 802 ad
596 743 760 814 dominum,
781 743 987 800 tertiodecImo
1008 742 1152 798 kalendas
1173 739 1319 808 octobris;
1344 757 1440 812 quern

256 839 271 890 t
285 850 319 890 se
332 851 489 890 numerum
502 849 649 889 annorum
662 833 754 888 luisse
764 830 943 900 habiturum,
956 831 1023 902 ipse
1036 829 1095 886 iam
1108 830 1221 886 dudum
1234 826 1335 884 diuina
1348 844 1440 884 reue·

285 921 397 978 latione
414 923 538 978 edoctus
556 921 620 978 suis
638 921 793 994 predicere
811 919 943 976 solebat:
965 927 995 975 et
1013 917 1087 974 vixit
1105 917 1136 972 in
1154 917 1329 990 episcopatu
1347 915 1440 970 annis

284 1003 389 1078 viginti
401 1006 526 1062 duobus
563 1004 692 1060 Tantum
705 1003 787 1062 enim
800 1002 951 1076 proiectus
963 1001 1104 1076 spiritalis
1116 1009 1253 1073 tempore
1264 999 1440 1073 presidams

283 1091 363 1150 ilbus
376 1093 427 1148 An
448 1093 543 1148 lorum
557 1091 694 1161 ecclesie,
703 1100 847 1164 quantum
861 1107 1013 1163 nunquam
1026 1099 1114 1146 antea
1125 1097 1261 1162 potuere,
1272 1097 1439 1144 consecute

284 1189 363 1238 sunt.
427 1111 508 1238 I³ost
520 1181 682 1237 multorum
694 1195 840 1236 annorum
853 1178 1001 1235 curricula
1012 1177 1155 1234 translato
1166 1179 1232 1232 eius
1244 1175 1440 1233 sanctissImo

241 1281 272 1318 ¹0
284 1285 409 1340 corpore
421 1278 451 1325 et
463 1277 562 1324 amoto
575 1269 678 1326 tumbe
697 1267 763 1324 eius
779 1267 929 1340 operculo,
942 1283 996 1322 sua
1012 1265 1151 1322 omnibus
1166 1264 1277 1321 affatim
1290 1265 1439 1321 satisfecit

284 1356 470 1427 thurificatio,
486 1355 526 1412 ita
543 1365 575 1414 vt
591 1356 622 1412 in
641 1357 802 1413 claustrum
821 1353 945 1411 fratrum
964 1353 1053 1410 etiam
1072 1354 1128 1410 hee
1146 1362 1321 1425 erumperet
1337 1353 1440 1408 oblec-

285 1443 365 1500 tatio.
403 1443 447 1500 Ita
464 1443 546 1501 enim
565 1443 641 1502 cinis
658 1443 793 1516 corporis
814 1443 860 1500 sui
879 1460 919 1500 ex
939 1449 1018 1498 tactu
1037 1441 1197 1515 potentiori
1214 1441 1362 1497 vernabat
1380 1439 1439 1496 fra·

285 1531 408 1604 gratatis,
422 1541 454 1589 vt
466 1531 602 1590 redolere
615 1532 712 1589 solent
724 1539 863 1588 aromata.

756 1733 781 1794 tl
800 1730 964 1790 Narrabo'.

324 1840 454 1913 Colonie
471 1853 525 1910 fuit
536 1855 658 1928 quidam
674 1853 836 1928 episcopus
854 1855 952 1912 clanis
965 1855 1109 1928 reIIgione
1123 1857 1177 1912 sed
1190 1854 1287 1928 turpis
1300 1871 1438 1927 corpore,

243 1955 273 2007 ¹5
286 1941 337 2016 qui
358 1944 401 2013 (vt
421 1943 461 2000 ait
480 1941 666 2014 Vincentius)
687 1944 743 2000 hoc
768 1944 857 2000 modo
879 1943 974 2000 sactus
992 1953 1040 2001 est
1063 1943 1232 2016 episcopus
1270 1943 1440 2016 Imperator

285 2040 427 2088 venatum
446 2047 586 2104 pergens,
604 2030 693 2088 sociis
715 2031 771 2088 hac
790 2030 915 2104 illacque
934 2030 1087 2104 dispersis,
1105 2032 1144 2087 ad
1168 2031 1266 2087 locum
1283 2031 1438 2102 quendam

286 2119 408 2175 deuenit
429 2119 460 2174 in
481 2136 541 2192 quo
560 2119 710 2192 presbiter
730 2117 851 2192 quidam
872 2118 1007 2190 agrestis,
1029 2118 1172 2175 deformis
1191 2118 1278 2174 valde
1300 2127 1332 2174 et
1351 2116 1438 2190 quasi

286 2213 457 2278 portentum
471 2215 584 2276 nature,
597 2205 755 2264 ecclesiam
768 2205 905 2262 habebat.
943 2206 1110 2279 Imperator
1122 2223 1156 2262 se
1168 2205 1293 2262 militem
1307 2205 1437 2277 fingens,

288 2293 464 2366 suppliciter
488 2294 612 2350 missam
637 2303 740 2368 rogat:
769 2303 799 2350 et
824 2294 874 2350 ille
895 2293 1054 2351 confestim
1079 2301 1233 2366 separat.
1270 2293 1440 2365 Imperator

244 2397 276 2433 ao
287 2379 407 2437 interim
426 2380 575 2454 cogitabat
591 2399 683 2454 quare
702 2382 787 2451 deus,
806 2399 824 2438 a
842 2399 901 2454 quo
919 2390 1025 2438 cuncta
1040 2381 1171 2438 formosa
1187 2382 1364 2454 procedunt,
1377 2391 1436 2436 tam

287 2467 455 2525 deformem
472 2469 624 2527 hominem
643 2469 792 2527 conficere
811 2479 1000 2526 sacramenta
1015 2486 1071 2526 sua
1087 2469 1207 2526 sineret.
1242 2468 1377 2524 Ventum
1396 2478 1440 2523 est

287 2557 325 2612 ad
337 2555 420 2612 illum
433 2575 555 2615 versum
573 2565 703 2614 tractus:
723 2557 862 2616 ‘scitote'
875 2557 1016 2630 quoniam
1031 2557 1170 2613 dominus
1185 2556 1251 2630 ipse
1268 2565 1315 2612 est
1328 2557 1438 2614 deus':

287 2644 318 2699 in
339 2645 447 2716 quibus
467 2645 569 2702 verbis
590 2663 659 2702 cum
682 2645 868 2704 discordaret
889 2662 966 2718 puer
987 2645 1155 2717 presbiteri,
1176 2645 1318 2702 sacerdos
1340 2642 1438 2702 conci·

287 2731 384 2788 tatiori
396 2749 470 2788 voce
489 2733 645 2806 respondit
659 2733 746 2805 quasi
765 2733 937 2806 imperatori
955 2732 1114 2805 cogitanti:
1135 2732 1226 2806 ‘Ipse
1244 2731 1314 2788 lecit
1332 2750 1398 2802 nos,
1411 2740 1439 2787 et

244 2835 274 2884 25
290 2838 350 2876 non
370 2819 429 2892 Ipsi
453 2823 525 2876 nos’
575 2822 642 2891 Quo
663 2822 742 2878 dicto
763 2839 959 2894 repercussus
983 2821 1154 2894 imperator,
1174 2829 1204 2878 et
1229 2821 1438 2894 propheticum

288 2908 386 2965 virum
401 2908 554 2978 estimans,
567 2909 693 2968 inuitum
706 2909 775 2966 fecit
788 2926 857 2967 eum
873 2911 1057 2983 episcopum.
1131 2895 1238 2965 Huius
1254 2909 1311 2966 boc
1329 2908 1438 2966 sactum

290 2997 362 3054 suit:
388 2996 518 3068 Quidam
540 2997 626 3054 diues
650 2997 907 3054 sanctimonialem
926 2998 1080 3054 abducens
1098 2997 1162 3054 loco
1184 2996 1318 3070 coniugis
1337 2997 1439 3054 habuit

290 3094 320 3142 et
338 3087 376 3142 ab
394 3084 536 3158 episcopo
555 3085 839 3142 excommunicatur.
875 3084 1023 3142 Veniente
1043 3095 1142 3142 autem
1161 3085 1305 3158 episcopo
1321 3087 1359 3142 ad
1377 3085 1439 3142 exi·

289 3181 353 3229 tum
381 3173 451 3242 vite,
477 3181 618 3245 rogarunt
644 3189 714 3230 eum
739 3173 824 3230 multi
854 3190 910 3246 pro
938 3175 1205 3231 excommunicato.
1242 3173 1360 3242 Quibus
1391 3174 1439 3230 ille

243 3275 277 3324 30
291 3261 465 3333 respondit:
486 3260 536 3317 ‘Si
556 3262 649 3316 miser
659 3260 709 3316 ille
723 3261 880 3318 mullerem
893 3262 1069 3332 deseruerit,
1082 3262 1120 3318 sit
1136 3261 1308 3332 absolutus;
1327 3261 1375 3317 sin
1389 3280 1440 3318 au-

291 3358 362 3418 tem,
375 3350 430 3405 hac
447 3350 554 3406 eadem
572 3349 622 3407 die
638 3357 669 3405 et
681 3350 755 3405 hora
767 3367 825 3422 qua
838 3367 895 3422 ego
908 3350 1061 3419 decedam,
1073 3367 1153 3406 anno
1166 3349 1302 3406 reuoluto
1315 3349 1353 3406 sit
1370 3360 1439 3406 ante

290 3437 445 3493 dominum
465 3439 609 3494 rabonem
632 3438 761 3493 reddere
786 3446 915 3509 paratus.
951 3437 1100 3494 Videbitis
1121 3446 1221 3494 autem
1247 3455 1297 3495 me
1321 3441 1441 3510 quando

290 3525 410 3597 signum
431 3526 604 3582 adsertam
624 3523 790 3582 insonuerit
811 3525 949 3598 spititum
973 3527 1093 3582 efflare!
1131 3525 1169 3581 Et
1189 3525 1298 3582 sactum
1318 3535 1366 3582 est
1392 3527 1440 3584 ita.

290 3612 381 3667 Anno
399 3612 479 3670 enim
498 3621 643 3684 sequente
662 3612 768 3670 eodem
784 3613 832 3668 die
851 3623 882 3668 et
899 3614 1006 3670 eadem
1025 3614 1098 3669 hora
1115 3631 1174 3686 qua
1192 3613 1375 3687 predixerat,
1390 3633 1440 3672 ex·

246 3715 276 3768 35
290 3700 525 3757 communicatus
537 3699 587 3756 ille
600 3717 668 3757 cum
681 3700 777 3758 amica
790 3718 844 3758 sua
858 3701 1045 3758 exanimatus
1057 3700 1130 3758 esth

324 3865 381 3916 1Ε.
393 3873 420 3916 et
431 3865 492 3915 eccl.
594 3863 661 3913 'Ex
671 3865 745 3915 Vinc.
761 3865 824 3918 Bell.
837 3865 921 3918 XXV.
938 3883 975 3917 ra.
1074 3865 1216 3916 ’E.scito.

323 3931 411 3982 *Ant
423 3939 450 3981 et
461 3930 561 3980 Collect
573 3933 599 3980 ln
610 3931 657 3982 T.:

327 3995 415 4060 Ortus
430 4010 531 4058 Tharso
547 4010 637 4059 Cilicie
652 4009 805 4060 'l'heodorus
820 4011 967 4070 onomathe,
981 4009 1112 4072 pauliacus
1126 4025 1201 4059 sacro
1216 4011 1345 4074 dogmate,
1361 4011 1442 4061 Rome

292 4077 421 4140 gaudebat
436 4078 525 4125 uiuere
542 4077 589 4125 sub
607 4075 677 4125 Petri
693 4077 882 4134 moderamina
903 4077 975 4126 IIinc
988 4077 1097 4127 antistes
1112 4077 1223 4127 ecclesie
1239 4085 1388 4141 assumptus
1406 4086 1443 4128 est

294 4141 437 4192 Britannie.
470 4141 500 4190 V.
519 4141 585 4190 Ecce
596 4143 725 4191 sacerdos.

329 4209 408 4271 Deus
419 4219 462 4282 qui
473 4219 609 4269 ecclesiam
624 4227 693 4268 tuam
708 4219 857 4282 apostolicis
868 4218 972 4268 uoluisti
984 4227 1103 4269 constare
1114 4219 1244 4280 doctrinis,
1257 4221 1372 4269 concede
1387 4237 1441 4284 pro

294 4285 376 4348 picius
393 4293 421 4334 ut
438 4287 623 4335 intercessione
640 4285 708 4334 beati
725 4285 856 4334 Theodori
872 4286 1029 4334 confessoris
1047 4287 1083 4334 tui
1100 4293 1178 4347 atque
1194 4285 1336 4350 pontilicis,
1350 4293 1378 4336 et
1395 4289 1441 4338 uir·

293 4357 375 4400 tutum
387 4365 492 4414 semper
501 4352 619 4414 proficiat
630 4352 804 4417 incrementis,
818 4359 844 4401 et
855 4353 1021 4414 sempiternis
1031 4351 1149 4403 Ioueatur
1159 4351 1269 4414 auxiliis,
1282 4367 1338 4416 per.
