3064 4888
101 301 123 336 1.
140 287 247 338 rexttn
260 275 303 350 a]
442 270 517 365 De
541 269 707 360 &undu
733 269 905 362 litatio.
1174 299 1248 368 499

100 469 157 527 bec
177 479 225 528 est
244 470 412 529 certissima
435 489 525 528 causa
548 473 737 529 robustorum
763 489 923 546 corporum
947 490 1006 546 que
1030 473 1144 547 passim
1170 473 1249 530 inter

101 566 216 616 ceteras
228 559 360 633 virgines
374 559 502 617 tenellas
513 559 718 618 inueniuntur.

126 713 148 775 il
171 713 259 784 Quod
271 713 367 772 tribus
379 723 426 772 est
438 714 603 772 reuelatum
616 724 688 788 quot
700 714 756 772 viri
769 725 799 772 et
811 714 841 772 in
855 715 970 774 illarum
983 727 1070 775 erant
1082 717 1223 774 comitatu

527 812 558 860 et
573 821 641 861 cum
657 803 715 860 illis
728 803 826 861 occisi.

139 892 346 963 Personarum
359 906 530 964 sublimium
548 918 637 981 atque
649 908 801 966 virorum¹
814 908 865 982 qui
882 907 912 965 in
929 911 1094 967 earundem
1112 909 1251 968 beatissi-

103 1009 219 1050 marum
233 993 352 1052 suerunt
364 994 513 1068 virginum
527 995 667 1053 societate
680 995 861 1070 interempti,
875 1014 1019 1055 numerus
1035 1007 1099 1055 erat
1118 999 1252 1072 aliquan·

103 1080 197 1137 tulum
212 1082 382 1155 plusquam
396 1083 600 1140 ducentorum.
637 1083 688 1140 Sic
706 1083 788 1140 enim
802 1085 918 1142 duobus
932 1094 1048 1144 constat
1063 1086 1168 1143 celitus
1182 1104 1252 1144 esse
1265 1105 1281 1159 5

103 1168 278 1226 reuelatum.
316 1169 449 1227 Fuerunt
474 1171 563 1228 etiam
587 1171 666 1228 inter
690 1171 762 1229 eas'
783 1183 920 1231 matrone
951 1192 1009 1247 que
1040 1176 1078 1231 de
1102 1174 1253 1247 virginum

104 1253 221 1314 illarum
232 1275 292 1314 non
304 1267 388 1315 erant
399 1276 532 1328 numero,
541 1259 700 1332 plusquam
710 1261 849 1317 ducente.
872 1260 956 1317 Licet
970 1260 1094 1319 enimin
1109 1261 1253 1320 Passione

104 1343 221 1402 illarum
240 1346 381 1418 antiqua⁸
399 1347 479 1403 nulla
497 1346 628 1403 virorum
647 1348 698 1419 qui
717 1365 785 1406 cum
805 1347 868 1404 eis¹
886 1359 972 1405 erant
993 1349 1045 1406 fiat
1067 1350 1180 1406 mentio
1199 1366 1254 1422 pre

104 1433 320 1490 numerositate
332 1433 481 1506 virginum
495 1443 525 1490 et
538 1434 736 1506 multitudine,
749 1445 850 1493 tamen
870 1437 997 1510 quisque
1008 1437 1019 1468 ³
1031 1438 1187 1494 hominum
1203 1436 1254 1510 qui

105 1537 179 1577 sane
198 1520 285 1578 suerit
305 1522 424 1592 mentis,
437 1521 575 1579 facillime
588 1521 760 1594 intelligens
779 1525 925 1594 aduertet,
938 1523 1005 1581 illas
1023 1525 1165 1591 virorum,
1178 1524 1255 1582 sicut
1270 1546 1302 1582 to

105 1608 338 1682 supradiximus,
351 1627 411 1666 non
424 1611 536 1683 posse⁶
549 1626 652 1666 carere
665 1610 809 1683 obsequio
823 1622 852 1668 et
869 1610 1045 1681 ministerio,
1058 1622 1118 1669 tam
1134 1612 1255 1685 nauigio

105 1713 195 1769 quam
209 1697 342 1770 pedestri
361 1697 468 1754 itinere
488 1697 616 1754 Romam
633 1699 802 1755 tendentes
841 1698 864 1755 F
866 1699 1000 1756 uniculus
1015 1701 1057 1770 (vt
1069 1699 1189 1772 quidam
1203 1699 1255 1770 ait)

105 1784 217 1857 triplex
230 1784 350 1842 difficile
363 1786 517 1859 rumpitur.
536 1785 646 1842 Tribus
659 1801 733 1842 sane
746 1786 851 1844 celitus
861 1787 1026 1843 reuelatum
1036 1788 1170 1860 estquod
1179 1787 1256 1843 viro·

106 1889 174 1928 rum
185 1872 305 1944 quidam
315 1872 345 1928 in
354 1890 457 1930 earum
465 1872 597 1930 fuerant⁷
606 1872 756 1941 comitatu,
767 1882 796 1930 et
805 1882 1022 1950 matronarum:
1036 1873 1120 1930 fratri
1130 1873 1257 1943 cuidam,

106 1970 197 2035 atque
218 1961 383 2034 virginibus
405 1961 526 2018 duabus.
573 1960 680 2017 Felicis
704 1959 848 2017 memorie
872 1960 958 2034 virgo
983 1960 1137 2018 Elizabetb
1156 1961 1258 2018 scribit
1273 1983 1302 2034 ¹⁵

107 2048 258 2106 ciriacum
276 2065 385 2122 papam
406 2065 474 2104 cum
492 2048 636 2105 cardinali
647 2046 806 2104 Vincentio
824 2047 940 2104 illarum
954 2047 1124 2106 interfuisse
1139 2049 1215 2105 cetui
1228 2057 1258 2106 et

108 2135 252 2193 societati.
280 2135 317 2192 Et
328 2152 385 2192 nos
396 2134 555 2192 scribimus
566 2136 696 2192 eundem
707 2134 843 2209 [papam]
855 2153 923 2192 cum
933 2136 1050 2193 duobus
1060 2136 1259 2193 cardinalibus

109 2223 217 2280 Pontio
235 2231 265 2280 et
278 2223 375 2292 Petro,
388 2231 476 2296 atque
494 2240 562 2279 cum
581 2222 715 2296 pluribus
733 2221 873 2295 personis
891 2223 989 2280 adbuc
1002 2222 1053 2296 qui
1065 2240 1135 2280 eum
1149 2241 1256 2297 seque·

108 2311 226 2379 bantur,
234 2309 413 2368 interfuisse.
432 2309 765 2383 Binominis⁸siquidem
774 2319 919 2367 eratvnus
927 2310 1044 2366 illorum
1053 2311 1258 2369 cardinalium:

110 2415 180 2456 nam
207 2399 314 2456 Petrus
335 2397 510 2456 Vincentius
534 2398 748 2471 appellabatur.
786 2397 850 2455 Nec
874 2399 930 2455 hoc
954 2399 1112 2472 quicquam
1137 2401 1260 2472 derogat
1275 2426 1307 2463 20

109 2486 228 2544 veritati
240 2487 319 2560 quod
332 2486 383 2544 illa
394 2503 454 2543 non
468 2485 620 2560 scripserit
629 2485 732 2560 plures
745 2503 812 2542 cum
825 2485 877 2542 illo
889 2486 981 2543 fuisse
991 2486 1154 2556 comitatos,
1163 2496 1194 2544 et
1204 2503 1260 2544 nos

110 2573 213 2648 plures
226 2573 460 2648 scrips[er]iuu1s
472 2574 574 2630 illum⁹
586 2573 678 2630 fuisse
691 2583 844 2647 sequutos.
882 2572 927 2632 lta
942 2573 1063 2632 etiam¹⁰
1074 2575 1260 2647 euangelista

111 2661 228 2718 sancti⁸
248 2663 388 2719 videntur
411 2662 544 2735 impares
567 2661 646 2718 inter
668 2678 712 2730 se,
730 2659 937 2718 discordantes
964 2661 995 2717 in
1021 2661 1156 2735 pluribus
1180 2661 1261 2719 locis.

111 2747 223 2806 Scribit
241 2767 319 2806 vnus
338 2749 456 2806 illorum
477 2748 631 2805 dominum
654 2749 806 2821 quendam
826 2747 1043 2818 demoniacum,
1062 2749 1093 2805 in
1116 2767 1175 2822 quo
1196 2757 1261 2806 erat

114 2836 194 2910 legio
207 2838 379 2907 demonum,
391 2853 530 2894 curasse:
550 2835 651 2894 scribit
670 2836 745 2892 alter
756 2837 831 2892 duos
845 2837 882 2892 de
896 2836 1057 2908 sepulchro
1075 2836 1261 2909 processisse
1276 2866 1307 2918 ²⁵

111 2934 203 2998 atque
216 2943 233 2982 a
246 2925 362 2998 legione
370 2926 534 2982 demonum
541 2933 659 2982 curatos
669 2941 726 2996 per
734 2921 895 2980 Christum.
925 2923 1035 2980 Scribit
1043 2941 1120 2980 vnus
1130 2923 1261 2980 latrones

112 3013 269 3071 dominum
300 3013 522 3070 conuiciantes:
555 3012 655 3070 scribit
685 3011 761 3068 alter
785 3011 882 3068 solum
907 3029 1009 3070 vnum,
1059 3011 1152 3068 Porro
1177 3011 1261 3084 virgo

115 3101 270 3157 Elizabeth
295 3101 429 3174 predicta
453 3100 522 3157 dicit
530 3100 550 3132 ¹¹
570 3099 673 3173 plures
694 3099 906 3173 episcoporum
924 3098 1089 3172 virginibus
1114 3098 1206 3156 sacris
1230 3098 1260 3154 in

113 3190 222 3246 eodem
244 3189 350 3247 itinere
370 3189 462 3246 luisse
481 3188 654 3257 associatos,
676 3188 756 3260 quod
777 3205 833 3244 nos
854 3186 926 3244 satis
948 3189 1157 3260 approbamus.
1202 3186 1261 3244 Hic

113 3294 223 3335 reuera
241 3278 348 3335 beonrs
363 3286 444 3334 extat
455 3277 605 3349 virginum
618 3275 687 3333 finis
706 3274 947 3332 beatissimarum
956 3274 977 3308 '¹
988 3275 1128 3332 undecim
1147 3275 1261 3332 milium
1276 3305 1309 3358 30

114 3365 347 3438 sociarumque¹⁸
359 3365 478 3422 illarum
490 3373 612 3421 sanctus
626 3372 655 3420 et
668 3362 834 3432 laudabilis,
847 3380 905 3435 que
918 3361 1060 3422 uniuerse
1073 3362 1262 3436 triumphalis

115 3451 221 3510 necis⁸
241 3453 372 3525 palmam
395 3452 618 3526 perhennisque
638 3451 698 3508 vite
720 3467 862 3508 coronam
882 3449 961 3507 rosei
981 3451 1096 3510 nuoris
1117 3450 1262 3508 effusione

116 3548 188 3597 sunt
216 3540 324 3612 adepte
360 3548 450 3613 atque
480 3539 599 3596 celestis
637 3537 741 3611 sponsi
771 3537 960 3611 amplexibus
990 3537 1085 3594 beatis
1115 3547 1263 3610 perpetuo

116 3627 272 3686 associate.
328 3627 545 3684 Vniuersarum
567 3625 717 3700 siquidem
744 3624 891 3696 virginum
921 3634 1090 3682 sanctarum
1119 3625 1263 3698 reginam,

116 3715 237 3772 celestis
249 3715 353 3787 sponsi
367 3715 412 3772 sui
425 3714 600 3787 genitricem
612 3713 693 3786 piam
701 3712 862 3780 imitantes,
870 3729 965 3785 vsque
977 3714 1016 3769 ad
1029 3713 1120 3770 finem
1130 3712 1263 3785 virgines
1277 3745 1309 3796 35

116 3801 308 3860 immaculate
326 3811 575 3875 permanserunt:
598 3801 778 3874 sanguinem>
795 3817 884 3856 suum
905 3817 960 3872 pro
979 3818 1015 3856 eo
1036 3799 1205 3867 fundentes,
1225 3799 1263 3855 ab

116 3889 234 3962 angelis
247 3889 277 3945 in
291 3889 387 3946 celum
400 3889 463 3946 suis
482 3887 680 3958 consortibus,
693 3886 805 3946 sanctis
817 3885 954 3946 videlieet
966 3886 1140 3959 virginibus,
1153 3885 1264 3944 associ-

116 3978 196 4034 ande
223 3975 435 4050 perferuntur3
462 3977 512 4034 vbi
541 3976 643 4035 felices
672 3992 785 4050 sponse
812 3973 985 4032 dulcissimo
1015 3990 1129 4048 sponso
1153 3972 1264 4030 summi

151 4189 160 4220 ¹
179 4189 209 4242 E.
222 4191 342 4253 girorum.
424 4190 435 4221 ²
452 4191 482 4242 B.
495 4191 558 4244 illos.
644 4191 653 4220 ³
671 4207 721 4240 orn.
733 4191 759 4240 in
772 4191 802 4240 Β.
889 4190 899 4219 ⁴
917 4189 947 4239 Β.
960 4189 1017 4238 illis.
1100 4188 1110 4219 ⁵
1128 4189 1158 4239 B.
1172 4187 1266 4251 quiuis.

118 4254 129 4284 ⁸
146 4257 176 4306 B.
188 4257 311 4319 potuisse.
377 4255 386 4285 7
404 4257 434 4308 Β.
445 4257 556 4310 luerunt.
628 4258 638 4286 ⁸
656 4257 686 4307 B.
696 4257 838 4306 Binomius.
906 4257 916 4285 ⁹
934 4255 963 4305 B.
976 4271 1043 4306 eum.
1111 4254 1128 4285 ²⁰
1148 4255 1176 4304 B.
1188 4255 1266 4307 enim.

121 4321 139 4352 ¹¹
157 4322 188 4372 B.
200 4323 285 4374 docet.
351 4321 371 4352 ¹²
388 4323 418 4375 B.
433 4324 673 4374 sacratissimarum.
739 4322 758 4354 ¹⁸
776 4322 806 4373 B.
819 4320 1006 4382 sociorumque.

653 4415 736 4472 ulra
