3048 4884
266 275 342 346 440
577 251 709 340 llum
732 246 924 353 [snmus
948 247 1099 352 flnnllt.

264 450 411 524 snguatlis
429 460 521 520 sctrrs,
533 468 590 526 per
607 450 664 509 iter
680 449 821 524 patientie
839 466 962 524 possem
977 447 1171 523 perfectionis
1186 446 1308 506 culmen
1325 445 1422 503 attin-

263 555 344 612 gere.
381 537 572 613 Quapropter
593 537 685 594 multo
706 537 803 611 magis
818 537 871 595 tibi
893 556 948 612 pro
965 547 1017 594 tus
1034 535 1113 593 bona
1131 536 1296 593 intentione
1313 543 1423 607 grates

267 643 358 699 agere
384 627 488 694 debeo,
507 643 598 699 quarn
624 635 655 682 tu
681 627 761 700 apud
782 642 832 684 me
862 624 933 682 inde
953 623 1073 682 veniam
1098 640 1234 696 querere,
1253 622 1423 696 presertim

265 731 333 771 cum
353 730 507 787 nunquam
519 712 608 772 venia
626 713 681 770 rite
700 721 818 786 petatur
835 711 893 770 nisi
905 712 985 770 vnde
1003 711 1101 786 aliquo
1119 709 1246 768 offensio
1264 719 1425 766 mntrscta

237 811 335 860 tesse
358 811 486 874 putatur.
532 800 594 858 Sed
619 799 761 874 quoniam
786 808 816 858 te
841 801 1072 873 circumquaque
1096 799 1245 855 oculatum
1265 813 1335 855 esse
1356 814 1423 853 non

266 889 380 962 ignoro,
392 887 605 963 perspicaciter
617 896 706 962 atque
722 887 867 946 subtiliter
884 905 945 960 que
958 895 1028 946 sunt
1039 887 1168 944 videnda
1179 895 1210 942 te
1222 885 1424 942 considerare
1486 942 1487 974 1

266 977 431 1050 perpendo.
463 975 638 1050 Eapropter,
650 975 676 1032 si
695 985 782 1049 putas
801 983 831 1033 te
849 975 960 1048 aliquid
978 975 1092 1049 peccati
1110 973 1296 1030 contraxisse
1310 974 1342 1028 in
1360 972 1424 1028 hiis

266 1081 326 1138 que
345 1073 449 1121 contra
468 1073 517 1120 me
539 1063 606 1120 fieri
627 1061 826 1120 consensisti:
846 1072 991 1136 quantum
1012 1079 1080 1119 men
1099 1061 1232 1130 interest,
1254 1059 1354 1117 libens
1373 1061 1424 1116 in·

266 1151 384 1224 dulgeo,
403 1159 434 1208 et
457 1150 619 1224 indulgens
643 1149 740 1208 eterni
761 1167 854 1224 super
877 1159 907 1208 te
926 1151 1161 1208 misericordiam
1186 1147 1291 1206 indicis
1312 1149 1424 1206 venire
1489 1162 1490 1194 t

224 1254 255 1290 ιο
268 1237 394 1311 supplici
407 1237 566 1296 deuotione
579 1239 728 1312 deposco!
802 1225 892 1295 Misit
906 1237 1007 1311 itaque
1022 1236 1201 1294 Theodorus
1211 1235 1330 1292 All'rido
1344 1236 1425 1308 regi,
1490 1236 1491 1268 r

270 1325 382 1399 Eglridi
401 1325 576 1396 successori,
591 1325 705 1383 litteras
716 1335 748 1383 vt
767 1324 854 1384 beato
870 1324 1012 1382 Wilsrido
1026 1343 1065 1382 ex
1084 1325 1175 1382 corde
1191 1323 1305 1388 amicus
1318 1323 1422 1390 lieret,
1491 1325 1492 1328 ’

268 1429 397 1486 eumque
410 1412 441 1470 in
454 1415 527 1471 sede
538 1414 577 1470 de
593 1430 653 1486 qus
665 1412 776 1470 iniuste
791 1412 947 1486 depositus
965 1421 1036 1480 erat,
1049 1412 1184 1485 recipere
1201 1429 1261 1468 non
1273 1410 1425 1470 differret.

269 1500 328 1573 Qui
348 1501 447 1557 statim
468 1510 605 1558 sanctum
628 1501 788 1572 reuocauit,
807 1509 838 1558 et
857 1501 895 1558 ad
918 1517 1004 1559 suam
1026 1518 1095 1558 cum
1120 1501 1232 1556 honore
1256 1499 1423 1557 ecclesiam

268 1587 391 1645 remisit
425 1587 535 1661 Sicque
553 1604 610 1661 per
629 1587 866 1662 quinquennium
887 1588 918 1646 in
937 1605 992 1646 sus
1013 1590 1086 1646 sede
1104 1587 1134 1643 in
1154 1603 1227 1660 pace
1243 1587 1425 1660 permansit.

226 1689 254 1740 ¹5
268 1673 377 1732 Verbis
394 1674 516 1732 tandem
535 1675 699 1732 delatorum
718 1693 772 1733 rex
790 1692 945 1744 accensus,
956 1675 988 1732 in
1008 1673 1219 1748 possessiones
1236 1673 1301 1731 eius
1320 1675 1426 1731 subita

269 1761 431 1836 cupiditate
449 1771 569 1821 estuare
587 1764 674 1837 cepit,
687 1773 718 1821 et
731 1763 806 1836 [eas]
821 1763 988 1837 postposito
1001 1762 1049 1820 dei
1061 1761 1178 1830 timore,
1190 1761 1328 1820 abstulit:
1349 1765 1400 1819 cui
1413 1763 1425 1796 ¹

269 1849 428 1908 Wilsridus
449 1851 611 1924 episcopali
630 1851 802 1909 auctoritate
822 1851 971 1909 contraire
991 1868 1051 1908 non
1073 1850 1192 1918 timens,
1211 1849 1294 1924 graui
1315 1861 1426 1908 contra

271 1955 305 1996 se
329 1955 431 2012 regem
456 1937 609 1996 iracundis
633 1937 835 1997 inflammauit.
875 1938 964 1996 Vnde
995 1938 1105 1995 sactum
1130 1946 1176 1994 est
1200 1947 1230 1994 vt
1254 1955 1309 1994 rex
1333 1937 1425 1996 illum

271 2027 411 2082 omnibus
438 2025 501 2083 suis
526 2025 686 2100 spoliatum
706 2027 744 2084 de
769 2043 863 2100 regno
888 2042 944 2084 suo
964 2024 1155 2098 expelleret¹,
1178 2025 1229 2097 qui
1252 2025 1290 2082 ad
1316 2042 1424 2098 regem

227 2125 259 2164 ³0
273 2113 455 2171 Merciorum
467 2112 662 2171 Ethelredum
671 2113 772 2172 statim
782 2114 918 2172 accessit.
948 2111 1208 2172 Cuius’instsntia
1220 2111 1426 2171 Brithwaldus

271 2201 516 2276 archiepiscopus
545 2201 723 2259 concilium⁴
752 2202 934 2269 conuocauit,
965 2201 1166 2274 Wilsridoque
1200 2217 1323 2258 ornnem
1354 2201 1424 2258 lieri

272 2289 420 2346 iusticiam
433 2289 604 2362 spopondit.
641 2289 770 2362 Quidam
789 2299 891 2348 tamen
910 2290 1055 2364 episcopi,
1068 2291 1149 2365 regie
1168 2291 1303 2349 fauentes
1315 2289 1424 2346 volun-

272 2377 332 2446 tati,
356 2377 387 2433 in
413 2377 536 2434 concilio
560 2377 659 2434 virum
683 2377 732 2435 dei
757 2377 840 2436 salsis
869 2378 1048 2452 calumpniis
1077 2378 1228 2453 exagitare
1258 2386 1288 2435 et
1311 2377 1425 2450 quibus

271 2473 410 2536 poterant
432 2465 667 2522 obiectionibus·
686 2464 861 2539 perturbare
882 2475 1035 2540 ceperunt
1081 2466 1144 2524 Sed
1164 2483 1233 2524 cum
1253 2467 1290 2522 ad
1315 2475 1426 2522 cuncta

229 2569 259 2619 ²⁵
273 2546 390 2603 obiecta
414 2547 626 2607 rationabiliter
650 2549 866 2623 respondisset,
891 2550 998 2606 horror
1022 2557 1053 2606 et
1076 2549 1160 2624 ipsos
1189 2549 1326 2607 inimicos
1355 2551 1426 2606 eius

273 2633 392 2704 inuasit,
417 2634 551 2692 dicentes
576 2635 702 2709 impium
727 2653 806 2704 esse,
829 2636 927 2694 virum
952 2645 1089 2694 sanctum
1119 2639 1233 2712 absque
1256 2638 1317 2694 vllo
1341 2647 1426 2694 certo

273 2720 397 2779 crimine
417 2721 481 2779 suis
498 2723 638 2782 omnibus
657 2723 787 2798 spoliari.
823 2723 912 2782 Vnde
931 2740 985 2782 rex
1002 2734 1032 2782 et
1050 2725 1293 2799 archiepiscopus
1311 2741 1330 2781 s
1348 2743 1426 2781 non-

274 2807 363 2866 nullis
375 2809 565 2883 iuterpellati,
576 2811 791 2868 monasterium
803 2813 882 2885 quod
895 2812 974 2885 apud
986 2811 1088 2885 Ripun
1099 2821 1312 2880 construxerat,
1322 2811 1375 2886 [ei]
1388 2831 1427 2871 ea

274 2895 443 2955 conditione
456 2909 677 2970 concesserunt,
689 2909 721 2957 vt
740 2898 819 2956 illic·
837 2898 955 2972 quietus
973 2900 1094 2957 sederet
1110 2909 1140 2958 et
1160 2901 1284 2974 [absque
1300 2899 1429 2958 licencia

230 3005 262 3054 ³0
275 2985 355 3059 regis
363 2984 386 3057 7]
401 2994 487 3059 septa
500 2985 589 3057 [eius]
600 2985 611 3019 ⁸
624 3003 684 3043 non
704 2985 809 3056 exiret,
823 3003 878 3044 nec
891 3003 993 3044 curam
1006 2987 1186 3060 episcopalis
1198 2987 1285 3044 officii
1298 2987 1427 3046 vlterius

275 3073 505 3130 administraret.
542 3073 659 3144 Quibus
673 3073 740 3147 ipse
755 3073 814 3131 ait:
837 3073 926 3147 ιΕςο,
942 3073 1045 3147 inquit,
1063 3076 1189 3148 gradum
1207 3076 1427 3134 sacerdotalem

276 3178 336 3217 non
356 3160 511 3232 deiicism;
534 3161 604 3234 quis
624 3160 721 3218 fateor
738 3162 827 3235 quod,
847 3160 915 3219 licet
932 3161 1082 3235 indignus,
1100 3179 1194 3236 opera
1208 3171 1308 3220 tamen
1326 3165 1428 3237 ponti-

277 3249 365 3305 ficatu
397 3265 457 3305 non
489 3249 678 3306 mediocriter
701 3249 800 3322 digna,
826 3250 945 3307 adiutus
974 3249 1087 3307 domini
1117 3249 1221 3323 gratis,
1251 3249 1315 3307 feci.
1365 3252 1429 3311 Per

277 3335 474 3408 quadraginta
495 3353 592 3393 snnos
614 3337 723 3410 quibus
741 3335 823 3410 potui
846 3339 938 3394 fidem
958 3336 1068 3394 Christi
1085 3337 1247 3411 predicsui,
1266 3347 1295 3394 et
1314 3339 1430 3398 multos

234 3439 264 3490 ³5
277 3423 315 3478 ab
339 3439 442 3480 errore
461 3423 577 3480 correxi
597 3433 628 3481 et
652 3425 796 3482 membris
815 3425 942 3482 ecclesie
961 3425 1106 3498 copulaui.
1151 3425 1217 3482 Hec
1238 3435 1338 3484 tamen
1363 3445 1429 3486 non

278 3528 343 3584 ego,
361 3511 416 3568 sed
434 3511 510 3568 deus
527 3511 594 3585 ipse
611 3529 668 3585 per
686 3529 744 3569 me.
782 3513 886 3570 Ritum
905 3512 1106 3572 ecclesiastice
1124 3513 1350 3586 obseruationis,
1370 3533 1432 3588 per

279 3597 421 3672 Angliam
440 3599 549 3656 scotica
567 3599 724 3658 traditione
744 3601 950 3675 deprauatum,
969 3602 1132 3675 apostolica
1145 3601 1236 3658 fultus
1254 3603 1432 3661 auctoritate

280 3686 406 3744 correxi.
455 3687 610 3762 Preceptis
641 3689 747 3745 saltem
766 3689 928 3762 apostolice
959 3689 1050 3761 sedis,
1075 3707 1134 3763 que
1165 3706 1223 3761 me,
1246 3689 1306 3746 iarn
1337 3689 1432 3749 simili

280 3774 386 3831 iniuria
399 3783 569 3832 accusatum
587 3776 697 3848 atque·
712 3777 916 3850 dampnatum,
929 3795 1115 3836 excussuere
1134 3785 1164 3835 et
1176 3777 1344 3834 absolutum
1357 3795 1432 3838 esse

234 3887 268 3940 4⁰
280 3863 471 3933 constituere,
484 3861 698 3937 obtemperetis
706 3863 738 3934 ¹⁰,
750 3863 776 3919 si
789 3881 845 3921 nec
858 3881 915 3937 pro
927 3881 1039 3937 amore,
1050 3883 1105 3922 nec
1118 3881 1175 3938 pro
1186 3863 1295 3922 timore
1307 3865 1364 3936 dei,
1377 3885 1432 3926 me

281 3951 414 4024 quietum
433 3967 502 4008 esse
520 3949 693 4024 permittere
705 3951 813 4009 vultis:
833 3954 897 4022 sed,
915 3962 947 4010 vt
966 3961 1046 4027 puto,
1059 3953 1109 4009 illa
1128 3960 1270 4026 precepta
1284 3962 1334 4010 sut
1347 3955 1433 4014 obliti

317 4123 325 4154 ¹
336 4124 366 4174 T.
378 4123 427 4173 Cui
439 4139 510 4182 eum:
521 4123 610 4174 Eadm.
618 4125 787 4187 cuiquonism
795 4163 816 4177 ..
826 4163 832 4176 .
841 4126 933 4177 timuit.
999 4128 1009 4158 ¹
1022 4127 1102 4177 Eadm
1119 4126 1252 4190 expellere
1263 4137 1434 4191 proponeret.

283 4188 293 4219 ¹
310 4204 345 4238 sc„
359 4189 440 4252 Regis
452 4190 552 4240 Allridi.
621 4189 631 4220 ⁴
643 4190 672 4240 E.
685 4191 836 4248 consilium:
849 4193 937 4244 Eadm.
950 4193 1016 4242 adds
1027 4194 1054 4242 in
1065 4194 1210 4257 campoqui
1222 4195 1314 4244 dicitur
1326 4193 1432 4245 Eastre·

285 4255 345 4304 tetd.
397 4255 505 4304 'Eadm
514 4256 746 4308 contrarietatibus.
797 4257 924 4308 ⁸E.illuc.
980 4256 1146 4316 'sol'.;ons.
1160 4259 1187 4308 in
1201 4259 1230 4309 E.
1284 4259 1334 4311 ⁸1¹2.
1347 4263 1435 4324 regis;

286 4320 374 4372 Eadm
385 4322 541 4373 monasterii.
608 4321 715 4374 Ἐκ.
781 4323 800 4353 ¹⁰
815 4322 877 4376 ΤΞ.
889 4324 1109 4388 obtemperaretis
