3036 4878
307 347 379 432 692
730 333 933 437 fluuutblr
960 336 1035 412 111·

306 544 456 610 nolentem,
474 550 538 613 post
556 541 677 612 plurima
697 556 833 612 penarum
854 557 960 610 genera
980 539 1149 595 occiderunt.
1186 537 1377 596 Huiusmodi
1399 541 1462 596 fana

306 625 521 696 circumquaque
539 625 644 694 Anglie
665 634 759 695 partes
778 624 902 695 perculit,
919 634 947 679 et
963 623 1041 692 regia
1059 622 1196 693 dignitate
1215 623 1368 680 sublimes
1388 627 1462 680 laten

305 725 362 764 non
382 707 478 779 potuit.
518 708 646 763 Prefatus
663 707 747 778 igitur
765 725 812 764 rex
830 707 903 774 Offa,
922 707 1145 763 Christianorum
1163 721 1263 762 necem
1285 709 1426 775 audiens,
1441 719 1462 760 et

305 791 395 862 legem
409 789 492 847 fidei¹
505 800 533 846 et
552 791 694 862 religionis
710 792 816 847 cultum
832 791 939 846 eisdem
957 790 1085 846 hostibus
1102 790 1229 861 deperire
1245 807 1461 861 expauescens:

277 885 422 950 gaecepto
440 893 459 929 a
478 873 537 930 suis
556 874 683 943 consilio,
702 875 737 930 de
757 875 925 946 primoribus
946 874 1004 930 suis
1024 873 1121 944 viginti
1144 875 1215 930 duos
1235 874 1361 944 legatos
1386 875 1462 928 filium

305 975 386 1014 suum
407 958 614 1014 Freemundum
633 975 682 1028 per
700 973 777 1012 mare
796 975 847 1028 per
864 967 951 1014 terras
964 957 1087 1029 undique
1100 957 1257 1028 quesituros
1270 958 1379 1026 mittit,
1392 959 1462 1012 innc-

305 1041 448 1097 aientibus
462 1041 570 1112 premia
590 1041 677 1096 labori
698 1057 821 1110 congrua
837 1039 1020 1112 repromittit;
1044 1041 1071 1096 ei
1092 1041 1157 1095 fidei
1176 1040 1341 1097 christiane
1363 1043 1462 1096 cultum

305 1125 386 1181 citius
408 1125 530 1180 hostium
555 1123 729 1179 immanitate
752 1123 940 1194 deperiturum
961 1123 1086 1190 mandat,
1108 1123 1160 1178 uisi
1183 1123 1241 1194 ipse
1265 1141 1327 1194 pro
1355 1123 1462 1179 Christo

305 1217 480 1279 pugnaturus
495 1207 577 1264 citius
592 1207 733 1276 adueniat,
745 1217 775 1262 vt
793 1207 857 1263 fidei
875 1210 971 1263 hostes
988 1217 1135 1277 expugnet,
1154 1207 1218 1262 fidei
1238 1207 1373 1263 subditis
1393 1205 1463 1261 auxi-

260 1291 372 1348 rollum
388 1291 466 1358 serat,
482 1291 579 1347 fideles
595 1293 632 1346 ab
648 1290 806 1347 infidelibus
823 1300 952 1361 potenter
967 1291 1110 1346 defendat.
1147 1292 1212 1345 Hoc
1231 1289 1328 1360 igitur
1348 1301 1460 1359 accepto

304 1375 438 1430 mandato
456 1374 678 1445 progrediuntur,
699 1384 828 1445 terraque
849 1392 884 1428 ex
905 1385 985 1445 parte
1004 1383 1160 1444 peragrata,
1183 1371 1228 1428 dei
1250 1375 1409 1429 uoluntate
1429 1370 1460 1425 ad

303 1456 389 1511 maris
406 1456 512 1512 insulas
527 1457 713 1528 exquirendas
730 1457 816 1512 cicius
833 1457 992 1528 pertingere
1011 1456 1168 1512 moliuntur.
1204 1456 1352 1512 Ascensis
1372 1457 1460 1526 itaque

303 1539 504 1610 nauibusque
523 1557 587 1595 eum
606 1549 752 1612 quererent
770 1557 863 1612 quaue
880 1549 1029 1611 pergerent
1047 1539 1215 1609 ignorantes,
1233 1540 1348 1596 ducatu
1369 1539 1459 1594 diuino

303 1622 394 1693 tnagis
407 1640 492 1695 quam
505 1623 638 1690 humano,
652 1641 708 1678 non
722 1640 790 1678 casu
802 1624 852 1678 sed
864 1623 991 1692 angelico
1003 1623 1094 1692 magis
1105 1639 1250 1693 persuasu,
1264 1623 1305 1676 ad
1321 1623 1459 1694 prefatam

260 1727 289 1779 ¹⁵
304 1705 424 1762 insulam
443 1723 498 1777 qua
517 1706 561 1761 uir
580 1706 625 1762 dei
646 1707 840 1762 Freemundus
860 1723 925 1761 cum
947 1706 1004 1761 suis
1026 1707 1155 1775 degebat,
1174 1705 1325 1776 inopinate
1346 1705 1457 1777 quidem

304 1789 479 1859 pertingunt:
498 1806 618 1860 eumque
634 1807 685 1860 per
701 1791 762 1846 loca
777 1790 864 1858 uaria,
879 1806 930 1860 per
949 1806 1095 1845 nemorum
1113 1790 1223 1844 occulta
1240 1800 1410 1860 querentes,
1426 1786 1458 1839 ad

302 1873 363 1929 eius
380 1873 507 1928 celiniam
526 1874 640 1928 tandem
659 1873 835 1944 perueniunt,
848 1884 877 1928 et
895 1890 972 1928 more
990 1873 1073 1928 solito
1094 1889 1159 1927 eum
1181 1872 1210 1927 in
1230 1873 1339 1928 eadem
1361 1871 1455 1928 cellula

302 1955 425 2011 oracioni
443 1965 600 2026 necantem,
614 1957 704 2012 solum
725 1955 877 2024 inueniunt,
889 1965 918 2011 et
938 1957 1035 2011 habitu
1053 1967 1205 2027 conspecto
1221 1966 1250 2010 et
1270 1957 1367 2028 ipsius
1383 1956 1455 2010 uultu

301 2048 436 2094 annotato
452 2048 666 2110 recognoscunt.
703 2039 778 2109 Quid
791 2040 889 2109 plura?
911 2040 1030 2109 genibus
1042 2039 1102 2094 eius
1115 2039 1220 2110 pariter
1231 2039 1380 2110 prouoluti
1403 2053 1453 2092 non

258 2142 289 2179 ro
301 2131 396 2178 tamen
408 2123 446 2177 ab
459 2123 521 2194 ipso
533 2123 645 2193 cogniti,
660 2124 746 2193 patris
763 2133 791 2178 et
807 2123 961 2178 amicorum
975 2123 1100 2192 graciam
1116 2123 1315 2193 pronunciant,
1330 2123 1451 2178 hostium

300 2204 454 2261 aduentum
479 2207 507 2260 in
536 2207 657 2277 petriam
686 2206 826 2272 intimant,
855 2205 1078 2261 Christianorum
1106 2223 1205 2261 necem
1231 2207 1452 2278 circumquaque

299 2290 406 2345 feruere
424 2291 598 2358 confirmant,
616 2289 705 2360 patris
723 2301 751 2346 et
769 2289 867 2345 matris
884 2301 912 2344 et
931 2298 1080 2360 parentum
1098 2288 1241 2345 interitum
1260 2291 1449 2362 promulgant,

299 2382 327 2427 et
346 2390 430 2444 super
447 2374 552 2440 omnia,
565 2373 630 2428 fidei
650 2373 813 2443 religionem
831 2373 959 2428 hostibus
977 2371 1104 2443 deperire
1123 2390 1217 2428 coram
1236 2391 1271 2429 eo
1290 2375 1448 2444 deplorant.

298 2454 345 2509 Ad
369 2455 469 2510 horum
494 2455 587 2528 itaque
611 2457 774 2512 relationem
801 2455 882 2510 nriles
904 2455 1007 2510 Christi
1033 2455 1102 2526 quid
1125 2456 1228 2512 saciati
1272 2457 1331 2526 Qui
1358 2455 1448 2510 seculo

256 2563 285 2614 ²5
298 2537 527 2594 renunciauerat:
547 2541 689 2610 quomodo
707 2540 745 2595 ad
762 2539 847 2594 seculi
862 2550 1005 2594 certamen
1018 2539 1134 2594 redeat?
1170 2541 1321 2610 Quomodo
1343 2537 1447 2596 Christi

298 2631 411 2690 tyrones
433 2621 536 2676 Christi
558 2632 619 2692 tyro
642 2640 694 2693 pro
719 2623 825 2679 Christi
849 2639 944 2678 amore
969 2621 1058 2692 perire
1083 2623 1257 2693 conspiciat?
1293 2621 1446 2694 Quomodo

299 2720 412 2759 suorum
433 2703 574 2760 interitum
598 2705 742 2760 uindicare
763 2709 927 2776 presumat?
965 2705 1116 2774 Quomodo
1140 2707 1215 2760 mala
1239 2707 1293 2762 sibi
1318 2709 1365 2762 uel
1390 2703 1444 2758 suis

298 2786 487 2855 inserentibus,
507 2789 581 2842 mala
599 2789 690 2844 bonus
709 2788 769 2858 ipse
787 2787 929 2858 rependat,
949 2805 1012 2842 cum
1032 2787 1093 2857 ipse
1111 2787 1185 2842 nisi’
1202 2790 1277 2844 mala
1298 2790 1354 2846 sibi
1377 2787 1443 2842 inle-

297 2869 424 2936 rentibus
445 2872 520 2926 bona
541 2873 685 2942 rependat,
703 2872 795 2927 bonus
820 2888 960 2926 essenon
982 2871 1093 2926 ualeat?
1130 2871 1160 2926 Si
1181 2873 1217 2926 ad
1240 2873 1332 2942 ipsum
1354 2872 1439 2928 solum

254 2979 286 3028 30
298 2953 394 3010 hostes
415 2953 480 3009 fidei
502 2955 702 3025 peruenissent,
722 2955 745 3010 si
767 2973 831 3010 eum
853 2971 903 3025 pro
923 2955 1025 3010 Christi
1044 2955 1218 3011 consessione
1235 2958 1326 3012 solum
1345 2969 1441 3011 necare

298 3037 459 3104 uoluissent,
471 3036 584 3092 utilius⁸
595 3039 709 3108 quidem
726 3037 823 3092 mortis
835 3037 1008 3092 sentenciam
1022 3038 1170 3094 sustineret
1185 3057 1270 3110 quam
1287 3036 1438 3096 resistendo

296 3119 443 3176 deuitaret.
480 3123 552 3176 Cum
570 3137 638 3176 uero
655 3121 808 3176 christiane
826 3121 890 3176 fidei
910 3122 1029 3176 cultores
1047 3140 1065 3176 a
1084 3122 1149 3176 fidei
1170 3122 1298 3179 hostibus
1319 3120 1440 3192 deperire

296 3205 475 3274 conspiceret,
493 3221 586 3260 nonne
602 3222 633 3260 se
647 3205 774 3260 hostibus
791 3205 944 3275 pugnando
956 3205 1086 3270 obiceret,
1099 3215 1129 3261 ut
1147 3207 1292 3276 sauguinis
1308 3206 1438 3262 effusione

297 3287 372 3342 solus
385 3289 519 3358 plurimos
533 3288 683 3344 liberaret?
721 3287 767 3343 Sic
786 3287 871 3358 igitur
885 3288 952 3343 hinc
971 3289 1036 3342 inde
1052 3288 1179 3344 discussa
1197 3291 1348 3358 sentencia,
1360 3289 1395 3344 de
1410 3301 1436 3338 re

251 3397 282 3448 35
296 3369 349 3424 sibi
361 3371 494 3440 ambigua
506 3372 648 3438 dubitans,
661 3383 689 3427 et
703 3373 731 3427 in
748 3383 815 3426 uoto
828 3389 879 3426 suo
896 3371 991 3439 nichil,
1006 3372 1057 3427 sed
1074 3372 1103 3428 in
1117 3373 1162 3428 dei
1177 3372 1321 3430 uoluntate
1334 3370 1436 3440 singula

296 3451 500 3524 derelinquens,
516 3472 586 3510 sano
602 3454 715 3526 quidem
734 3456 852 3510 consilio
871 3456 1006 3525 preelegit
1026 3456 1071 3511 dei
1088 3458 1262 3512 uoluntatem
1280 3458 1434 3514 oracionem

296 3534 435 3604 suffragiis
455 3539 607 3610 exquirere,
629 3556 714 3610 quam
735 3556 769 3594 cx
790 3539 903 3610 proprio
924 3538 1040 3594 arbitrio
1060 3557 1110 3608 pro
1132 3540 1244 3596 incertis
1264 3542 1345 3612 quasi
1365 3547 1434 3594 certa

296 3635 465 3688 presumere.
502 3622 687 3676 Oracionibus
706 3621 801 3692 itaque
822 3622 910 3677 solitis
933 3621 1105 3690 incumbens,
1124 3634 1153 3679 et
1177 3641 1212 3679 ex
1235 3626 1320 3680 corde
1344 3621 1433 3678 intimo

296 3718 352 3756 non
378 3719 458 3758 suam
480 3705 530 3758 sed
552 3704 597 3759 dei
619 3705 791 3760 uoluntatem
809 3705 965 3775 exquirens,
985 3706 1119 3777 quidnam
1137 3707 1163 3762 ei
1182 3723 1267 3778 super
1283 3699 1433 3763 huiusmodi

248 3803 283 3853 40
294 3784 397 3839 nuncio
410 3787 552 3856 agendum
565 3803 583 3842 a
595 3787 649 3842 deo
660 3787 787 3859 exquirit.

298 3899 495 4026 NOcturna
513 3902 596 3972 igitur
616 3903 724 3959 uisione
743 3905 825 3960 beato
845 3905 1024 3961 Freemundo
1042 3907 1158 3976 angelus
1180 3925 1330 3980 apparens,
1347 3908 1430 3980 palam

402 3987 448 4040 dei
473 3986 646 4041 uoluntatem
673 3987 809 4042 innotuit:
842 3999 871 4042 vt
896 3999 994 4044 contra
1021 3990 1086 4044 fidei
1115 3993 1209 4046 hostes
1234 3993 1290 4047 lide
1318 3990 1431 4048 munitus

292 4067 424 4137 prodiret,
438 4068 592 4123 infidelium
611 4069 719 4125 rabiem
734 4088 791 4125 non
808 4071 967 4140 declinaret,
983 4090 1014 4127 se
1031 4073 1160 4129 hostibus
1176 4074 1317 4141 obiceret;
1337 4085 1364 4131 ut
1379 4085 1428 4127 non

291 4168 309 4203 a
329 4167 361 4204 se
381 4151 432 4205 sed
446 4169 464 4206 a
482 4152 535 4206 deo
552 4151 696 4207 uictoriam
713 4153 859 4224 optineret.
896 4154 943 4209 Ad
961 4155 1043 4210 huius
1062 4157 1102 4212 rei
1121 4159 1325 4228 certitudinem,
1343 4152 1428 4214 bocci

246 4261 278 4310 45
291 4233 420 4300 angelico
440 4235 544 4288 nuncio
559 4234 689 4290 dominus
705 4237 873 4307 repromisit,
891 4249 921 4294 ut
937 4247 1004 4309 quot
1021 4241 1113 4296 socios
1133 4242 1257 4310 haberet,
1271 4254 1312 4299 tot
1327 4233 1426 4297 hostes⁴

355 4377 412 4430 ΙΤ.
425 4381 455 4430 E.
467 4383 516 4432 dei.
617 4383 700 4435 ¹MS.
714 4401 770 4436 non.
869 4387 924 4440 ⁸T.
940 4390 967 4438 E.
980 4389 1062 4441 citius.
1160 4389 1366 4443 ‘Mabostiuua
