3036 4878
54 260 363 327 mannua-ar]
471 242 575 332 iiitn
599 242 659 333 ἐ.
683 243 922 342 iitttttuttnt.
1171 251 1245 339 693

58 445 163 500 milia
186 463 257 502 curn
275 462 310 502 eo
327 456 485 517 pugnatura
503 456 643 518 putarent.
681 446 751 502 Fide
769 445 852 517 igitur
873 445 996 502 munitus
1016 445 1200 516 progreditur,
1218 457 1246 502 et

58 547 82 584 a
100 529 224 600 paucis
237 529 360 586 bostium
375 531 524 586 multitudo
537 548 593 586 non
605 531 733 586 timetur:
754 530 805 586 sed
822 547 887 585 cum
905 531 942 585 ad
962 531 1057 585 hostes
1072 528 1245 600 perueniunt,

60 623 205 684 patrem
223 615 284 669 eius
305 631 370 669 cum
388 615 510 670 exercitu
528 614 681 670 christiano
702 614 759 668 iam
777 615 814 668 ab
833 613 959 669 hostibus
977 623 1146 682 prostratum
1167 612 1245 667 irrue·

61 695 177 750 niunt.
221 695 314 751 Huius
326 697 465 752 aduentus
477 697 596 767 paganis
610 696 726 751 ducibus
739 696 894 764 nunciatur,
908 706 936 751 et
954 705 1096 751 tantorum
1109 695 1245 751 exercitus

65 776 102 831 irr
133 794 304 848 paucomm
328 795 387 833 non
410 779 590 835 mediocriter
618 779 719 835 timore
743 779 869 834 deicitur.
913 779 1042 834 Nuncios
1067 779 1151 848 igitur
1180 792 1274 842 suos5

67 860 228 930 Hinguar
243 871 273 916 et
287 862 394 916 Hubba
410 863 448 916 acl
463 862 537 932 regis
554 863 641 917 filium
657 863 866 916 Freemundum
885 861 1017 918 mittunt:
1037 874 1067 917 vt
1083 863 1107 918 si
1124 880 1189 918 cum
1204 861 1245 918 eis

67 959 193 1012 pacem
216 943 321 1000 habere
341 945 468 1013 uoluerit,
490 957 519 1000 et
540 945 606 1001 fidei
630 945 782 1001 christiane
803 944 942 999 contraire
966 945 1111 1015 placuerit,
1131 962 1195 1000 erun
1215 944 1244 999 in

68 1025 223 1081 amicicie
246 1027 370 1096 graciam
395 1028 548 1098 suscipient
558 1027 576 1098 ¹,
601 1038 628 1084 et
654 1028 739 1084 totius
762 1027 865 1097 Anglie
895 1027 1083 1099 principatum
1107 1025 1245 1098 ydolatrie

70 1108 203 1178 legibus
228 1110 342 1165 subdito
365 1111 543 1168 concorditer
566 1110 704 1168 tradent¹.
741 1110 919 1166 Nunciorunr
942 1111 1028 1166 uerba
1049 1109 1244 1165 Freemundus
1276 1121 1280 1130 ·

72 1201 109 1246 ut
132 1191 262 1262 audiuit,
280 1194 419 1263 promissa
436 1194 542 1261 derisit,
557 1212 673 1263 regnum
693 1193 805 1265 spreuit,
822 1193 867 1248 dei
885 1193 993 1263 legibus
1012 1194 1086 1248 nolle
1104 1191 1290 1248 contrairem

73 1275 247 1345 respondit.
285 1276 364 1332 Dixit
376 1278 451 1332 enim
464 1295 521 1333 non
534 1295 585 1348 pro
597 1295 684 1347 regno
696 1287 807 1332 terreno
820 1276 849 1331 in
861 1293 985 1346 pugnam
997 1277 1149 1348 procedere
1162 1277 1243 1344 uelle,

75 1359 133 1414 sed
148 1369 255 1414 contra
268 1359 313 1414 dei
327 1360 432 1430 hostes,
445 1371 475 1416 ut
487 1379 536 1417 eos
549 1361 668 1432 puniret,
680 1361 821 1416 dimicare.
858 1361 904 1428 Et,
917 1358 984 1431 quid
997 1359 1121 1430 pluribus
1133 1361 1243 1414 morer?

76 1450 209 1512 vterque
219 1441 356 1498 exercitus
365 1443 403 1498 ad
412 1461 536 1515 pugnam
545 1455 659 1514 paratur
669 1463 676 1508 ;
693 1446 743 1498 sed
755 1444 828 1499 sicut
839 1443 931 1513 angeli
942 1459 1010 1500 uoce
1020 1443 1243 1514 promittebatur,

78 1534 156 1594 quot
175 1525 270 1581 socios
283 1527 306 1580 F
308 1527 476 1582 reemundus
494 1544 590 1582 secum
607 1527 739 1594 habebat,
752 1536 793 1581 tot
811 1527 888 1581 milia
905 1537 1003 1582 contra
1018 1544 1050 1582 se
1065 1529 1088 1582 F
1089 1525 1243 1583 reemundo

79 1608 112 1662 in
132 1607 272 1663 auxilium
290 1609 402 1665 uenisse
420 1627 593 1681 paganorum
614 1609 751 1665 exercitus
771 1609 868 1665 uidere
888 1610 1013 1680 putabat.
1050 1609 1287 1677 Freemundus15

80 1691 186 1762 itaque
208 1691 295 1746 miles
312 1692 523 1760 illustrissimus,
543 1695 607 1764 plus
627 1693 682 1748 iide
703 1710 787 1764 quam
809 1691 895 1747 armis
917 1709 1040 1760 securus,
1062 1693 1158 1748 hostes
1182 1691 1242 1747 sine

81 1790 170 1829 mora
192 1774 371 1844 aggreditur:
397 1785 425 1831 et
445 1776 511 1846 quia
532 1793 597 1831 eum
618 1775 729 1830 celestis
750 1774 845 1844 gracia
865 1774 1021 1843 comitatur,
1040 1791 1104 1829 curn
1124 1773 1243 1830 ducibus

82 1857 147 1912 suis
170 1857 254 1912 citius
274 1857 384 1914 hostilis
405 1859 542 1914 exercitus
563 1859 653 1914 morte
673 1858 792 1929 punitur.
829 1857 912 1913 Talia
933 1868 998 1913 sunt
1022 1857 1068 1913 dei
1089 1856 1241 1912 miracula!

85 1941 156 1996 Hec
172 1958 232 1996 non
252 1942 398 1996 bominum
418 1943 469 1997 sed
484 1952 529 1998 est
549 1941 653 1998 Christi
670 1942 795 2009 uictoria,
814 1950 843 1997 ut
859 1941 919 2012 ipse
936 1957 1001 1996 cum
1021 1941 1130 1996 duobus
1149 1937 1241 2007 sociis,

84 2033 117 2078 et
151 2040 218 2078 cunr
251 2024 350 2094 viginti
383 2026 493 2081 duobus
524 2025 686 2081 hominibus
719 2025 767 2095 qui
797 2041 862 2079 eum
896 2024 1029 2095 quesituri
1059 2024 1241 2094 aduenerant,
1255 2015 1288 2084 2¹0

86 2107 280 2177 quadraginta
303 2108 428 2164 hostium
453 2109 531 2164 milia
557 2119 753 2180 prosterneret,
779 2117 807 2163 et
833 2107 935 2163 Christi
965 2107 1066 2162 uirtute
1095 2105 1241 2162 uictoriam

88 2189 238 2259 optineret.
269 2190 354 2261 Quod
366 2208 402 2246 ne
414 2192 486 2246 forte
499 2193 629 2264 cuiquam
641 2192 670 2246 in
683 2191 798 2247 dubium
811 2191 912 2259 ueniat,
926 2191 962 2246 de
973 2191 1059 2246 ueteri
1072 2199 1241 2247 testamento

87 2273 156 2328 huic
180 2272 271 2328 simile
294 2273 459 2330 miraculum
483 2275 658 2347 proferimus,
683 2285 712 2330 et
736 2274 774 2330 ad
803 2274 868 2328 fidei
896 2274 1089 2329 credulitatem
1116 2273 1241 2329 ueritatis

89 2356 253 2412 testimonio
274 2357 479 2413 confirmamus.
515 2359 564 2414 Ait
586 2361 661 2413 enim
686 2360 800 2428 Moyses
822 2357 851 2411 in
875 2358 969 2412 uerbis
991 2357 1092 2412 cantici
1114 2358 1157 2412 sui
1176 2355 1240 2412 filiis

93 2440 198 2495 lsrael:
219 2441 422 2512 ‘Persequetur
437 2459 509 2496 unus
525 2459 559 2497 ex
574 2443 656 2497 uobis
672 2441 756 2509 mille,
769 2449 797 2497 et
813 2440 869 2495 duo
885 2458 919 2496 ex
938 2441 1017 2497 uobis
1032 2442 1131 2497 decem
1148 2441 1240 2496 milia'
1256 2462 1285 2510 ²5

92 2524 132 2577 Et
149 2522 176 2577 in
194 2523 333 2580 Leuitico:
357 2525 580 2596 ‘Persequerrtur
594 2525 717 2596 quinque
732 2526 767 2580 de
784 2525 885 2580 uestris
900 2535 1021 2595 centum,
1034 2534 1061 2580 et
1079 2536 1192 2580 centum
1206 2541 1241 2579 ex

93 2606 174 2661 uobis
195 2607 293 2661 decem
315 2606 408 2662 milia'
444 2610 511 2663 Non
534 2607 610 2664 enirn
635 2619 677 2664 est
698 2607 858 2664 differencia
880 2609 909 2663 in
934 2619 1086 2679 conspectu
1111 2609 1155 2663 dei
1180 2608 1240 2675 celi,

94 2688 210 2744 liberare
222 2689 251 2743 in
263 2690 358 2745 multis
371 2701 399 2745 et
412 2690 441 2744 irr
453 2691 559 2761 paucis.
595 2693 696 2764 Neque
708 2692 744 2746 de
757 2692 846 2759 terris,
860 2692 910 2747 sed
923 2693 959 2747 de
971 2692 1031 2746 celo
1043 2691 1160 2746 uictoria
1173 2701 1222 2746 est

146 2807 168 2859 B
183 2805 275 2860 hostili
289 2805 373 2876 igitur
384 2808 454 2863 cede
467 2809 661 2866 Freemundus
673 2808 717 2863 dei
735 2808 830 2877 gracia
842 2807 968 2862 defessus
981 2806 1121 2877 armisque
1133 2816 1238 2873 exutus,

193 2891 335 2946 Christum
351 2901 506 2960 rogaturus,
520 2891 644 2946 oracioni
661 2891 775 2946 tandem
793 2889 925 2957 incubuit,
937 2899 965 2944 et
981 2888 1133 2960 superbiis
1150 2888 1237 2942 omni·
1253 2907 1284 2955 30

97 2973 149 3027 bus
168 2989 220 3043 que
239 2973 266 3026 ei
286 2973 448 3029 acciderant
466 2975 561 3030 diuine
581 2974 675 3045 gracie
696 2974 793 3029 laudes
815 2971 940 3028 exsoluit.
979 2973 1036 3027 Sed
1056 2971 1124 3042 quid
1148 2981 1237 3026 tutum

99 3057 171 3126 apud
188 3056 334 3112 homines?
370 3059 447 3112 Ecce
468 3059 584 3129 quidam
603 3060 689 3128 Oswy
713 3057 835 3124 nomine,
857 3054 904 3126 qui
926 3056 983 3110 dux
1005 3054 1140 3110 exercitus
1165 3053 1238 3123 regis

100 3140 161 3195 Offe
172 3139 296 3195 extiterat
308 3150 336 3195 et
348 3141 385 3195 ad
398 3142 535 3210 ydolatrie
552 3142 657 3196 cultum
676 3141 730 3196 fide
747 3139 844 3194 relicta
861 3138 1031 3208 confugerat,
1047 3149 1075 3192 et
1091 3154 1142 3207 pro
1158 3137 1238 3206 regni

99 3222 227 3292 regimine
245 3223 306 3291 sibi,
320 3224 343 3278 si
363 3224 448 3279 fidem
468 3234 591 3294 negaret,
610 3223 758 3296 promisso,
776 3239 839 3276 cum
856 3221 961 3276 eisdem
980 3217 1127 3276 hostibus⁸
1138 3236 1237 3292 pacem

100 3308 211 3373 iecerat;
230 3323 330 3362 uerens
343 3323 378 3362 ne
391 3309 414 3362 F
416 3309 585 3364 reemundus
597 3307 714 3362 uictoria
728 3307 832 3376 potitus
846 3304 875 3359 in
887 3322 952 3359 eum
969 3303 1122 3359 uindictam
1133 3304 1237 3359 iaceret
1250 3322 1281 3372 ³5

101 3401 129 3446 et
145 3389 217 3458 regni
232 3389 285 3445 sibi
304 3390 433 3461 promissi
450 3393 487 3446 ab
504 3409 538 3446 eo
553 3401 649 3461 ceptra
668 3399 769 3460 potens
785 3389 914 3457 auferret,
932 3388 1053 3444 latenter
1071 3386 1190 3443 accessit
1210 3398 1238 3442 et

104 3473 189 3543 gladio
205 3473 352 3543 euagirrato
371 3473 475 3529 crudeli
493 3474 548 3530 ictu
568 3475 628 3528 eius
646 3483 730 3543 caput
749 3472 912 3542 amputauit.
951 3471 1090 3526 Mirandis
1108 3470 1239 3525 miranda

104 3557 251 3611 succedunt.
296 3557 368 3612 Cum
392 3556 438 3612 ille
459 3555 588 3629 iniquus⁴
610 3566 694 3627 caput
715 3555 837 3610 martiris
858 3553 1073 3625 anputaueritt,
1094 3552 1237 3622 sanguinis

105 3649 174 3710 gutte
194 3656 276 3709 super
296 3657 361 3695 eum
380 3657 448 3695 casu
467 3640 641 3708 deciderunt,
662 3649 689 3694 et
712 3648 800 3695 totum
823 3655 924 3709 corpus
945 3638 1005 3693 eius
1026 3637 1106 3708 quasi
1128 3635 1237 3690 intolle-

105 3723 190 3778 rabilis
200 3723 272 3793 ignis
284 3725 384 3780 ardore
397 3724 525 3794 protinus
539 3723 735 3778 accenderunt.
773 3723 838 3776 Hoc
855 3721 901 3776 ille
920 3720 1062 3791 perculsus
1078 3717 1236 3784 incomodo,
1250 3738 1282 3786 40

106 3816 134 3862 et
144 3817 212 3862 tanto
227 3808 436 3877 obstupefactus
451 3806 595 3874 miraculo,
606 3806 644 3862 ad
661 3805 782 3860 martiris
800 3805 886 3874 pedes
902 3819 1005 3873 pronus
1022 3799 1159 3868 accubuit,
1172 3817 1236 3870 curn

108 3891 165 3946 fletu
185 3891 387 3946 lamentationis
411 3892 499 3946 uerba
521 3890 621 3958 edidit,
646 3886 838 3943 misericordie
865 3885 988 3954 graciam
1018 3893 1125 3939 reatum
1155 3900 1236 3938 suum

104 3973 223 4046 profitens
232 3974 405 4045 depoposcit.
428 3971 708 4046 Cumque⁰sanctum
718 3969 844 4026 nominat
853 3977 881 4023 et
891 3967 994 4022 Christi
1003 3966 1145 4020 martirem
1156 3967 1236 4036 penis

109 4061 223 4116 obsessus
233 4058 364 4129 appellat,
378 4075 443 4114 ecce
456 4057 636 4114 miraculum:
656 4055 703 4111 Ad
716 4053 797 4109 buius
814 4068 911 4124 preces
927 4047 1110 4106 absolutionis
1128 4047 1235 4105 miseri·

139 4233 185 4287 ¹T.
195 4235 221 4287 E.
232 4235 389 4300 susciperent
477 4231 536 4285 ²T.
549 4233 578 4284 E.
591 4229 720 4281 traderent.
805 4225 1005 4278 'iustorum
1093 4221 1151 4274 ‘'r.
1162 4222 1237 4274 lictor

110 4301 154 4353 ille.
238 4301 248 4332 ⁸
263 4299 295 4350 T.
309 4299 337 4351 E.
348 4305 506 4366 amputasset.
606 4295 616 4326 ⁸
631 4295 667 4348 al.
677 4309 789 4361 eumque
