3042 4884
277 312 346 362 222
585 288 716 374 mila
741 285 931 390 matilda
957 286 1107 391 fingit&

275 489 305 545 iu
314 499 399 562 petra
409 489 587 563 vestigium:
606 499 636 547 et
646 491 684 546 ob
697 489 855 562 vestigium
869 507 964 562 vsque
977 490 1065 547 hodie
1078 491 1142 546 loco
1156 507 1266 548 nomen
1275 490 1292 546 ¹.
1332 491 1431 548 Mane
1506 484 1507 554 i

275 595 347 634 vero
364 587 485 634 sanctus
501 578 662 650 episcopus
681 587 830 634 mortuum
850 577 1016 644 inueniens,
1032 596 1049 634 a
1065 577 1215 635 lachrimis
1233 587 1264 634 et
1282 579 1433 651 precibus

275 682 335 720 non
345 665 475 722 cessauit
487 667 583 723 donec
597 665 748 721 hominem
759 663 861 721 viuum
874 675 904 721 et
914 682 1021 721 sanum
1032 665 1167 722 reddidit
1241 653 1434 738 Cogitante¹

276 769 325 808 me
343 753 431 810 huius
446 753 540 810 sancti
559 752 688 822 Niniani,
709 751 866 822 Dunstani,
885 753 1069 826 aliorumque
1087 752 1294 810 consessorum
1310 753 1432 810 Christi

247 841 546 910 emansuetudinem,
566 841 707 914 pietatem
726 849 756 896 et
775 839 1044 909 conuersationem,
1062 842 1155 914 pudet
1171 841 1293 897 miserie
1310 851 1431 906 nostre,

275 929 367 1001 pudet
381 927 494 1002 fragilis
507 928 709 1002 generationis
725 927 851 1001 ignauie.
889 927 972 998 Quis,
986 945 1066 1001 rogo,
1080 939 1216 986 nostrum
1234 928 1324 984 etiarn
1341 930 1430 986 domi

275 1015 354 1072 inter
366 1017 546 1074 domesticos
558 1016 657 1073 ociosa
669 1015 786 1088 potius'
798 1033 888 1089 quarn
901 1015 990 1084 vtilia,
1007 1015 1137 1072 carnalia
1150 1033 1239 1089 quam
1249 1016 1431 1089 spiritualia,

276 1103 305 1160 in
327 1104 458 1161 medium
477 1115 578 1161 mutua
595 1103 832 1161 confabulatione
850 1103 1068 1160 et⁴collatione
1082 1121 1142 1160 non
1154 1103 1324 1176 proserat⁵l
1361 1105 1432 1160 Ora

276 1209 334 1264 que
347 1194 384 1248 ad
398 1192 578 1248 laudandum
594 1192 693 1259 deum,
706 1192 744 1248 ad
762 1208 847 1248 sacra
864 1190 998 1247 misteria
1015 1191 1194 1247 celebranda
1210 1193 1305 1263 gratia
1320 1192 1431 1248 diuina

233 1297 264 1332 ιο
276 1280 413 1349 sacrauit,
426 1279 558 1353 quotidie
571 1278 804 1336 detractionibus
816 1278 977 1352 verbisque
995 1278 1181 1335 secularibus
1198 1279 1382 1352 polluuntur,
1397 1290 1432 1337 et

276 1367 346 1423 dum
360 1367 492 1440 psalmos
505 1367 638 1439 aliasque
651 1368 800 1422 orationes
811 1365 972 1436 fastidiunt,
989 1384 1045 1439 per
1062 1365 1217 1422 hominum
1234 1383 1327 1439 opera
1345 1385 1429 1424 vana

276 1465 306 1510 et
318 1454 415 1527 turpia
427 1463 489 1510 tota
500 1454 548 1511 die
561 1454 740 1510 discurrunt.
777 1452 914 1523 ‘Nonne,
928 1453 1004 1510 sicut
1016 1471 1133 1527 corpus,
1146 1453 1186 1510 ita
1199 1463 1229 1510 et
1245 1455 1346 1511 anima
1362 1465 1431 1512 tota

275 1541 324 1598 die
355 1541 384 1598 in
414 1552 495 1598 motu
524 1551 579 1611 est,
604 1541 704 1614 lingua
728 1540 758 1596 in
788 1541 871 1597 ociol
909 1541 1060 1598 Rumores
1084 1551 1113 1597 et
1139 1559 1238 1600 mores
1266 1543 1428 1600 hominum

276 1629 435 1702 impiorum
462 1629 492 1686 in
519 1647 571 1686 ore
597 1637 755 1686 versantur
763 1627 781 1698 ⁷,
813 1628 875 1686 risu
906 1638 936 1685 et
965 1629 1092 1686 sabulis·
1121 1630 1253 1702 grauitas
1284 1631 1430 1703 religiosa

233 1731 261 1782 15
276 1717 457 1786 dissoluitur,
468 1715 585 1790 negotia
595 1733 709 1789 regum,
722 1717 933 1788 episcoporum
944 1716 1050 1786 officia,
1062 1716 1228 1774 ministeria
1235 1719 1429 1786 clericorum,

276 1804 446 1878 principum
459 1804 676 1874 altercationes,
688 1803 748 1860 vita
761 1803 893 1860 omnium
908 1814 938 1862 et
953 1823 1054 1862 mores
1071 1805 1277 1862 discutiuntur.
1315 1805 1430 1863 Preter

277 1891 376 1966 ipsum
389 1892 530 1950 iudicium
544 1901 687 1960 nostrum,
702 1891 802 1946 omnia
818 1891 993 1958 iudicamus,
1006 1902 1044 1959 et,
1057 1893 1136 1965 quod
1150 1895 1246 1966 magis
1258 1894 1428 1950 dolendum

276 1990 331 2049 est,
353 1979 480 2037 inuicem
506 1981 679 2036 mordemus
697 1987 727 2034 et
745 1979 937 2036 comedimus.
977 1979 1043 2036 Non
1063 1979 1106 2037 sic
1124 1981 1202 2036 beati
1222 1980 1429 2050 consessores,

277 2085 337 2124 non
351 2067 410 2126 sic:
427 2085 554 2141 quorum
568 2067 658 2141 quieti
671 2067 758 2123 turba
772 2083 831 2122 non
845 2065 945 2134 obfuit,
960 2085 1015 2123 nec
1029 2067 1253 2124 meditationem
1266 2069 1428 2141 impediuit

232 2167 264 2204 20
277 2155 341 2223 iter,
354 2173 410 2213 nec
426 2155 601 2212 lassitudine
619 2153 714 2228 tepuit
731 2153 834 2210 oratio.
871 2153 1047 2227 Vbicunque
1065 2155 1146 2212 enim
1166 2155 1353 2224 incedebant,
1372 2167 1429 2214 aut

276 2243 410 2300 oratione
427 2252 477 2300 aut
493 2241 744 2315 contemplatione
757 2259 811 2298 seu
824 2241 965 2314 operibus
980 2243 1086 2300 bonis‘
1100 2244 1137 2299 ad
1152 2243 1275 2300 celestia
1289 2244 1428 2300 animum

276 2332 439 2403 erigebant.
478 2331 625 2388 Ninianus
638 2330 728 2398 enim,
741 2329 879 2402 quotiens
892 2330 929 2385 ab
943 2329 1050 2386 itinere
1063 2329 1217 2387 diuertens
1231 2331 1344 2404 requiei
1357 2349 1428 2388 cor-

276 2418 359 2492 poris
382 2419 563 2491 indulgebat,
582 2417 729 2491 producto
753 2415 854 2472 libello
879 2416 989 2488 legere,
1008 2426 1058 2473 aut
1078 2417 1262 2474 meditationi
1281 2418 1427 2476 insistere

275 2515 393 2580 gratum
407 2507 541 2564 habebat
577 2505 706 2562 Tantam
723 2504 763 2560 illi
781 2503 907 2577 gratiam
921 2503 1015 2562 virtus
1032 2504 1134 2562 diuina
1149 2507 1272 2562 contulit
1284 2515 1315 2563 vt
1330 2506 1427 2564 etiam

231 2612 261 2662 ²5
276 2596 332 2652 sub
362 2595 431 2651 diuo
458 2595 648 2663 recumbens,
675 2603 706 2649 et
736 2593 840 2665 legens
870 2592 948 2648 inter
973 2593 1172 2651 densissimas
1197 2595 1324 2667 pluuias,
1348 2595 1427 2652 nihil

275 2701 405 2756 unquam
431 2682 565 2739 humoris
590 2681 637 2740 cui
663 2681 836 2738 intendebat
864 2681 999 2737 codicem
1008 2681 1029 2713 ¹⁰
1056 2681 1213 2755 attigisset,
1237 2684 1291 2740 sed
1316 2683 1428 2741 vicinis

275 2773 348 2828 locis
361 2789 438 2845 aqua
455 2771 686 2845 circumquaque
703 2770 835 2826 irruente
852 2769 1050 2839 madentibus,
1064 2771 1146 2828 solus
1161 2789 1228 2828 cum
1248 2773 1347 2829 libello
1365 2791 1427 2832 suo

275 2860 316 2916 ita
340 2861 396 2916 sub
418 2859 514 2930 vndis,
540 2859 636 2932 quasi·
651 2859 707 2916 sub
732 2856 801 2914 tecti
827 2856 957 2914 culmine
983 2857 1135 2916 resideret.
1209 2847 1345 2934 Contigit
1368 2861 1428 2918 ali·

275 2948 396 3020 quando
411 2947 572 3002 Ninianum
586 2963 654 3002 cum
667 2945 759 3002 fratre
772 2963 827 3002 suo
840 2954 952 3015 sancto,
968 2945 1088 3002 Plebeia
1104 2947 1234 3016 nomine,
1246 2947 1303 3005 iter
1314 2967 1408 3021 agere
1419 2969 1427 3016 3

231 3047 262 3096 50
276 3036 348 3107 (qui)
359 3034 377 3065 ¹¹
402 3034 488 3091 avia
509 3033 684 3107 quiescendi
704 3033 799 3106 gratia
820 3033 1013 3104 diuertentes,
1033 3035 1145 3106 apertis
1168 3036 1317 3108 psalteriis
1338 3054 1428 3094 sacra

276 3123 401 3180 lectione
432 3121 549 3178 animos
574 3122 756 3178 recreabant.
801 3119 873 3176 Mox
903 3120 983 3177 aeris
1013 3123 1161 3179 serenitas
1191 3124 1264 3180 atris
1294 3125 1428 3182 obducta

223 3215 225 3220 ’
276 3209 413 3278 nubibus,
437 3226 532 3281 aquas
556 3225 631 3282 quas
656 3209 763 3264 haustu
792 3207 917 3263 naturali
944 3218 1131 3280 conceperat,
1154 3211 1192 3265 de
1216 3211 1426 3283 superioribus

275 3299 313 3354 ad
331 3297 472 3353 inferiora
487 3296 661 3353 transmisit
698 3295 819 3352 Teter¹²
834 3313 906 3352 vero
919 3312 971 3352 aer
983 3295 1079 3353 instar
1093 3314 1211 3355 camere
1226 3298 1305 3355 circa
1321 3299 1396 3372 [dei]
1406 3301 1427 3334 ¹⁸

275 3384 402 3441 famulos
426 3394 573 3452 arcuatus,
595 3383 680 3457 quasi
703 3383 802 3456 paries
827 3383 935 3456 aliquis
957 3384 1046 3440 vndis
1070 3385 1270 3443 defluentibus
1295 3386 1426 3460 impeni-

231 3482 261 3534 35
276 3471 389 3529 trabilis
420 3473 607 3544 persistebat
656 3471 771 3529 Verum
802 3471 880 3528 inter
915 3472 1104 3546 psallendum
1139 3474 1243 3530 beatus
1276 3475 1427 3534 Ninianus

275 3560 415 3616 oculosa
437 3559 536 3616 libello
556 3560 688 3630 detorsit,
708 3570 802 3617 tactus
827 3561 978 3617 modicum
1003 3559 1180 3633 cogitatione
1204 3562 1313 3630 illicita,
1332 3564 1424 3622 etiam

275 3647 425 3704 desiderio
443 3649 573 3720 quodam
593 3649 730 3705 demonis
747 3647 940 3721 suggestione
956 3648 1135 3705 titillabatur.
1174 3649 1305 3722 Moxque
1322 3651 1425 3724 ipsum

277 3735 496 3808 codicem[que]
517 3735 582 3793 eius
604 3737 712 3809 ymber
733 3735 888 3805 inuadens,
908 3735 1038 3809 prodidit
1047 3734 1068 3768 ¹⁴
1086 3738 1165 3809 quod
1183 3737 1301 3795 latebat.
1338 3738 1426 3798 'lunc

276 3826 369 3882 irater
377 3823 450 3894 eius,
459 3823 530 3896 quid
538 3824 682 3896 agebatur
689 3823 867 3896 intelligens,
878 3842 946 3881 cum
955 3824 1054 3898 ipsum
1063 3823 1172 3882 leniter
1180 3823 1202 3858 ¹⁸
1210 3825 1407 3898 corripuisset
1418 3848 1425 3896 ;

231 3933 263 3982 40
276 3914 307 3970 in
327 3931 360 3970 se
386 3929 527 3970 reuersus
554 3912 716 3986 episcopus
743 3913 861 3970 erubuit
880 3931 914 3970 se
933 3912 1028 3970 inutili
1047 3912 1224 3987 cogitatione
1241 3913 1335 3971 tuisse
1355 3931 1425 3988 pre-

308 4079 317 4109 ¹
333 4078 384 4128 Vit.
399 4079 491 4128 Farras
502 4079 559 4128 last.
644 4076 654 4107 ⁸
670 4077 721 4128 Vit.
734 4079 897 4140 cogitantem
913 4095 955 4128 me
971 4079 1125 4128 metimini
1142 4079 1189 4128 viri
1206 4095 1304 4128 morem
1318 4082 1426 4129 sanctis·

276 4147 375 4206 simum,
394 4145 473 4206 pudet
489 4143 606 4193 socordia
623 4159 649 4194 n.
732 4143 812 4194 ¹om.
829 4144 856 4194 in
874 4145 902 4193 T.
985 4145 1046 4194 ‘al
1064 4161 1115 4196 om.
1194 4144 1252 4194 ³2.
1271 4145 1424 4208 proiecerat.

275 4210 353 4259 ‘vit
370 4212 451 4261 adds:
475 4209 543 4270 Quid
560 4211 587 4258 in
604 4209 695 4258 itinere
713 4210 805 4272 positil
883 4207 939 4260 Ἐ
952 4211 1114 4261 versantium.
1200 4209 1255 4259 ⁸1¹2.
1269 4211 1422 4273 {notavit

275 4277 386 4326 famulis.
462 4274 670 4325 'seuo.b.om.
683 4275 769 4327 invit
848 4275 867 4306 ¹⁰
884 4275 912 4325 Ε.
925 4277 1015 4327 codici.
1093 4274 1111 4304 ²¹
1128 4291 1178 4324 om.
1192 4276 1218 4324 in
1230 4275 1260 4325 T.
1339 4277 1358 4308 ¹¹
1374 4279 1425 4328 Vit.

275 4341 381 4394 Tenuis.
448 4339 469 4373 ²⁸
485 4340 514 4390 Τ.
527 4340 568 4390 dei
575 4357 583 4402 ;
600 4341 630 4391 E.
642 4341 747 4393 Christi.
813 4340 832 4372 ¹¹
849 4342 878 4394 Ε.
891 4343 994 4406 prodiit.
1061 4340 1080 4371 ¹⁸
1096 4341 1238 4393 Lieniter.
