3028 4894
270 243 342 314 394
580 217 711 307 unua
735 214 927 321 [meua
952 217 1103 320 unque.

267 419 362 493 inquit
378 419 474 486 miles,
487 417 518 476 in
532 419 708 492 despectum
726 419 806 492 regis
824 418 894 476 talia
910 418 962 476 tibi
980 419 1109 492 placent,
1122 419 1272 478 credibile
1289 421 1362 477 satis
1376 431 1414 475 est

267 509 347 582 quod
366 523 507 564 coronam
530 523 616 564 suam
634 506 710 564 velis
732 507 894 580 surripere,
912 515 942 563 et
961 524 1016 563 rex
1036 506 1185 564 nominari
1203 519 1238 565 et
1257 527 1347 566 esse:
1370 509 1414 563 sed

267 595 413 668 usquead
426 595 507 668 regie
521 594 671 667 dignitatis
688 611 799 652 nomen
818 611 924 651 reuera
941 611 1001 650 non
1014 594 1156 667 proficies
1166 599 1191 652 i’
1232 597 1291 652 Vir
1302 599 1352 654 dei
1368 597 1415 651 ait:

268 683 482 756 ‘Nequaquam
498 683 536 739 ad
550 682 630 754 regis
648 699 759 738 nomen
772 681 882 755 aspiro,
894 681 987 738 immo
999 691 1061 738 tres
1073 700 1211 752 coronas,
1226 683 1254 740 si
1273 685 1348 740 mihi
1360 686 1417 739 dau

239 781 350 840 ,resset
375 770 507 840 facultas,
528 779 721 826 annecterem
743 787 854 826 corone
878 773 949 826 sue!
985 768 1123 826 Tandem
1143 787 1219 826 vem
1241 781 1316 844 post
1337 773 1416 828 uerba

268 858 407 916 conuersi
420 867 489 916 sunt
502 857 612 915 milites
627 859 664 914 ad
677 857 849 926 monachos,
862 857 1013 914 dicentes:
1035 857 1101 914 ‘Ex
1113 867 1202 930 parte
1214 859 1336 916 domini
1348 861 1418 932 regis

268 945 354 1003 vobis
375 945 558 1020 precipimus
576 953 608 1002 vt
629 945 707 1002 hunc
733 945 888 1002 hominem
912 946 1070 1017 diligenter
1090 947 1284 1016 custodiatis,
1303 959 1335 1005 et
1360 965 1417 1004 cun

268 1033 422 1107 placuerit,
446 1033 530 1090 illum
555 1033 618 1106 regi
643 1031 842 1106 presentetis.'
883 1033 1137 1106 Archiepiscopus
1160 1033 1224 1090 ait:
1253 1035 1417 1108 ‘Numquid

269 1137 318 1178 me
333 1121 402 1194 iuga
415 1121 474 1178 labi
483 1121 561 1178 velle
574 1119 704 1194 putatis?
736 1119 841 1192 Neque
856 1137 911 1194 pro
923 1137 994 1194 rege
1008 1137 1106 1193 neque
1118 1138 1176 1194 pro
1188 1122 1298 1196 aliquo
1306 1123 1419 1180 uiuente

226 1223 256 1261 ιο
270 1207 370 1284 lugam
397 1209 486 1266 inibo.
525 1209 591 1266 Non
614 1209 683 1266 veni
704 1217 735 1264 vt
761 1209 906 1282 lugerem,
929 1209 983 1265 sed
1004 1216 1037 1265 vt
1060 1208 1225 1282 impiorum
1252 1212 1373 1268 rabiem
1394 1223 1419 1266 et

269 1297 417 1354 maliciam
434 1299 645 1372 expectarem!
683 1295 788 1364 ‘Vere,
801 1295 947 1370 inquiunt,
960 1313 1020 1353 non
1037 1295 1164 1370 effugies
1175 1299 1201 1352 i’
1243 1297 1312 1355 Illis
1328 1299 1418 1371 itaque

269 1385 300 1442 in
319 1385 446 1443 tumultu
465 1395 494 1442 et
513 1384 604 1442 minis
622 1383 855 1458 egredientibus,
870 1384 1014 1458 magister
1031 1383 1182 1442 lohannes
1201 1386 1243 1442 de
1264 1386 1419 1444 Saresbnri

269 1473 361 1530 dixit:
389 1472 545 1542 ‘Domine
565 1491 615 1530 res
639 1473 728 1530 nimis
753 1473 935 1530 admirabilis
959 1473 1104 1545 estquod
1126 1473 1241 1529 nullius
1264 1475 1419 1532 consilium

269 1559 408 1618 admittis
440 1560 547 1617 Nonne
560 1559 710 1618 sanctius¹
723 1569 814 1629 esset,
825 1559 927 1617 mitius
940 1560 984 1616 eis
997 1560 1119 1617 dedisse
1128 1576 1321 1632 responsum
1332 1565 1359 1618 2’
1390 1561 1421 1616 Et

227 1659 255 1710 ¹5
270 1649 337 1706 ille:
365 1648 547 1706 ‘Consilium
565 1648 624 1704 iam
643 1657 739 1705 totum
760 1665 866 1704 reuera
885 1657 1039 1721 acceptum
1059 1657 1113 1704 est
1151 1647 1233 1705 Noui
1256 1651 1337 1706 satis
1357 1651 1420 1722 quid

268 1753 357 1810 agere
387 1737 532 1794 debeam?
582 1735 620 1792 Et
656 1735 723 1793 ille:
762 1735 898 1792 ‘Vtinam
929 1745 1081 1792 annuente
1111 1736 1169 1791 deo
1199 1736 1322 1793 bonurn
1355 1739 1421 1793 sitl'

272 1811 417 1898 Egressis
435 1824 526 1897 igitur
543 1823 695 1892 militibus,
715 1833 744 1880 et
762 1823 949 1880 armantibus
967 1840 1009 1890 se,
1028 1823 1139 1880 intrant
1156 1823 1251 1897 aliqui
1271 1825 1314 1881 ad
1330 1826 1422 1881 virum

268 1913 326 1980 dei,
348 1913 501 1970 dicentes:
529 1911 686 1982 ‘Domine,
707 1921 824 1968 armant
845 1915 914 1969 sei'
952 1911 990 1968 Et
1014 1911 1080 1969 ille:
1107 1911 1191 1981 ‘Que
1213 1918 1312 1968 cura?
1340 1914 1423 1969 sinite

269 2001 405 2058 annare!
442 1998 580 2072 Cumque
600 1999 710 2056 milites
732 1999 837 2056 armati
855 2016 924 2056 cum
944 1999 1045 2056 mtdtis
1065 1997 1178 2056 curiam
1200 1999 1424 2074 archiepiscopi

226 2103 257 2140 ao
269 2088 440 2154 intrassent,
453 2087 585 2161 undique
597 2088 792 2144 acclamatum
805 2097 851 2144 est
864 2097 895 2145 vt
913 2087 1038 2161 sugeret.
1076 2087 1138 2144 Sed
1151 2086 1201 2142 ille
1214 2104 1274 2143 nec
1289 2089 1361 2144 loco
1375 2107 1423 2145 net

269 2177 370 2232 animo
383 2185 481 2232 motus
498 2183 553 2242 est,
567 2177 621 2232 sed
640 2176 764 2232 sedebat
777 2175 962 2248 intrepidus:
982 2175 1037 2232 sed
1050 2175 1172 2230 tandem
1186 2176 1335 2232 monachi
1351 2177 1425 2246 (licet
1489 2238 1490 2250 ,

205 2269 210 2278 '
269 2263 409 2335 inuitum)
432 2271 588 2320 traxerunt
612 2280 682 2320 eum
707 2264 745 2320 ad
766 2263 935 2320 ecclesiam.
971 2262 1084 2320 Audito
1107 2271 1209 2318 autem
1234 2275 1424 2321 arinatorum

269 2351 410 2422 aduentu,
434 2351 556 2423 quidam
584 2369 624 2409 ex
652 2351 792 2408 iratribus
822 2352 860 2408 ad
889 2367 1033 2424 vesperas
1063 2349 1276 2422 persistebant,
1303 2352 1426 2424 quidam
1491 2386 1492 2400 ι

270 2439 412 2496 timentes
431 2439 607 2496 diuerticula
625 2441 774 2513 petebant,
791 2439 912 2512 quidam
931 2437 1092 2494 subuenire
1109 2437 1248 2494 volentes
1267 2439 1307 2494 ad
1330 2441 1426 2496 virum

227 2541 256 2592 25
270 2527 319 2584 dei
343 2527 511 2585 veniebant.
558 2527 676 2597 Quibus
700 2537 730 2584 et
754 2527 812 2584 ait:
845 2527 907 2584 ‘lte
932 2535 962 2584 et
986 2525 1086 2582 diuine
1110 2523 1265 2582 seruitutis
1291 2545 1426 2599 pensum

270 2615 409 2687 explete!
448 2614 624 2672 Subsistens
636 2624 735 2672 autern
749 2616 796 2672 vir
808 2623 930 2672 sanctus
944 2615 982 2671 ad
995 2614 1114 2682 ostium,
1127 2613 1222 2670 dixit:
1243 2613 1428 2684 ‘Quamdiu

271 2702 375 2776 inquit,
383 2703 525 2760 tenebitis
537 2703 699 2770 introitum,
712 2721 772 2760 non
788 2703 933 2760 introibo!
971 2701 1008 2760 Et
1022 2710 1107 2758 stans
1119 2701 1149 2756 in
1163 2699 1267 2757 limine
1276 2712 1306 2758 et
1318 2704 1429 2761 videns

270 2791 432 2864 populares
444 2790 530 2863 quasi
542 2791 580 2846 ad
591 2791 795 2863 spectaculum
803 2791 880 2847 circa
892 2807 927 2848 se
939 2789 1130 2863 constipatos,
1139 2787 1231 2845 dixit:
1252 2789 1428 2860 ‘Quidnam

272 2880 375 2936 metuit
396 2896 473 2950 gens
497 2878 589 2934 istai'
630 2879 822 2950 Responsum
842 2888 905 2936 est:
931 2877 1089 2934 ‘Armatos
1114 2876 1144 2932 in
1170 2875 1320 2934 claustro)
1363 2881 1429 2936 ‘Ad

227 2985 258 3034 30
273 2967 356 3040 ipsos
370 2969 493 3038 (autem)
503 2967 521 3036 ²,
535 2967 575 3023 ait
589 2965 855 3039 (archiepiscopus)
865 2965 883 3034 ²,
896 2966 990 3022 exeo?
1029 2964 1261 3021 Prohibentibus
1278 2982 1354 3022 eum
1373 2968 1429 3024 fra·

272 3055 368 3110 tribus
387 3054 479 3122 exire,
494 3053 574 3127 cepit
591 3054 669 3110 circa
688 3054 780 3111 limen
797 3053 970 3124 obuersari3
998 3062 1028 3110 et
1048 3069 1116 3108 cum
1134 3053 1300 3124 procedere
1321 3071 1430 3112 mone·

273 3151 356 3198 retur
380 3150 410 3198 et
433 3141 472 3198 ad
496 3151 601 3198 sancta
624 3151 795 3199 sauctorum
820 3159 853 3200 se
879 3141 1025 3210 conferre,
1047 3149 1079 3197 vt
1100 3138 1314 3212 deier[re]tur⁸
1334 3144 1366 3198 ei
1389 3161 1428 3200 er

273 3227 442 3286 reuerentia
462 3229 527 3298 loci,
550 3246 610 3286 non
632 3229 788 3303 acquieuit.
825 3227 1089 3286 Tumultuantibus
1110 3226 1230 3284 interim
1253 3229 1375 3288 clericis
1399 3243 1429 3288 et

274 3317 429 3374 monachis
447 3326 477 3374 et
495 3326 613 3374 vectem
632 3318 763 3374 ferreum
782 3315 1007 3384 obducentibus,
1019 3315 1066 3372 vir
1084 3325 1205 3371 sanetus
1223 3315 1284 3372 ait:
1307 3317 1429 3388 ‘Abite,

229 3422 258 3472 35
274 3405 499 3479 pusillanimes;
525 3405 613 3462 sinite
632 3405 760 3464 miseros
777 3414 807 3462 et
825 3421 912 3462 cecos
929 3404 1064 3461 delirare.
1102 3401 1290 3476 Precipimus
1315 3403 1347 3462 in
1368 3407 1428 3462 vir-

273 3503 337 3550 tute
356 3493 525 3550 obedientie
544 3510 583 3550 ne
601 3493 711 3550 ostium
733 3493 894 3550 claudatis:
918 3509 978 3549 non
997 3491 1078 3548 enim
1098 3490 1185 3547 decet
1202 3491 1365 3550 ecclesiam
1384 3496 1429 3550 in·

274 3581 438 3639 castellari?
474 3581 605 3640 Omissis
617 3583 736 3639 interim
746 3582 882 3656 vesperis
894 3589 1053 3638 accurrunt
1064 3580 1210 3648 monachi,
1218 3589 1249 3635 et
1260 3591 1429 3652 pastorem,

275 3669 343 3727 licet
357 3669 482 3726 inuitum
495 3679 526 3726 et
542 3669 731 3738 renitentem,
743 3671 853 3727 clausis
870 3668 997 3726 ecclesie
1009 3667 1105 3724 valuis
1121 3667 1324 3724 introducunt
1361 3670 1426 3728 Sed

275 3773 433 3831 regressus
452 3756 623 3830 quantotius
646 3758 819 3831 increpabat
840 3775 894 3815 eos
915 3758 1040 3814 dicens:
1066 3755 1248 3812 ‘Dimittis‘
1267 3773 1355 3814 meos
1380 3757 1427 3814 in·

230 3865 262 3914 40
274 3848 387 3916 trare3’
404 3852 434 3902 et
446 3845 625 3902 accurrens⁸
636 3845 746 3902 ostium
758 3846 895 3920 apperuit
914 3855 943 3902 et
962 3861 1035 3901 suos
1054 3843 1105 3916 qui
1123 3841 1236 3900 deforis
1254 3855 1342 3900 erant
1361 3861 1425 3901 ma-

276 3934 364 3990 nibus
380 3932 443 3990 suis
455 3933 591 3990 trahebat
607 3932 638 3989 in
651 3933 819 4003 ecclesiam,
832 3934 953 3991 dicens:
974 3931 1104 3988 ‘Intrate
1116 3931 1219 3987 citius’
1254 3929 1394 3989 Tandem
1407 3951 1426 3990 a

275 4022 338 4080 suis
352 4021 422 4078 inde
434 4021 579 4077 violenter
589 4022 764 4092 abstractus,
777 4022 853 4078 ostia
865 4020 1012 4094 patefacta
1024 4019 1151 4092 reliquit.
1212 4005 1323 4076 Valuis
1335 4021 1426 4093 igitur

275 4109 396 4184 apertis,
413 4108 524 4166 milites
542 4118 729 4182 perscrutato
747 4109 856 4184 palatio
875 4126 931 4182 per
948 4109 1078 4166 claustra
1096 4114 1195 4177 ruunt,
1208 4115 1238 4163 et
1256 4107 1374 4180 gladios
1392 4109 1424 4164 in

310 4293 370 4343 ¹01.
381 4295 469 4344 satius.
537 4293 614 4343 ’om
627 4294 653 4342 iu
665 4293 694 4344 T.
762 4291 817 4344 Ἐ
832 4292 953 4343 defertur.
1018 4290 1075 4342 *Β
1089 4291 1204 4342 Dimitte.
1269 4289 1394 4343 'doec
