3062 4888
294 257 365 353 582
724 253 929 356 assume
956 255 1009 334 11.

290 457 464 524 diboerauit
487 456 541 512 nisi
561 457 609 530 qni
630 457 695 528 inge
717 457 842 529 presidio
865 475 898 514 se
921 459 1031 514 saluere
1052 467 1212 530 potnerunt.
1249 461 1355 533 Sioque
1380 471 1443 532 post
1511 497 1512 500 =

290 540 1442 612 mnnsenentusbellorumetmagnnssndoressanctietexerdtnseius.

289 624 365 678 exire
382 623 796 692 abillaregionecnactisunt.
832 627 1442 696 Excronr'ca'sEly‚Houdenc,etMmim2

288 705 313 764 t.
328 707 429 762 Postea
447 707 483 761 de
501 706 639 762 Orientali
651 707 754 776 Angli:
769 707 858 763 tertio
868 708 1008 764 adunatus
1020 709 1062 762 sui
1078 727 1156 764 nno
1166 709 1204 764 ad
1217 711 1382 765 Eboracum
1394 727 1444 780 per

262 803 368 854 emere
391 789 589 858 migraturam,
619 801 647 844 et
677 791 715 844 ibi
739 807 804 860 pars
834 790 957 845 maxima
980 791 1306 860 Nortbanimbrensimn,
1331 793 1443 848 duobus

290 873 401 942 regibus
420 872 567 927 Osbrntho
583 881 611 927 et
630 873 694 927 Aila
711 871 824 940 occisis,
834 873 974 928 occubuit.
1011 873 1067 942 Qui
1084 891 1151 928 vern
1168 885 1329 942 erasmum,
1342 893 1443 946 paoern

290 969 355 1010 eum
374 955 491 1024 paganis
508 955 681 1026 pepigerunt.
717 955 766 1010 Ea
784 957 903 1011 murs
921 957 1071 1010 Westnron.
1094 957 1118 1016 il
1138 958 1247 1026 Quarto
1258 970 1355 1014 amun
1367 975 1443 1014 auno
1512 987 1513 990 ¹

291 1037 489 1092 Northimbrns
496 1037 690 1108 relinquentes,
695 1039 889 1108 Snotyngbam
898 1051 927 1094 et
937 1039 1073 1094 Merulam
1080 1040 1268 1108 adiernnuvbi
1279 1059 1443 1111 perannum

290 1121 464 1190 hyemantes,
489 1121 550 1176 loca
574 1131 734 1176 sanctornm
758 1131 787 1176 et
806 1121 976 1176 monasteria
999 1139 1143 1176 sanorum
1162 1134 1191 1178 et
1209 1125 1375 1178 ancillarum
1397 1124 1442 1178 dei

248 1219 277 1256 rc
291 1203 479 1274 depredantes
502 1203 722 1258 combusserunt
758 1205 886 1274 Cumque
906 1221 958 1275 per
980 1221 1078 1259 omnes
1100 1205 1170 1260 linea
1190 1223 1341 1274 regnorum
1362 1219 1444 1261 tanta

290 1303 463 1356 paganorum
476 1285 638 1340 immanitas
650 1284 848 1340 disseminata¹
860 1285 974 1342 luisset:
992 1287 1076 1341 Ebba
1088 1298 1186 1342 saum
1195 1289 1443 1358 collingbamensis

290 1367 399 1422 cenobii
412 1368 564 1436 abbatissa,
577 1377 706 1424 metuens
718 1385 754 1424 ne
773 1369 834 1439 ipm
851 1385 915 1424 cum
929 1369 987 1424 suia
1002 1369 1144 1425 sororibus
1156 1371 1277 1426 ludibrio
1286 1373 1444 1428 cuderetur

290 1467 472 1521 paganonnn,
493 1451 656 1506 conuomtis
673 1451 782 1507 eisdem
803 1453 945 1508 sororibus
963 1452 1050 1508 dixit:
1070 1453 1268 1510 ‘numerant
1289 1456 1327 1509 ad
1346 1467 1443 1525 parta

289 1545 399 1589 nostras
407 1533 509 1604 pagani
522 1534 685 1606 nequissimi
696 1535 744 1606 qui
757 1535 818 1590 loca
831 1535 940 1604 singula
952 1535 1154 1606 perlustrantes
1166 1554 1219 1592 mc
1231 1537 1308 1592 sexui
1320 1537 1443 1594 femineo

247 1639 276 1692 't
290 1633 343 1672 nec
362 1617 539 1688 paruulorum
555 1627 671 1688 parcunt
687 1617 764 1672 etati.
802 1618 946 1672 Ecclesias
964 1627 994 1673 et
1012 1635 1149 1688 personas
1165 1620 1374 1675 ecclesiasticas
1392 1622 1442 1676 de·

290 1701 533 1768 struunt,ieminas
542 1699 768 1756 sanctimoniales
775 1699 985 1771 prostiuruntet
993 1701 1077 1756 obuia
1085 1700 1441 1773 sibiquequeconsurnunt.

293 1787 392 1855 ltaque
405 1784 428 1839 si
440 1783 563 1840 consiliis
577 1784 647 1838 meis
659 1783 841 1854 adquiescere
852 1783 1040 1851 decreueritis,
1052 1785 1234 1839 barbarorum
1246 1785 1355 1840 rabiern
1371 1787 1442 1840 effu·

289 1883 357 1938 gere
364 1867 519 1922 valebimus
528 1877 556 1922 et
569 1877 731 1937 perpetuam
741 1865 928 1935 virginitatem
940 1865 1147 1921 custodiemua¹
1167 1867 1220 1922 Cui
1233 1883 1297 1921 cnm
1310 1867 1441 1922 uniuersa

289 1949 476 2020 congregacio
485 1949 698 2020 spospondisset
708 1945 762 2018 [se]
773 1949 831 2003 suis
842 1949 869 2004 in
879 1949 1011 2004 omnibus
1019 1951 1212 2019 obtemperare
1220 1950 1374 2019 preceptis:
1394 1951 1441 2006 illa

246 2053 277 2092 ao
290 2049 355 2088 mox
364 2045 475 2104 arrepta
484 2033 621 2088 nouacula
630 2047 730 2086 nasum
739 2031 954 2102 propriumcum
962 2033 1042 2086 labro
1052 2031 1231 2102 superioriad
1244 2033 1343 2088 dentes
1353 2051 1441 2104 usque

290 2115 432 2188 precidit¹,
454 2127 482 2172 et
502 2114 674 2172 horrendum
694 2115 731 2170 de
751 2131 782 2169 se
806 2115 997 2185 spectaculum
1019 2115 1178 2170 astantibus
1203 2115 1320 2184 prebuit.
1356 2117 1440 2186 Quod

289 2201 393 2256 lactum
406 2215 515 2254 sorores
527 2197 700 2253 admirantes
712 2197 796 2252 simili
809 2198 846 2252 de
859 2215 890 2253 se
903 2198 999 2252 statim
1012 2213 1098 2267 opere
1113 2215 1131 2251 a
1149 2197 1266 2267 singulis
1281 2209 1442 2269 perpetrato

290 2293 416 2338 materna
430 2281 549 2352 vestigia
561 2290 625 2336 sunt
639 2291 743 2336 secute.
779 2281 817 2334 Et
836 2280 891 2335 biis
909 2280 995 2350 gestis
1009 2290 1145 2335 venerunt
1163 2281 1266 2336 tiranni
1280 2291 1309 2336 vt
1328 2293 1441 2336 sauma

289 2367 407 2420 feminas
426 2365 544 2420 ludibrio
562 2365 703 2418 traderent
720 2374 749 2418 et
761 2362 911 2433 spoliatum
930 2362 1129 2418 monasterium
1147 2375 1377 2420 concremarent:
1398 2375 1441 2419 set

246 2472 275 2523 ²5
290 2449 493 2519 conspicientes
515 2446 688 2502 abbatissam
706 2454 734 2501 et
756 2461 866 2500 sorores
882 2446 1009 2515 singulas
1024 2455 1083 2500 tam
1101 2445 1253 2501 enormiter
1271 2447 1414 2502 mutilatas
1421 2445 1440 2512 ⁸,

289 2547 353 2585 cum
377 2529 560 2586 festinacione
584 2539 765 2596 recesseram,
789 2539 818 2583 et
841 2529 1006 2584 recedentes
1029 2527 1093 2598 igne
1117 2527 1220 2584 iniecto
1239 2529 1441 2584 monasterium

289 2631 353 2668 cum
377 2613 495 2668 officinis
515 2622 545 2667 et
564 2611 632 2682 ipsis
652 2611 806 2681 virginibus
827 2623 1048 2667 concremarunt.
1085 2611 1119 2665 ln
1144 2612 1199 2666 hac
1219 2627 1330 2682 quoque
1350 2629 1441 2682 perse·

289 2697 404 2752 cucione
417 2697 559 2750 destructa
578 2695 688 2750 iuemnt
707 2693 882 2750 nobilissima
900 2693 1078 2760 monasteria,
1092 2693 1196 2750 scilicet
1211 2694 1442 2750 lindisfarnense

289 2780 500 2846 monachorum,
513 2777 542 2832 in
552 2793 609 2848 quo
619 2777 700 2832 aedes
712 2788 779 2832 tunc
791 2787 851 2832 erat
864 2777 1041 2842 cathedralis,
1054 2791 1138 2846 quam
1157 2777 1257 2831 beatus
1270 2778 1442 2833 Cuthbertus

244 2877 276 2928 30
290 2879 370 2918 sacra
383 2863 424 2918 sui
437 2861 561 2932 corporis
573 2859 718 2931 presencia
727 2859 894 2930 [decorauit]
907 2880 914 2927 ;
928 2855 1161 2930 Tynemu[t]ense
1170 2858 1441 2926 sanctimonialium

290 2945 434 3002 Girwense
453 2943 504 3016 [et]
520 2944 752 3000 Weremuthense
770 2945 981 3009 monachorum,
999 2941 1143 3014 inquibus
1162 2943 1242 2998 Beda
1260 2942 1360 2998 doctor
1374 2945 1442 2999 edu·

289 3039 369 3084 catus
381 3037 441 3084 erat
452 3046 459 3096 3
479 3027 708 3083 streneshalense
721 3026 983 3094 sanctimonialium,
995 3026 1071 3097 qnod
1083 3037 1182 3081 sancta
1196 3026 1285 3080 Hilda
1296 3027 1444 3083 abbatissa

288 3111 426 3166 fundauit.
463 3111 501 3165 Et
521 3111 619 3164 iterum
632 3125 706 3163 anno
718 3109 816 3180 quinto
829 3111 987 3164 Eboracum
1006 3109 1156 3176 redierunt,
1169 3109 1261 3179 ibique
1274 3127 1324 3179 per
1335 3127 1443 3166 annum

288 3204 451 3249 manserunt
474 3191 653 3259 insanientes,
674 3191 874 3261 debachantes,
893 3204 922 3249 et
943 3192 1037 3263 plures
1060 3191 1134 3247 viros
1157 3207 1192 3247 ac
1216 3191 1348 3248 mulieres
1367 3194 1443 3250 occi·

244 3291 274 3343 35
288 3278 396 3332 dentes.

439 3373 459 3426 ‘l
480 3375 645 3444 Quamne
664 3385 789 3429 rucanas
805 3385 849 3428 sn
867 3375 1074 3429 Esmuouau
1093 3384 1288 3430 annianum:

323 3511 376 3564 Ex
385 3511 503 3564 mm
514 3511 573 3580 ΕΙ]
584 3516 612 3564 et
629 3509 742 3564 ΨΜ.
772 3471 899 3600 SErto
925 3473 1008 3570 igitur
1031 3491 1105 3528 anno
1127 3473 1164 3528 ab
1186 3474 1318 3569 aduentu·
1332 3473 1445 3571 iliorum

860 3573 888 3610 in
919 3558 1060 3628 linguam,
1085 3568 1112 3612 et
1136 3575 1213 3612 anno
1241 3573 1319 3625 regm
1350 3571 1445 3614 sancti

289 3640 434 3696 Edmundi
459 3645 526 3706 xv0,
550 3656 647 3694 versus
672 3639 848 3709 Estangliam
872 3641 1039 3710 repedantes
1064 3651 1094 3694 vt
1118 3657 1149 3696 se
1174 3639 1202 3694 in
1227 3651 1356 3694 sanctum
1382 3643 1445 3698 Ed-

291 3723 429 3778 mundum
453 3722 637 3789 vindicarent,
667 3721 838 3777 monasteria
862 3721 1023 3790 Crulandie,
1052 3722 1202 3788 Thomeie,
1233 3721 1319 3791 Burgi
1350 3727 1445 3780 sancti

244 3827 277 3876 40
291 3806 373 3875 Petri,
386 3805 541 3873 Rameseie‚
560 3815 588 3860 et
607 3805 732 3874 Segham
751 3805 962 3872 monachorum,
977 3817 1004 3860 et
1023 3806 1078 3876 Ely
1091 3805 1354 3874 sanctimonialium,
1366 3810 1445 3878 quod

289 3889 373 3945 beata
397 3889 571 3944 Etheldreda
592 3898 789 3956 construxerat,
811 3905 875 3943 cum
899 3887 1031 3943 omnibus
1047 3888 1095 3959 qui
1118 3889 1191 3944 intus
1213 3897 1293 3943 erant
1316 3889 1391 3945 ferro
1416 3903 1445 3948 et

288 3971 410 4027 flammis
422 3971 623 4028 destruxerunt.
649 3971 855 4044 Warengsorde
866 3979 894 4026 et
904 3973 1023 4026 crom'cis
1036 3973 1148 4026 Westm.
1169 3973 1297 4042 Cumque
1305 3973 1445 4031 maximas

289 4065 382 4126 partes
400 4055 437 4109 ab
455 4051 621 4108 occidentali
640 4053 770 4123 aquilone
789 4055 990 4125 depopulando
1009 4065 1227 4126 peragrassent:
1246 4056 1345 4110 relicto
1360 4057 1445 4114 Vbba

289 4139 327 4193 ad
346 4137 470 4193 sarcinas
489 4153 553 4192 curn
573 4135 670 4206 spoliis
687 4147 715 4194 et
734 4137 839 4208 prediis
855 4136 1043 4206 innocentum,
1059 4139 1168 4207 lngwar
1181 4155 1245 4193 cum
1263 4139 1443 4197 multitudine

242 4239 275 4290 45
290 4230 460 4276 armatorum
480 4220 516 4274 ad
540 4220 718 4290 Estangliam
738 4219 915 4291 perueniens,
933 4221 1009 4291 apud
1027 4219 1170 4293 quandam
1189 4220 1336 4277 ciuitatem
1351 4223 1442 4280 sancti

388 4317 396 4348 ¹
415 4317 471 4368 MS.
483 4318 552 4368 desa.
711 4318 723 4353 ⁸
739 4319 795 4370 MS.
807 4318 933 4386 proscidit.
1098 4319 1110 4353 ⁸
1127 4317 1186 4371 HS.
1197 4319 1345 4374 mutulam
