3008 4904
259 311 329 382 ²18
570 311 701 398 noto
726 307 917 412 [tumltu
941 309 1094 414 finalia.

257 509 325 564 bilis
343 511 471 582 quedam
490 519 626 568 matrona
643 511 765 568 nomine
783 511 913 578 Lewina,
928 511 1116 569 Enoluesbiri
1126 513 1147 582 ¹,
1160 531 1219 586 que
1233 529 1319 569 nunc
1334 514 1421 570 ‘villa

256 597 351 654 sancti
370 598 472 654 Neoti’
492 599 607 670 dicitur,
620 599 749 668 domina,
769 600 818 656 vbi
838 600 989 672 quondam
1009 600 1144 656 eiusdem
1164 599 1257 656 sancti
1277 602 1422 674 corporis

256 684 374 758 glebam
397 686 461 744 siue
482 687 622 760 reliquias
647 687 811 760 discipulus
832 687 897 744 eius
917 687 1060 744 Barrius¹
1077 688 1222 746 diuinitus
1240 689 1421 744 admonitus

256 773 419 844 detulerat;
436 776 475 831 ad
489 775 702 832 monasterium
715 775 902 846 Croulandie,
910 775 958 832 cui
972 775 1064 833 frater
1075 794 1148 833 suus
1161 777 1341 833 Osketellus
1355 795 1422 850 pre

229 871 242 919 5
257 859 319 930 suit,
332 863 525 919 barbarorum
539 873 677 920 metuens
690 863 890 932 hostilitatem,
902 881 1004 920 amore
1022 863 1153 920 fraterno
1170 865 1333 936 compulsa
1350 866 1423 920 reli·

256 948 342 1020 quias
355 950 448 1007 sancti
464 951 549 1008 Neoti
562 951 694 1020 adduxit,
704 952 780 1007 sicut
793 953 938 1024 scriptum
954 951 985 1008 in
998 953 1103 1010 eodem
1118 953 1303 1008 monasterio
1317 954 1422 1026 palam

256 1038 430 1094 ostenditur.
467 1037 575 1096 'Vnde
589 1049 694 1112 postea
708 1039 909 1095 dubitantibus
927 1041 965 1096 de
985 1039 1042 1096 hoc
1061 1040 1240 1112 quibusdam
1260 1039 1422 1103 iratribus.

256 1124 348 1180 abbas
363 1123 554 1198 [Henricus]⁴
564 1125 688 1200 magna³
701 1143 769 1183 cum
782 1127 940 1183 deuotione
949 1127 1084 1184 accensis
1096 1128 1191 1183 cereis
1203 1126 1339 1184 loculum
1352 1146 1422 1184 cum

257 1213 362 1268 timore
382 1211 532 1286 frangens,
544 1213 659 1270 inuenit
673 1223 781 1270 testam
798 1213 912 1286 capitis,
925 1231 994 1270 ossa
1005 1216 1044 1270 de
1063 1215 1148 1284 collo,
1160 1215 1199 1270 de
1217 1216 1370 1286 scapulis,
1385 1217 1424 1270 de

215 1313 244 1348 ¹0
257 1299 387 1370 thorace,
404 1299 454 1356 et⁶
472 1301 615 1357 nonnulla
634 1317 703 1357 ossa
722 1301 860 1358 tibiarum
881 1310 911 1358 et
930 1319 1082 1358 coxarum.
1120 1299 1185 1356 Has
1206 1301 1291 1358 enim
1311 1319 1424 1359 seeum

257 1387 378 1443 domina
390 1387 504 1460 prelata
516 1389 622 1458 attulit,
631 1389 661 1444 in
674 1389 766 1462 priori
779 1391 845 1445 loco
857 1389 975 1446 ossibus
987 1390 1166 1462 quibusdam
1179 1407 1249 1446 cum
1262 1390 1424 1446 cineribus

257 1473 398 1531 dimissis.
424 1475 580 1533 Translata
592 1477 673 1534 enim
686 1476 806 1533 suerunt
818 1495 887 1534 ossa
900 1477 950 1534 illa
962 1479 999 1534 ab
1012 1479 1120 1534 abbate
1134 1476 1269 1533 Henrico
1287 1487 1319 1534 et
1336 1479 1425 1534 iuxta

257 1563 349 1618 altare
370 1563 400 1618 in
419 1563 532 1620 honore
550 1565 614 1620 eius
631 1574 833 1622 constructum
854 1565 1004 1635 collocata,
1020 1583 1101 1622 anno
1121 1563 1235 1622 domini
1254 1565 1426 1622 millesimo

258 1651 463 1708 ducentesimo
481 1652 693 1710 tertiodecimo.

295 1767 560 1840 [MS.Tib.adds:
725 1769 955 1831 alsuanum.

215 1883 243 1932 15
294 1855 487 1926 Venerabilis
506 1869 678 1942 Stephanus
697 1869 819 1927 Valerie
839 1869 992 1944 prouincie
1014 1869 1171 1943 presbiter,
1190 1887 1261 1926 cum
1284 1873 1422 1944 quadam

258 1955 307 2012 die
328 1959 366 2012 de
386 1957 493 2014 itinere
514 1959 635 2014 domum
657 1975 813 2030 regressus
836 1959 950 2027 luisset,
971 1958 1120 2030 mancipio
1146 1975 1200 2014 suo
1228 1959 1425 2031 negligenter

259 2044 385 2118 loquens
395 2045 529 2118 precepit
537 2046 640 2103 dicens
653 2067 659 2104 :
674 2045 769 2102 ‘Veni
780 2046 906 2114 diabole,
917 2045 1055 2102 discalcia
1065 2047 1131 2102 me!
1154 2045 1203 2101 Ad
1214 2045 1301 2101 cuius
1310 2063 1422 2103 uocem

259 2151 328 2190 mox
342 2145 486 2208 ceperunt
499 2153 531 2193 se
545 2136 706 2208 caligarum
718 2135 843 2208 corrigia
862 2135 892 2191 in
912 2153 1030 2192 summa
1049 2134 1204 2191 uelocitate
1224 2136 1369 2194 soluere:
1391 2146 1423 2192 ut

259 2231 364 2294 aperte
377 2232 527 2280 constaret
547 2225 626 2296 quod
647 2223 674 2280 ei
695 2224 761 2297 ipse
781 2223 831 2296 qui
849 2224 1020 2279 nominatus
1038 2222 1134 2279 suerat
1153 2223 1189 2278 ad
1210 2225 1422 2282 extrahendas

215 2329 246 2364 so
260 2311 369 2382 caligas
381 2311 516 2368 diabolus
529 2311 689 2369 obedisset.
725 2311 812 2380 Quod
827 2328 896 2367 mox
911 2319 942 2366 ut
954 2311 1104 2383 presbiter
1122 2310 1205 2379 uidit,
1216 2313 1424 2369 uehementer

259 2400 390 2470 expauit,
410 2399 585 2472 magnisque
610 2399 733 2455 uocibus
755 2400 883 2456 clamare
904 2397 982 2472 cepit
1005 2398 1127 2455 dicens:
1149 2397 1289 2455 ‘Recede
1315 2401 1423 2464 miser,
1499 2409 1500 2438 Ι

260 2487 386 2543 recede:
407 2505 466 2543 non
490 2487 571 2543 enim
593 2486 654 2557 tibi,
675 2496 721 2543 set
741 2486 889 2559 mancipio
912 2503 980 2542 meo
1002 2502 1069 2542 sum
1089 2485 1224 2541 locutus!
1262 2487 1312 2541 Ad
1333 2489 1424 2544 cuius

260 2591 366 2630 uocem
382 2575 519 2647 protinus
535 2574 668 2631 recessit.
699 2575 766 2644 Qua
780 2573 809 2629 in
824 2592 857 2630 re
870 2573 968 2646 colligi
981 2581 1089 2646 potest,
1102 2573 1242 2645 antiquus
1255 2573 1358 2632 hostis
1373 2575 1423 2649 qui

259 2671 320 2717 tam
334 2672 436 2734 presto
448 2671 494 2718 est
507 2661 591 2718 sactis
604 2661 817 2736 corporalibus,
831 2678 920 2734 quarn
935 2661 1033 2717 nimiis
1047 2660 1163 2716 insidiis
1181 2660 1293 2716 nostris
1305 2664 1424 2738 cogita·

217 2768 245 2818 ²5
260 2749 395 2806 cionibus
407 2751 524 2806 insistat
533 2749 564 2822 Ι]

410 2897 504 2971 tle
523 2925 639 2966 sancro
660 2897 803 2966 Nrurano
822 2925 965 2966 serscoeo
985 2925 1021 2965 rr
1040 2907 1260 2965 conrsssons⁸.

317 3031 406 3088 Ancti
440 3031 560 3087 Niniani
591 3030 773 3088 confessoris
804 3048 889 3087 sacra
919 3031 1157 3087 conuersationis
1188 3031 1361 3104 primordia
1395 3045 1425 3092 et

353 3118 519 3175 sanctitatis
549 3119 688 3192 insignia,
719 3119 894 3191 dignitatem
921 3117 1012 3174 officii
1038 3127 1068 3174 et
1095 3118 1222 3174 fructum
1248 3120 1426 3189 ministerii,

260 3205 356 3262 finem
374 3205 520 3280 optimum
538 3215 569 3262 et
585 3207 696 3263 laboris
713 3206 862 3280 premium
880 3206 1060 3262 venerabilis
1078 3205 1179 3262 Bedaa
1195 3207 1225 3262 in
1243 3206 1425 3280 Anglorum

263 3294 386 3350 historia
404 3295 594 3367 paucissimis
614 3295 830 3352 commendans
842 3293 953 3363 verbis,
966 3293 1006 3350 ita
1025 3295 1062 3350 de
1082 3311 1118 3350 eo
1138 3294 1239 3350 scribit
1251 3294 1285 3350 ²⁰:
1306 3295 1426 3355 ‘Anno

217 3407 248 3454 30
262 3383 300 3438 ab
325 3381 528 3438 incarnatione
555 3382 668 3438 domini
695 3381 936 3455 quingentesimo
962 3381 1255 3454 sexagesimoquinto
1274 3383 1362 3439 venit
1384 3387 1427 3442 de
1500 3449 1501 3470 χ

295 3515 302 3543 ¹
320 3529 351 3562 so
362 3514 404 3574 T.;
420 3515 449 3564 E.
464 3514 640 3572 euoluesberi3
657 3513 688 3563 al.
707 3513 903 3576 Ainolphsbury
915 3513 957 3566 (ab
969 3513 1122 3574 Ainulpho),
1136 3527 1198 3560 now
1211 3511 1383 3576 Eynesbury,
1397 3517 1426 3564 in

263 3580 514 3642 Huntingdonshire.
623 3579 765 3629 ²T.Barri.
863 3579 928 3629 ”Cl
942 3579 1006 3628 Will
1019 3581 1052 3627 de
1066 3578 1306 3639 Ramsey,insott
1319 3593 1344 3640 p.
1359 3596 1426 3642 330·
1500 3583 1501 3602 Ι

261 3647 340 3694 *om
407 3645 561 3697 ⁸om.inT.
627 3643 1006 3706 ‘etvineneltxxltqa
1150 3659 1152 3665 ·

294 3711 304 3740 Ι
321 3711 421 3761 Collect
433 3713 459 3761 in
471 3713 499 3762 T.
512 3730 518 3764 :

330 3772 452 3842 (Neo)te,
470 3780 564 3828 dilecte
582 3779 641 3837 deo,
654 3777 708 3826 uita
725 3791 783 3826 eras
801 3783 827 3824 et
844 3776 929 3824 animo
946 3781 1112 3824 consecratus
1129 3775 1242 3823 domino.
1277 3773 1356 3823 Nunc
1376 3793 1424 3826 ex·

263 3846 329 3894 ultas
350 3847 376 3893 in
397 3845 495 3906 fulgido
514 3845 664 3906 angelorum
685 3843 827 3892 consorcio.
864 3843 1016 3891 Recedebas
1038 3857 1053 3890 a
1076 3841 1171 3896 seculo,
1191 3855 1424 3902 πῶμεν-πωπω

262 3911 311 3960 soli
323 3911 380 3970 deo,
394 3911 445 3972 Qui
461 3918 488 3959 te
503 3911 587 3959 iunxit
598 3911 700 3959 sidereo
712 3910 862 3970 angelorum
874 3907 1052 3956 contubernio.
1088 3907 1125 3954 lbi
1138 3907 1219 3954 nostri
1237 3921 1336 3954 memor
1348 3919 1422 3959 osto.

262 3977 293 4026 V.
312 3976 365 4024 Ora
375 3993 423 4038 pro
435 3977 517 4026 nobis.

299 4039 394 4100 presta
413 4066 559 4114 quesumus,
582 4051 746 4112 omnipotens
765 4049 835 4110 deus,
858 4047 947 4108 utqui
970 4045 1077 4108 gloriosi
1100 4046 1258 4093 confessoris
1278 4045 1315 4093 tui
1335 4051 1422 4108 atque

262 4117 361 4168 abbatis
374 4118 451 4166 Necti
462 4117 733 4167 commemoracionem
749 4115 855 4177 agimus,
868 4114 937 4177 pium
948 4115 1018 4176 apud
1034 4112 1176 4160 maiestatis
1189 4119 1233 4159 tue
1245 4111 1420 4163 clemenciam

263 4183 290 4231 in
304 4193 393 4232 nostra
405 4184 589 4232 intercessione
601 4182 754 4240 senciamus,
765 4197 819 4242 per.

297 4247 306 4276 ⁸
321 4249 454 4310 Abridged
466 4249 530 4297 from
543 4249 588 4297 the
599 4247 657 4297 Vita
668 4249 703 4310 by
714 4247 803 4295 Ailred
816 4247 841 4294 in
854 4245 910 4294 MS.
924 4244 995 4294 Laud
1007 4243 1079 4292 Misc.
1091 4244 1140 4291 ⁶⁶8
1152 4242 1202 4290 and
1216 4241 1271 4290 Tib.
1285 4241 1308 4290 D
1324 4241 1358 4303 iii,
1375 4246 1419 4294 ed.

263 4315 290 4362 in
304 4315 444 4363 Pinlceiton
457 4315 506 4364 Vit.
522 4315 569 4364 SS.
583 4315 651 4363 Scot.
666 4316 716 4362 and
729 4314 749 4362 F
750 4311 832 4361 orbes’
846 4312 922 4360 Lives
934 4311 963 4360 ol
976 4311 1004 4360 S.
1018 4310 1051 4360 N.
1062 4311 1114 4358 and
1131 4309 1157 4358 S.
1171 4308 1328 4370 Kentigern,
1342 4309 1419 4373 1874.

264 4379 274 4408 ⁹
291 4380 319 4430 E.
333 4381 408 4430 bedo.
507 4381 526 4410 ¹⁰
543 4379 616 4429 Beda
629 4379 675 4428 111.
687 4395 711 4440 4.
