3036 4878
105 217 175 304 'us
187 251 305 304 nun-1³·
318 266 340 306 2.
354 253 389 321 a]
500 233 605 324 ttita
621 234 681 326 ὓ.
699 235 884 334 onam.
1198 208 1267 336 71¹1

113 437 238 494 cationis
250 455 411 510 aspergens,
428 456 542 496 omnem
559 440 596 496 ab
612 457 647 496 eo
665 451 832 512 potestatem
844 441 961 513 maligni
974 442 1089 513 spiritus
1104 437 1270 500 exsufflauit.

113 521 259 578 Redditus
280 523 376 595 itaque
395 525 565 594 parentibus,
586 534 634 580 aut
654 525 747 594 potius
767 525 829 590 sibi,
850 526 905 582 deo
923 527 1034 596 gracias
1050 527 1130 597 egit3
1154 536 1269 598 totoque

112 603 324 700 temporeluite
344 608 395 662 sue
415 625 529 664 securus
547 609 584 664 ab
605 608 730 664 omnium
752 608 898 680 spirituum
919 609 1105 681 malignorum
1123 610 1270 667 uexatione

111 698 280 760 permansit.

219 901 271 954 DE
288 911 362 956 Anto
381 911 568 957 Dumonrnoo
586 913 646 956 PER
665 911 795 956 1313an
814 901 1018 959 GUTHLactJM
1036 915 1172 962 curtam.

188 1035 243 1089 nat
262 1035 378 1104 quidam
395 1035 506 1102 nobilis,
525 1035 596 1092 iuius
616 1035 704 1092 exuns
724 1003 902 1092 nichenam
923 1054 1027 1104 eomes,
1045 1015 1160 1093 nomine
1178 1040 1297 1109 agga„

222 1118 270 1190 qui
290 1117 405 1173 immani
424 1118 597 1188 grassatione
615 1120 774 1174 demonum·
784 1121 984 1191 torquebatur:
1011 1121 1090 1176 cuius
1109 1121 1269 1192 propinqui,

115 1201 155 1256 de
176 1201 279 1256 Christi
300 1200 490 1256 misericordia
510 1212 539 1257 et
558 1203 633 1257 beati
652 1202 784 1258 Guthlaci
802 1202 909 1258 meritis
927 1204 1108 1270 confidentes,
1126 1221 1191 1260 eum
1208 1205 1269 1259 uiro

116 1285 164 1340 dei
187 1284 327 1340 htuniliter
346 1295 373 1340 et
395 1286 497 1340 deuote
517 1295 687 1356 presentant,
707 1285 831 1357 fletuque
851 1297 879 1342 et
903 1288 1009 1356 gemitu
1031 1287 1193 1358 suffragium
1218 1304 1269 1367 sue

115 1367 327 1424 intercessionis
348 1367 508 1438 implorant.
543 1368 673 1424 Accinxit
691 1387 756 1425 eum
776 1369 819 1424 uir
839 1370 883 1426 dei
904 1371 1015 1441 cingulo
1034 1389 1104 1427 suo:
1126 1381 1154 1427 et
1173 1372 1269 1426 statim

116 1452 235 1520 maligni
249 1451 363 1522 spiritus
375 1451 496 1506 cessauit
514 1452 671 1522 quassacio.
708 1454 773 1524 lpse
784 1470 852 1508 uero
864 1452 918 1508 deo
930 1454 1040 1523 gracias
1056 1455 1187 1522 reserens,
1199 1471 1269 1510 zona
1284 1474 1315 1510 ιο

115 1535 193 1590 beati
219 1535 269 1589 uiri
293 1543 353 1590 toto
376 1545 503 1605 tempore
527 1535 584 1590 uite
608 1553 658 1591 sue
681 1553 712 1591 se
736 1535 840 1606 cinxit;
866 1554 920 1593 uec
941 1555 1005 1592 eum
1025 1539 1129 1594 demon
1153 1539 1268 1594 ulterius

115 1619 251 1676 infestare
269 1618 447 1691 presumpsit.

136 1847 187 1902 Da
206 1859 331 1904 nuosus
349 1859 492 1904 cnanrcrs
509 1858 673 1904 cmusnau
690 1857 827 1914 assarta
846 1858 984 1911 Quorum
1001 1859 1250 1904 runrrrunrnan

367 1959 487 2004 auarus
505 1948 699 2003 Guramcus
717 1959 754 2001 ru
773 1958 900 2002 srmrru
920 1959 1021 2034 irrora.

179 2081 356 2136 Onsueuerat
368 2079 483 2152 quidam
502 2082 590 2136 abbas
607 2082 721 2136 beatum
738 2079 908 2135 Guthlacum
925 2066 1099 2150 frequencius
1111 2079 1225 2135 uisitare
1238 2089 1268 2136 ut

213 2164 304 2218 abeo
328 2165 415 2218 uerba
433 2163 617 2219 edificationis
641 2164 789 2234 acciperet,
811 2179 897 2233 seque
916 2161 991 2217 beati
1012 2161 1064 2218 uiri
1085 2162 1215 2233 precibus
1239 2172 1268 2218 et

116 2247 225 2303 meritis
246 2245 488 2318 commendare[t].
528 2247 660 2317 Quadam
682 2246 777 2317 itaque
799 2247 846 2300 die
867 2263 931 2300 curn
949 2246 1039 2301 abbas
1061 2245 1137 2300 iuxta
1155 2245 1267 2301 solitum
1283 2259 1311 2310 15

115 2348 225 2386 morem
244 2330 296 2386 iter
313 2331 350 2384 ad
368 2347 432 2384 eum
449 2330 640 2401 proposuisset
658 2329 793 2400 arripere,
808 2331 865 2384 duo
883 2327 977 2383 clerici
996 2329 1107 2384 abbatis
1119 2328 1267 2384 licenciam

55 2479 64 2492 ‘
115 2423 286 2484 acceperunt
299 2413 335 2467 ab
348 2429 390 2480 eo,
402 2413 564 2468 simulantes
576 2414 697 2485 quedam
709 2411 827 2482 negocia
839 2429 869 2468 se
882 2411 986 2467 habere
999 2411 1101 2484 quibus
1118 2413 1267 2482 oportebat

116 2515 168 2554 eos
191 2497 350 2552 necessario
368 2497 576 2567 presencialiter
597 2497 738 2552 interesse.
773 2497 886 2553 Abbate
911 2497 994 2568 igitur
1017 2497 1210 2568 proficiscente
1230 2497 1268 2552 ad

117 2582 208 2636 uirum
222 2581 266 2635 dei
278 2581 464 2636 Guthlacum:
479 2581 517 2635 illi
536 2579 675 2652 ueni[unt]
692 2582 730 2636 ad
742 2581 858 2636 domurn
871 2580 1018 2636 cuiusdam
1031 2581 1157 2649 uidue,et
1169 2581 1268 2636 horam

116 2664 312 2737 preuenientes
324 2664 440 2718 terciam
449 2663 467 2733 ¹,
481 2674 614 2736 ceperunt
633 2663 759 2719 ebrietati
779 2675 807 2719 et
825 2665 945 2734 crapule,
958 2663 1097 2719 cubilibus
1109 2681 1221 2735 quoque
1239 2672 1267 2718 et
1282 2678 1314 2714 ao

117 2747 314 2824 impudiciciis,
327 2747 482 2819 ceterisque
499 2746 725 2802 extraordinariis
744 2747 932 2816 uoluptatibus
949 2747 1074 2817 corporis
1091 2746 1269 2816 impudenter

45 2869 49 2876 ·
117 2841 146 2888 et
165 2829 382 2901 dampnabiliter
401 2830 552 2900 indulgere.
591 2831 663 2886 Cum
681 2845 748 2884 uero
767 2839 882 2883 sanctus
902 2829 1055 2883 Guthlacus
1073 2837 1102 2883 et
1121 2828 1211 2882 abbas
1230 2827 1267 2882 de

117 2914 206 2970 sacris
219 2915 255 2969 ad
268 2913 388 2968 inuicem
405 2913 562 2970 conferrent
578 2912 741 2983 colloquiis:
760 2911 804 2965 uir
820 2910 864 2966 dei
882 2910 1082 2980 turpitudinem
1094 2909 1266 2974 clericorum,

117 2997 217 3068 spiritu
237 3007 338 3051 sancto
353 2996 495 3051 reuelante
517 2996 702 3067 conspiciens,
720 3003 748 3049 et
770 2993 856 3049 uerba
878 3003 905 3049 et
928 2992 1112 3048 01a¹eorum
1133 2992 1207 3062 cepit
1228 2992 1268 3047 ita

118 3081 243 3136 indicare
255 3078 402 3142 abbatiae
415 3081 438 3135 si
453 3081 537 3135 ambo
550 3080 627 3135 iuxta
641 3077 758 3133 clericos
774 3085 867 3132 essent
879 3073 1008 3132 eminus⁸
1020 3074 1174 3130 constituti.
1200 3076 1267 3129 Per·
1282 3095 1312 3146 ²5

117 3164 206 3235 ceptis
223 3180 290 3232 ergo
307 3163 475 3218 salutaribus
492 3163 605 3218 monitis
624 3173 652 3218 et
670 3159 865 3218 benedictione
881 3169 1007 3230 accepta,
1026 3174 1154 3214 reuersus
1170 3168 1213 3212 est
1229 3157 1267 3212 ad

117 3246 319 3303 monasterium
331 3261 412 3300 suum
427 3246 525 3302 abbas.
563 3244 615 3301 Cui
632 3261 696 3300 curn
715 3243 752 3298 illi
770 3243 826 3298 duo
841 3241 933 3297 clerici
950 3241 1117 3297 salutatione
1130 3239 1267 3311 premissa

119 3340 304 3398 occurrerent,
318 3328 379 3383 illos
391 3345 486 3384 secum
496 3329 629 3394 retinens,
641 3327 712 3382 alios
719 3325 795 3384 exire
805 3325 938 3396 precepit.
963 3324 1099 3395 Proponit
1110 3323 1153 3379 eis
1164 3339 1219 3394 que
1231 3321 1268 3377 de

119 3414 189 3485 ipsis
212 3412 347 3468 audierat.
385 3410 440 3480 Qui
466 3428 530 3466 cum
555 3410 603 3467 in⁴
622 3410 730 3466 inficias
755 3410 827 3465 irent
848 3425 935 3480 seque
958 3419 1105 3479 tamquam
1129 3405 1268 3462 immunes

119 3513 136 3552 a
161 3498 251 3566 culpa,
272 3506 301 3552 et
324 3496 362 3550 ab
385 3495 502 3550 obiectis
527 3511 639 3565 prorsus
661 3491 798 3556 innoxios,
819 3491 975 3562 procaciter
998 3499 1170 3556 excusarent,
1194 3487 1267 3559 cepit
1281 3513 1314 3565 30

118 3581 208 3637 abbas
220 3589 248 3634 et
260 3595 364 3634 nomen
380 3578 464 3634 uidue
481 3578 644 3649 exprimere,
657 3586 685 3632 et
703 3577 796 3632 locum
813 3586 841 3632 et
854 3585 973 3645 tempus,
985 3585 1014 3631 et
1032 3575 1120 3630 uerba
1131 3583 1159 3628 et
1172 3587 1267 3642 opera,

117 3675 145 3719 et
170 3661 296 3718 omnium
320 3671 434 3716 actuum
464 3659 692 3716 circumstancias
715 3658 839 3714 seriatim
861 3668 891 3714 et
915 3658 993 3729 quasi
1018 3656 1171 3719 nisibiliter,
1195 3653 1268 3708 sicut

119 3765 136 3802 a
148 3747 232 3802 beato
245 3745 384 3802 Guthlaco
398 3743 542 3811 didicerat,
555 3743 693 3799 intimare.
719 3741 762 3797 Illi
775 3759 843 3796 uero
855 3741 1012 3796 certissima
1024 3755 1073 3794 sue
1086 3734 1266 3807 turpitudinis

118 3829 224 3886 indicia
247 3837 458 3898 cognoscentes,
482 3837 627 3898 tamquam
651 3825 771 3881 conuicti
795 3834 823 3879 et
847 3821 967 3878 confessi
990 3821 1101 3876 ueniam
1126 3817 1267 3874 humiliter

119 3915 278 3984 postulaut;
298 3911 521 3968 inestimabiliter
538 3909 711 3966 admirantes
727 3916 837 3962 tantam
856 3906 902 3960 dei
921 3903 1047 3974 graciam
1068 3901 1097 3957 iu
1117 3903 1265 3969 Guthlaco,
1279 3921 1310 3972 35

118 4015 202 4069 quern
214 3996 301 4052 uerba
313 3995 424 4054 occulta
435 4003 463 4050 et
475 4003 583 4050 remota
595 4009 682 4064 opera
692 4007 750 4048 non
760 3989 894 4044 latebant.

217 4135 227 4166 ¹
243 4132 314 4185 Fet:
331 4131 392 4184 duur
403 4147 452 4183 non
464 4131 545 4182 adbuc
555 4130 618 4180 hora
629 4127 706 4181 tercia
716 4135 787 4180 esset
973 4121 984 4150 ¹
998 4121 1029 4173 T.
1045 4121 1074 4173 E.
1085 4135 1169 4187 opera

380 4197 391 4228 ⁸
407 4215 427 4252 r.
438 4199 594 4249 comminuat
887 4188 898 4220 ⁴
914 4189 1006 4242 enain.
