3062 4876
267 218 344 296 ‚720
640 279 644 292 ,
697 195 900 300 appamia
927 196 1003 274 Ill.

267 400 509 457 reuerentissimus
526 407 606 470 pater
622 399 702 470 quasi
719 400 822 456 uadem
835 399 995 456 dilectionis
1013 409 1042 455 et
1059 397 1188 455 obsidem
1201 415 1303 470 corpus
1316 416 1404 454 suum
1421 417 1432 464 ς

268 493 297 540 et
310 484 351 540 sic
362 483 508 542 uobiscum
520 483 701 554 corporaliter
712 483 860 552 habitabit,
872 485 963 539 donec
975 483 1105 539 reinduat
1117 500 1231 539 carnem
1244 500 1331 554 quam
1344 483 1432 553 apud

269 584 320 622 uos
333 568 501 638 quandoque
513 566 653 637 deposuit,
667 567 738 622 ‘deo
751 567 858 638 aliquid
874 566 973 622 melius
988 567 1154 638 prouidente
1169 584 1220 638 pro
1232 566 1335 632 nobis‚’
1347 567 1431 620 sicut

269 651 305 706 de
328 649 382 705 isto
405 661 433 705 et
455 651 492 705 de
511 649 573 704 aliis
595 649 700 706 sanctis
722 648 790 704 dicit
809 651 962 720 apostolus,
984 651 1108 705 ‘utnon
1129 660 1340 704 consummetur
1358 650 1431 704 sine

240 733 367 794 snobis!
404 734 585 788 Honoremus
597 732 682 802 igitur
699 743 808 804 patrem
824 743 853 788 et
869 743 1019 804 patronum
1035 743 1172 801 nostrum,
1184 733 1232 804 qui
1244 732 1273 786 in
1286 731 1432 802 religione

268 833 321 872 nos
339 816 445 886 genuit,
465 815 512 887 qui
537 814 648 871 assidue
669 833 719 886 pro
744 816 848 872 nostris
866 814 1083 871 necessitatibus
1102 827 1168 872 ante
1190 815 1431 886 propiciatorium

269 899 362 955 diuine
384 897 571 955 miserationis
593 899 710 954 deuotus
731 898 846 954 assistit.
890 898 927 953 Ei
948 909 1043 954 autem
1063 899 1153 953 honor
1173 898 1350 954 exhibendus
1367 907 1430 965 est,

268 1000 325 1038 non
344 993 454 1038 tantum
476 983 505 1038 in
525 981 596 1037 albis
621 993 649 1038 et
669 982 824 1050 oloxericis,
842 999 900 1037 non
919 981 947 1036 in
967 999 1070 1036 uocum
1090 980 1289 1044 modulatione,
1309 997 1369 1036 nou
1389 981 1427 1036 in

269 1065 415 1136 campanis
433 1076 461 1122 et
480 1065 601 1135 organis,
614 1081 671 1120 nort
686 1065 714 1120 in
733 1065 917 1120 luminaribus
929 1074 957 1120 et
974 1064 1138 1120 lautioribus
1154 1064 1244 1120 cibis:
1265 1065 1317 1120 sed
1330 1064 1429 1135 gloria

226 1160 258 1198 ιο
269 1149 357 1220 patris
369 1159 412 1204 est
431 1148 542 1220 sapiens
560 1149 640 1216 filius,
654 1149 741 1218 patris
760 1151 848 1204 honor
863 1157 907 1204 est
919 1147 1033 1203 deuotio
1051 1147 1150 1216 filialis,
1164 1159 1262 1203 mutua
1281 1149 1355 1203 inter
1367 1165 1426 1203 nos

269 1233 380 1300 caritas,
393 1231 563 1287 conscientie
576 1231 727 1300 mundicia,
740 1241 768 1286 et
787 1231 894 1302 puritas
907 1231 1034 1286 actionis.
1073 1232 1124 1286 llle
1140 1231 1225 1301 igitur
1236 1231 1285 1302 qui
1303 1231 1426 1286 beatum

269 1315 438 1372 Guthlacum
447 1314 589 1369 miraculis
597 1313 844 1369 innumerabilibus
854 1314 1009 1382 illustrauit,
1018 1314 1094 1368 labia
1101 1324 1196 1369 nostra
1207 1314 1235 1368 in
1245 1331 1313 1369 suas
1321 1315 1427 1370 laudes

269 1398 377 1468 aperire
389 1397 537 1468 dignetur:
557 1397 594 1452 ad
606 1396 685 1452 cuius
703 1397 821 1468 gloriam
835 1397 910 1453 cedit
926 1397 1061 1470 quicquid
1079 1397 1115 1452 de
1128 1407 1289 1453 sanctorum
1302 1414 1425 1454 suorum

268 1479 436 1536 miraculosa
447 1481 549 1536 uirtute
561 1490 697 1536 narratur.

334 1620 471 1673 INCIPIT
487 1619 715 1673 TRANSLATIO
732 1621 837 1672 BEATI
854 1621 1040 1674 GUTHLACI
1057 1621 1134 1674 CUM
1152 1621 1349 1675 MIRACULIS

760 1704 926 1757 EIUSDEM.

227 1813 257 1868 15
271 1799 457 1928 TEmpore
475 1817 531 1871 quo
547 1799 631 1856 beate
652 1799 852 1856 recordationis
867 1801 956 1856 abbas
974 1798 1147 1857 Waldeuus¹
1163 1800 1337 1857 monasterio
1356 1819 1425 1873 pre·

368 1884 477 1940 sidehat
490 1883 518 1939 in
532 1900 589 1954 quo
607 1883 680 1938 beati
699 1882 830 1938 Guthlaci
850 1900 951 1954 corpus
969 1883 1078 1954 insigne
1090 1884 1277 1940 collocauerat
1289 1896 1422 1942 ueterum

269 1979 380 2040 patrum
393 1967 553 2024 ueneranda
567 1965 697 2022 deuotio:
716 1967 810 2022 celesti
826 1967 923 2037 gracia
935 1967 1069 2024 diuinitus
1081 1967 1242 2039 inspirante,
1256 1968 1422 2040 omnesqui

270 2052 375 2108 ibidem
398 2051 513 2107 domino
534 2050 699 2119 militabant,
719 2050 814 2105 uotiua
833 2059 860 2106 et
884 2050 1041 2106 communis
1062 2051 1098 2106 ad
1120 2051 1174 2106 hoc
1193 2051 1276 2106 traxit
1296 2051 1424 2119 affectio,

269 2145 299 2191 vt
319 2144 378 2191 tam
396 2136 554 2206 preciosum
572 2135 742 2201 thesaurum,
760 2150 843 2205 quem
858 2135 952 2189 adhuc
970 2135 1161 2190 abscondebat
1176 2135 1260 2204 gleba
1276 2135 1421 2204 humilior,

226 2219 382 2276 roaliectio
407 2219 496 2274 filialis
521 2219 550 2273 in
574 2219 760 2274 eminenciarn
782 2218 870 2289 glorie
894 2218 1054 2274 celebrioris
1078 2219 1196 2274 efferret.
1246 2221 1337 2290 Super
1365 2220 1424 2276 boc

270 2304 365 2374 itaque
388 2303 521 2358 abbatem
545 2318 626 2356 suurn
650 2301 753 2357 blande
777 2301 954 2368 conueniunt,
973 2313 1002 2358 et
1023 2303 1099 2373 quod
1124 2303 1196 2358 inter
1219 2302 1425 2359 desiderabilia

269 2385 352 2440 huius
376 2384 472 2440 mundi
498 2385 640 2440 habebant
662 2385 691 2439 in
715 2384 789 2439 uotis
813 2384 983 2456 precipuum,
1003 2385 1100 2440 humili
1125 2385 1260 2440 relatione
1279 2387 1424 2457 aperiunt.

269 2469 321 2523 llle
333 2477 436 2536 autent,
448 2469 518 2522 sieut
530 2467 573 2521 uir
584 2466 806 2522 nominatissime
815 2468 955 2537 religionis
967 2478 995 2524 et
1008 2468 1078 2523 mire
1087 2469 1311 2526 mansuetudinis
1324 2471 1422 2538 homo,

268 2549 517 2622 supplicationibus
530 2549 647 2604 filiorum
660 2560 770 2618 gratum
788 2549 944 2620 impartitur
955 2567 1120 2607 assensum:
1141 2562 1168 2607 et
1181 2563 1210 2606 ut
1223 2561 1282 2606 tam
1295 2553 1422 2620 gloriose

225 2651 255 2703 ²⁵
267 2632 441 2689 translationi
459 2631 619 2687 reuerencia
634 2631 809 2688 exhiberetur
824 2633 984 2704 impensior,
997 2634 1121 2690 decreuit
1138 2633 1271 2690 ieiunium
1290 2636 1333 2691 eis
1345 2635 1420 2690 indi-

223 2725 228 2734 “
268 2735 331 2774 cere
344 2717 510 2773 triduanum.
545 2715 592 2770 Ad
604 2715 793 2771 effodiendum
801 2717 975 2772 auternhanc
987 2717 1223 2786 preciosissimam
1235 2719 1421 2788 margaritam

268 2820 324 2874 que
333 2802 438 2858 latebat
448 2800 476 2855 in
484 2808 566 2867 terra,
578 2810 697 2870 quatuor
704 2800 740 2854 de
750 2799 812 2870 ipsa
819 2799 1036 2869 congregatione
1046 2799 1262 2856 *deliberatione
1271 2801 1418 2858 communi

268 2885 348 2942 electi
367 2894 440 2952 sunt,
453 2883 500 2955 qui
518 2893 547 2938 et
564 2882 662 2937 mento
680 2881 843 2950 sanctitatis,
855 2893 884 2938 et
902 2884 1062 2939 uenerande
1079 2885 1231 2939 senectutis
1243 2884 1421 2954 auctoritate,

268 2969 369 3024 ceteris
379 2967 582 3038 preminebant.
614 2966 658 3020 llli
668 2975 762 3022 tamen
771 2983 913 3021 sacrorum
923 2965 1101 3037 inquisitione
1109 2967 1256 3037 pignomm
1264 2985 1327 3024 sese
1335 2983 1418 3038 repu-

224 3065 257 3118 30
269 3061 360 3108 tantes
368 3049 540 3120 indignos,in
548 3049 733 3105 excusationis
742 3049 1007 3104 materiamsuorurn
1016 3049 1420 3106 insufficienciammeritorum

268 3133 409 3190 humiliter
421 3133 587 3202 allegabant.
613 3134 699 3186 Porto
706 3131 844 3203 presentis
851 3132 909 3187 uite
922 3131 1114 3202 imperfectum
1127 3136 1239 3204 supplet
1252 3134 1421 3190 obediencie

268 3217 364 3273 uirtus
399 3217 483 3271 Vnde
502 3226 530 3270 et
545 3215 655 3271 abbatis
673 3214 713 3270 sui
733 3214 846 3270 monitis
865 3215 1032 3271 salutaribus
1050 3215 1179 3284 instituti,
1190 3233 1256 3272 cum
1271 3219 1372 3273 timore
1390 3227 1422 3274 et

268 3310 389 3355 tremore
401 3301 437 3354 ad
453 3310 512 3354 tarn
531 3309 658 3354 sanctum
674 3297 849 3370 propositum
867 3315 897 3353 sc
915 3297 1072 3368 accingunt.
1110 3299 1231 3370 Impleto
1243 3301 1421 3358 abstinencie

268 3383 371 3450 triduo,
389 3399 453 3438 cum
472 3382 514 3438 sol
532 3383 570 3437 ad
589 3399 737 3453 uesperum
756 3381 917 3450 declinaret,
935 3381 1080 3454 prescripti
1099 3383 1199 3438 fratres
1216 3385 1254 3438 ad
1273 3385 1349 3440 beati
1367 3384 1421 3442 uiri

224 3485 256 3538 35
268 3467 447 3538 sepulcbmm
465 3465 493 3520 in
511 3465 626 3520 silencio
644 3477 673 3521 et
692 3466 720 3520 in
744 3465 842 3536 spiritu
861 3465 1026 3520 humilitatis
1044 3467 1190 3521 accedunt.
1243 3468 1331 3538 Operi
1350 3485 1421 3538 ergo

270 3567 334 3606 curn
365 3549 504 3619 ligonibus
529 3556 557 3603 et
587 3547 649 3603 aliis
677 3547 853 3603 ferramentis
883 3549 1024 3617 insistunt,
1053 3559 1145 3620 atque,
1170 3560 1200 3604 ut
1232 3550 1271 3605 ad
1301 3551 1422 3622 pignora

269 3633 431 3689 ueneranda
442 3631 610 3702 pertingant,
624 3631 769 3702 multiplici
782 3641 897 3687 utuntur
908 3631 1042 3687 artificio:
1062 3634 1112 3688 sed
1131 3634 1288 3688 nonhabet
1301 3645 1422 3692 conatus

269 3718 409 3774 effectum.
449 3717 533 3772 Tanti
553 3713 656 3772 laboris
677 3715 819 3772 frustratio
839 3716 1064 3787 desperationem
1086 3727 1182 3788 posset
1203 3718 1345 3786 inducere,
1365 3719 1422 3774 nisi

270 3802 453 3872 ‘respexisset
471 3801 601 3856 dominus
619 3799 648 3853 in
664 3797 819 3854 orationem
836 3799 998 3868 humilium,³
1011 3811 1095 3871 atque
1107 3801 1144 3855 ad
1157 3799 1338 3856 hesitantium
1351 3819 1422 3857 con·

225 3905 259 3954 40
270 3885 457 3940 firmationem
478 3883 644 3939 miraculose
665 3881 780 3937 uisionis
800 3881 953 3938 induxisset
974 3883 1140 3954 auspicium.
1178 3884 1258 3940 Beati
1280 3885 1422 3956 siquidem

272 3968 404 4025 Guthlaci
440 3967 584 4034 sanctitas,
614 3983 783 4037 suorumque
819 3965 981 4021 meritorum
1011 3967 1165 4037 exigencia,
1198 3967 1361 4037 postulabat
1390 3979 1422 4024 ut

270 4069 373 4122 corpus
386 4051 466 4118 illius,
479 4051 526 4122 qui
539 4053 632 4106 lumen
648 4049 750 4119 Anglie
767 4049 864 4116 iuerat,
877 4049 988 4105 celestis
1000 4051 1112 4106 luminis
1124 4051 1295 4106 reuelaretur
1308 4050 1423 4110 indicio.

270 4136 355 4191 Vnde
378 4145 406 4191 et
428 4136 502 4190 cirea
522 4133 694 4204 gallicinium
715 4132 912 4188 excubantium
931 4132 961 4188 in
985 4133 1110 4189 oratioue
1134 4133 1231 4189 oculos
1250 4135 1279 4190 in
1304 4136 1423 4192 modum

402 4235 410 4265 ¹
426 4234 469 4285 He
480 4249 531 4285 was
542 4233 620 4284 abbot
634 4233 788 4297 11²4·¹138·
975 4231 1116 4284 ’omnium
1126 4233 1224 4284 crossed
1236 4241 1288 4284 out.
