3044 4894
299 339 345 413 54
609 321 740 408 mutu
765 317 954 423 termut
978 319 1129 422 anate.

297 519 405 589 lorum,
419 537 487 576 cum
500 528 616 578 teneret
628 520 724 577 vicem
744 537 839 590 suam,
852 531 881 578 et
900 521 1080 578 incolumem
1097 521 1298 595 intactamque
1312 530 1462 594 segetem

300 623 422 664 seruare
435 625 494 664 non
510 616 622 681 posset,
636 609 770 665 diuinum
787 608 944 665 consilium
963 618 994 665 et
1010 609 1152 666 auxilium
1165 609 1283 682 querit:
1304 619 1336 666 et
1348 611 1461 665 datum

300 783 410 851 volare,
420 800 475 839 nec
484 791 635 855 poterant:
648 783 859 856 compellitque
868 772 948 840 illos¹
959 793 1028 840 ante
1037 801 1070 840 se
1080 783 1262 856 abire,quasi
1272 784 1463 840 domestica¹

271 871 506 943 squadrupedia
531 880 696 942 spontanea
720 871 880 927 voluntate.
916 871 1018 927 Coacti
1034 872 1072 927 ad
1090 871 1218 928 ostium³
1237 881 1405 939 venerunt,
1432 883 1462 927 et

301 957 378 1014 ostio
390 965 494 1030 aperto
506 957 573 1014 sine
586 975 670 1015 mora
683 957 877 1015 intrauerunt.
914 959 981 1028 Quo
993 958 1042 1015 die
1055 959 1184 1015 crastina
1200 959 1327 1032 cognito,
1345 959 1462 1015 iltutus

302 1045 469 1102 libertatem
481 1045 602 1101 volandi
621 1063 681 1118 quo
698 1045 811 1102 vellent
829 1045 873 1102 eis
888 1046 1044 1114 concessit,
1060 1055 1089 1102 et
1107 1063 1147 1103 ne
1165 1046 1294 1119 amplius
1314 1057 1461 1118 segetem

302 1149 388 1189 suam
396 1141 520 1205 tangere
529 1141 738 1205 presumerent
749 1131 913 1189 interdixit.
948 1121 1461 1205 Hocdiuulgatomiraculo,missis

304 1220 409 1292 legatis
421 1219 451 1276 in
462 1221 618 1276 dolensem
628 1219 804 1292 episcopum
817 1220 993 1293 [Sampson]
1004 1221 1123 1292 eligitur
1134 1243 1141 1288 ;
1154 1231 1258 1277 etcum
1267 1240 1285 1276 a
1296 1221 1461 1280 Dubricio‚

258 1325 289 1362 ιο
304 1307 480 1364 landauensi
494 1307 647 1380 episcopo,
659 1307 847 1363 diaconatum
862 1308 1019 1380 reciperet,
1027 1309 1165 1381 apparuit
1174 1307 1307 1381 pontifici
1321 1317 1353 1364 et
1365 1309 1460 1364 iltuto

303 1395 402 1450 abbati
415 1395 553 1450 columba
565 1395 635 1451 niue
648 1393 810 1462 candidior,
819 1412 912 1468 super
924 1403 1012 1468 caput
1023 1395 1142 1452 iuuenis
1155 1395 1185 1451 in
1199 1395 1393 1451 ordinatione
1404 1415 1461 1452 sua

304 1482 415 1538 sedens
425 1481 444 1536 ⁴.
482 1481 618 1554 Cumque
626 1482 727 1538 multis
740 1481 828 1538 annis
842 1483 945 1539 sedem
958 1483 1114 1539 dolensem
1127 1483 1156 1538 in
1172 1483 1281 1539 Minori
1296 1482 1462 1540 Britannia

305 1567 455 1640 Sampson
468 1569 606 1636 rexisset,
618 1580 687 1642 post
699 1569 792 1626 finem
804 1569 865 1625 vite
883 1585 938 1626 sue
954 1569 1053 1642 posito
1071 1569 1102 1626 in
1121 1570 1307 1642 sarcophago
1325 1588 1461 1643 corpore

304 1655 378 1726 eius,
387 1655 485 1712 subito
493 1665 601 1712 ventus
609 1655 724 1712 validus
734 1656 894 1712 commouit
904 1667 934 1714 et
943 1657 1052 1713 leuauit
1062 1657 1134 1713 illud
1142 1658 1180 1713 ad
1189 1675 1280 1726 mare,
1288 1659 1460 1715 ettransito

261 1761 290 1812 15
306 1743 381 1800 mari
396 1744 434 1799 ad
447 1743 556 1799 ostium
571 1743 650 1799 Iltuti
669 1744 766 1800 venit:
794 1753 823 1800 et
836 1743 886 1800 ille
898 1743 928 1800 in
945 1745 1008 1800 loco
1022 1744 1187 1801 honorabili
1205 1761 1273 1801 curn
1286 1744 1418 1817 hymnis
1431 1757 1460 1801 et

306 1830 429 1888 canticis
442 1830 513 1887 illud
528 1830 690 1887 collocauit.
748 1818 894 1889 Coniunx
907 1831 988 1888 enim
1002 1834 1153 1904 quondam
1166 1832 1244 1888 beati
1259 1830 1359 1887 Iltuti⁵
1374 1843 1460 1889 casta

308 1918 423 1986 viuens,
432 1918 646 1990 quotidiehora
654 1935 733 1974 nona
742 1917 772 1974 in
784 1935 863 1990 pane
876 1920 1022 1976 ordeaceo
1030 1927 1060 1975 et
1069 1936 1147 1992 aqua
1157 1919 1291 1975 soluebat
1299 1919 1459 1976 ieiunium.

308 2006 374 2077 Que
394 2007 459 2062 vice
473 2006 602 2078 quadam
614 2006 735 2062 visitare
753 2006 858 2062 volens
879 2005 1010 2075 iltutum,
1025 2006 1098 2062 vidit
1117 2006 1199 2062 illum
1216 2023 1381 2078 operosum
1398 2009 1459 2063 ios·

307 2111 407 2152 sorem
429 2110 484 2166 pro
504 2093 625 2149 assidua
646 2093 763 2149 fossura
787 2093 966 2150 lutulentum
986 2110 1042 2166 per
1066 2093 1180 2164 faciem,
1200 2093 1312 2150 macies
1333 2111 1459 2167 quoque

261 2200 292 2237 ao
308 2189 514 2239 attenuauerat
525 2180 631 2236 faciem
645 2181 719 2237 eius.
740 2179 898 2253 Inquisiuit
907 2181 945 2236 ab
955 2199 992 2238 eo
1005 2197 1098 2238 suaue
1107 2180 1301 2253 colloquium:
1321 2183 1457 2240 audienti

307 2269 459 2342 inquisitio
472 2267 622 2340 displicuit
635 2268 852 2340 inquisitusque
868 2269 983 2324 nullum
996 2285 1175 2340 responsum
1193 2267 1321 2324 reddidit
1333 2289 1341 2338 ;
1360 2271 1458 2325 noluit

306 2357 411 2414 videre
431 2356 512 2412 illam
532 2373 587 2412 nec
605 2355 709 2411 videri.
748 2355 785 2411 Et
806 2373 874 2412 cum
894 2364 1019 2428 propter
1037 2355 1237 2412 visitationem
1258 2355 1457 2428 incongruam

307 2445 406 2501 visum
423 2443 576 2500 oculorum
594 2442 754 2512 amisisset,
768 2452 889 2515 rogabis
901 2451 1002 2500 tamen
1017 2442 1124 2500 iltutus
1136 2443 1271 2499 diuinum
1284 2443 1458 2516 implorauit

307 2531 458 2599 auxilium,
470 2548 530 2603 quo
548 2529 707 2603 pristinum
723 2547 902 2603 recuperare
921 2539 1024 2603 posset
1037 2529 1154 2587 visum:
1173 2539 1204 2586 et
1223 2531 1384 2587 exauditus
1404 2545 1457 2597 est,

262 2636 291 2686 ²5
308 2619 474 2691 mulierque
498 2619 536 2674 ad
555 2619 652 2674 locum
675 2634 763 2674 suum
782 2617 878 2674 rediit.
953 2605 1152 2690 Prepdsitus⁸
1173 2616 1327 2674 cuiusdam
1347 2620 1430 2692 regis
1439 2619 1457 2680 ⁷,

307 2708 392 2763 cuius
409 2707 469 2762 vita
487 2705 627 2762 omnibus
646 2714 709 2762 crat
728 2704 963 2774 abhominabilis,
983 2706 1121 2761 abbatem
1143 2704 1263 2761 Iltutum
1282 2705 1458 2778 frequenter

307 2793 478 2851 offendebat
498 2802 528 2849 et
545 2792 658 2849 clerum
674 2809 769 2859 suum,
786 2794 878 2848 multa
891 2791 999 2849 iniuste
1015 2793 1131 2865 direpta
1144 2809 1162 2848 a
1173 2791 1295 2848 domino
1313 2809 1370 2849 suo
1385 2813 1456 2867 rege

309 2881 388 2954 exigi
410 2881 550 2953 fingebat,
572 2880 621 2937 illo
640 2888 741 2936 tamen
758 2881 873 2937 inscio⁸
895 2889 925 2937 et
950 2879 1015 2936 sine
1034 2879 1099 2936 eius
1118 2888 1268 2953 precepto.
1306 2879 1457 2938 Omnibus

308 2970 501 3038 irascebatur,
514 2977 545 3024 et
558 2985 665 3024 omnes
678 2969 756 3024 mala
769 2967 963 3040 imprecando
981 2967 1064 3023 illum
1083 2967 1216 3024 oderant
1253 2967 1457 3042 Omnipotens

262 3079 294 3130 30
309 3059 397 3132 igitur
409 3057 549 3114 dominus
562 3055 631 3113 secit
644 3055 727 3111 illurn
740 3055 825 3128 quasi
839 3073 940 3112 ceram
953 3055 1095 3111 mollitam
1105 3065 1134 3112 et
1148 3054 1336 3127 liquefactam
1351 3058 1458 3113 ardore

308 3146 397 3220 igneo
428 3145 604 3218 liquescere,
630 3161 686 3200 nec
710 3160 836 3216 vsquam
862 3142 891 3198 in
915 3143 1027 3198 mundo
1053 3142 1227 3214 comparuit.
1264 3143 1332 3212 Quo
1358 3145 1457 3201 audito

308 3235 443 3291 offensus
468 3250 530 3302 rex,
550 3231 649 3288 surore
674 3230 766 3287 nimio
788 3239 923 3286 sanctum
946 3229 1067 3286 lltutum
1091 3230 1269 3298 interficere,
1291 3239 1321 3288 et
1343 3232 1456 3290 clerum

309 3323 466 3378 destruere
478 3319 626 3391 cogitauit.
663 3317 719 3374 Vir
731 3319 821 3391 igitur
832 3317 889 3385 dei,
903 3319 999 3374 locum
1012 3319 1088 3374 dans
1101 3319 1154 3388 ire,
1165 3318 1299 3390 perrexit
1312 3321 1351 3376 ad
1365 3339 1457 3393 quen-

311 3411 380 3465 dam
393 3408 546 3476 ssuuium⁹,
559 3416 589 3463 et
601 3406 632 3462 in
646 3407 789 3478 spelunca
802 3415 917 3463 secreta
929 3422 986 3478 per
997 3421 1110 3462 annum
1123 3405 1256 3475 latitauit‚
1270 3407 1351 3462 omni
1373 3419 1458 3465 nocte

264 3513 295 3566 55
311 3513 404 3569 super
422 3495 560 3568 frigidam
582 3505 699 3568 petram
719 3494 827 3551 iacens.
866 3493 950 3550 Hora
975 3503 1074 3550 autem
1100 3510 1178 3549 nona
1200 3493 1327 3565 singulis
1352 3497 1457 3552 diebus

311 3583 437 3640 mittitur
460 3583 501 3638 illi
526 3582 631 3639 celitus
653 3582 741 3654 panis
762 3599 840 3638 vnus
864 3583 1028 3638 ordeaceus
1052 3589 1083 3638 et
1101 3597 1161 3636 vna
1182 3581 1327 3652 particula
1348 3585 1456 3655 piscis;

309 3672 468 3744 vicinoque
486 3671 525 3726 de
541 3670 623 3727 sonte
642 3686 750 3742 aquam
770 3669 912 3725 hauriens
925 3669 1005 3726 sitim
1018 3668 1153 3725 extinxit
1190 3667 1308 3741 Vbique
1321 3669 1352 3726 in
1368 3671 1457 3738 siluis,

310 3761 435 3819 saltibus
460 3770 490 3815 et
514 3757 634 3815 latebris
659 3757 827 3830 inquisitus,
847 3759 904 3814 deo
929 3765 1106 3830 protegente
1126 3756 1254 3812 inueniri
1277 3773 1338 3812 non
1358 3759 1458 3831 potuit.

313 3839 450 3924 Legatus
469 3847 589 3903 interim
607 3846 727 3919 quidam
741 3845 828 3903 Gilde
844 3844 1074 3918 historiographi
1091 3844 1159 3900 illuc
1176 3845 1326 3900 transiens
1349 3847 1458 3902 cimba·

262 3955 296 4005 4ο
310 3941 372 3997 lum
392 3953 513 4006 eneum,
532 3952 550 3990 a
571 3934 657 3991 Gilda
682 3933 878 4007 compositum
907 3942 937 3990 et
965 3941 1068 3989 sancto
1092 3931 1225 4005 pontifici
1246 3931 1346 3989 Dauid
1361 3941 1457 3989 trans-

310 4029 448 4096 missum,
471 4023 643 4081 deserebat:
672 4032 701 4078 et
733 4039 803 4078 ecce
830 4021 896 4078 sine
922 4012 1052 4076 humano
1084 4027 1166 4075 motu
1192 4018 1353 4075 cimbalum
1379 4021 1457 4077 clare

311 4133 422 4173 sonare
443 4115 531 4186 cepit.
581 4111 648 4182 Quo
669 4110 770 4166 audito
796 4108 902 4165 iltutus
920 4108 1035 4178 exiens,
1054 4106 1306 4181 pulchritudinem
1331 4107 1413 4165 illius
1431 4118 1458 4165 et

343 4237 460 4300 ¹soV.;
478 4236 668 4294 E.auesillas;
684 4233 791 4284 T.illas
874 4231 930 4280 ²V.
943 4231 1046 4280 domita.
1126 4229 1312 4280 ’T.hostiutn.
1405 4231 1458 4278 *V

311 4306 458 4356 considens.
544 4305 554 4334 ⁸
570 4303 599 4350 V
612 4301 716 4350 nomine
727 4297 853 4348 Trinihid.
932 4297 942 4325 ⁶
958 4297 988 4345 V
1000 4296 1106 4345 nominc
1118 4295 1225 4356 Cyblim
1308 4293 1370 4344 'sc
1386 4297 1458 4345 hieir

312 4371 412 4421 chiaun.
478 4369 532 4420 ΒΕ,
546 4369 641 4418 nescio
710 4366 766 4416 ⁹V.
781 4363 900 4426 Eugenni
913 4362 1023 4412 llumrms
1034 4377 1181 4424 marginem
