3028 4894
291 314 366 407 b:
389 311 554 403 &aaut
581 311 746 410 ubam
772 313 1074 419 actitamus.
1182 336 1249 413 391

94 515 249 589 episcopo
261 513 291 572 in
304 515 493 572 coronatione
512 516 564 573 filii
583 517 629 574 sui
645 517 787 588 fecerant,
800 519 966 575 secundum
985 535 1143 578 censuram
1160 519 1254 576 eccle·

95 603 256 661 siasticam
270 602 337 660 sine
349 603 444 676 ipsius
456 603 571 662 offensa
582 606 689 678 punire
702 605 759 662 sibi
772 606 884 664 liceret.
910 606 947 663 Et
964 610 1068 664 annuit
1080 625 1143 664 rex.
1167 607 1255 664 Vnde

95 691 358 765 archiepiscopus,
370 692 482 765 gratias
498 709 602 765 agens,
617 693 775 750 confestim
792 693 823 750 in
839 694 933 751 oculis
950 695 1084 752 omnium
1099 695 1255 752 descendit

98 789 136 836 et
157 779 307 836 humiliter
319 781 357 836 ad
371 781 467 852 pedes
480 781 561 852 regis
573 799 608 838 se
626 781 789 839 inclinauit.
825 781 902 839 Cum
920 800 993 856 ergo
1012 782 1255 856 archiepiscopus

96 885 217 940 equum
236 868 455 938 reascenderet,
476 885 530 924 rex
554 869 728 926 ascendenti
746 870 951 926 ascensorium
973 870 1084 943 aptauit
1104 879 1134 927 et
1152 872 1283 943 tenuit5

103 955 145 1011 Et
165 955 295 1013 addidit:
315 955 428 1028 ‘Optas
447 957 552 1028 (enim)
563 955 582 1025 ¹,
593 966 626 1014 vt
645 957 728 1028 dicis,
744 956 775 1014 in
795 957 906 1014 Gallias
923 958 1038 1015 redire:
1059 959 1113 1015 sed
1130 958 1256 1014 arbitror

97 1043 251 1116 expedire
264 1043 315 1100 tibi
328 1061 447 1102 mecum
460 1043 573 1118 aliquot
586 1044 653 1102 dies
668 1046 856 1114 commorari,
868 1055 899 1102 vt
917 1047 1016 1118 palam
1029 1045 1164 1103 videatur
1175 1048 1255 1119 quod

98 1132 240 1188 nondum
265 1131 428 1189 estimatur.
474 1131 579 1189 Sciunt
603 1151 710 1190 omnes
736 1131 905 1190 inimicitias
933 1143 1068 1191 nostras:
1099 1151 1160 1207 pax
1184 1135 1256 1190 inita

99 1219 209 1293 paucis
232 1220 407 1278 innotescit'
442 1220 609 1293 ‘Ingratus,
631 1221 726 1296 inquit
750 1221 1002 1296 archiepiscopus,
1024 1239 1084 1278 non
1108 1221 1256 1280 immerito

100 1309 276 1380 reputabor,
296 1308 322 1365 si
343 1307 583 1366 benefactoribus
605 1310 681 1367 meis
700 1310 750 1367 vel
768 1311 834 1367 vale
856 1327 916 1367 non
936 1309 1043 1367 fecero.
1086 1310 1139 1366 Ibo
1158 1319 1188 1367 et
1208 1327 1256 1367 re·
1272 1335 1301 1370 ιο

98 1397 223 1452 uertar!
261 1395 300 1452 Et
317 1395 513 1453 amicabiliter
524 1399 561 1454 ab
574 1397 704 1454 inuicem
718 1407 916 1456 recesserunt.
992 1386 1036 1455 Et
1047 1397 1188 1472 quoniam
1201 1415 1256 1455 rex

99 1483 262 1556 pepigerat
281 1485 409 1557 quedam
428 1483 551 1556 predia²
568 1484 786 1542 cantuariensis
811 1486 937 1542 ecclesie
956 1485 1097 1558 episcopo
1119 1486 1255 1556 reddere,

100 1570 186 1628 misit
197 1573 343 1644 quosdam
360 1572 398 1628 ad
414 1589 528 1644 regem,
540 1571 591 1645 qui
610 1588 704 1644 super
720 1573 871 1646 promissa
890 1573 1077 1630 restitutione
1097 1590 1165 1630 eum
1185 1591 1256 1630 con-

99 1659 252 1715 uenirent
291 1658 377 1728 Quod
396 1676 465 1716 cum
484 1659 665 1733 aliquamdiu
683 1659 858 1731 distulisset,
877 1662 1000 1718 tandem
1022 1662 1060 1718 ad
1079 1660 1255 1733 magistrum

103 1747 272 1803 iohannem
285 1747 552 1818 saresburiensem,
566 1757 670 1820 postea
683 1757 893 1805 carnotensem
906 1752 1089 1822 episcopum,
1099 1748 1192 1805 dixit:
1212 1747 1255 1804 ‘O
1272 1767 1300 1815 ¹5

103 1834 266 1904 lohannes,
279 1835 384 1908 inquit,
398 1836 568 1892 nullatenus
580 1836 665 1892 vobis
678 1853 736 1909 que
750 1835 852 1909 petitis
863 1836 978 1906 faciam,
987 1835 1045 1893 nisi
1054 1836 1158 1892 videro
1171 1835 1256 1908 prius

100 1939 159 1980 vos
176 1921 263 1978 aliter
277 1939 384 1996 gerere
399 1940 471 1996 erga
488 1940 538 1979 me
555 1940 645 1997 quam
664 1923 819 1997 hucusque
837 1923 991 1997 gessistis!
1028 1923 1066 1980 Et
1084 1924 1127 1980 sic
1147 1923 1256 1981 infecto

101 2009 225 2082 negotio
250 2010 410 2067 redierunt.
490 1999 633 2067 Audiens
658 2019 758 2068 autem
784 2028 838 2068 rex
863 2011 1082 2085 archiepiscopi
1106 2020 1175 2084 post
1200 2011 1255 2068 hec

100 2099 277 2168 aduentum,
290 2099 437 2170 quosdam
456 2099 494 2154 de
511 2098 614 2155 aulicis
633 2098 663 2154 in
677 2115 834 2155 occursum
849 2101 915 2156 cius
934 2099 1079 2172 premisit,
1092 2108 1121 2156 et
1134 2099 1255 2156 demum

101 2185 235 2258 ipsemet
252 2185 401 2242 ciuitatem
414 2185 543 2242 Turonis
561 2185 633 2242 exiit
646 2196 676 2243 et
689 2187 833 2245 occurrit:
854 2204 909 2244 nec
923 2195 1024 2244 tamen
1038 2197 1125 2242 nocte
1138 2185 1188 2242 illa
1201 2203 1255 2243 rex
1271 2209 1301 2244 20

100 2272 362 2346 archiepiscopum
381 2273 412 2328 in
432 2273 563 2346 hospitio
581 2291 635 2330 suo
653 2274 796 2347 respexit,
810 2292 864 2332 nec
883 2292 1007 2332 suorum
1024 2274 1139 2348 aliquis.
1175 2273 1255 2344 Quin

101 2362 204 2434 potius
221 2378 276 2418 rex
293 2377 412 2418 summo
425 2377 514 2418 mane
528 2361 651 2418 missam
664 2362 809 2419 celebrari
825 2362 894 2420 fecit
911 2380 968 2436 pro
985 2361 1141 2432 defunctis,
1158 2361 1256 2435 suspi-

101 2467 186 2520 cans,
199 2457 230 2505 vt
249 2449 412 2520 dicebatur,
427 2449 509 2521 [ne]³
527 2449 553 2506 si
566 2449 642 2506 forte
655 2449 704 2506 alii
717 2451 810 2508 misse
829 2450 989 2508 interesset
1001 2450 1255 2523 archiepiscopus,

101 2536 240 2594 osculum
254 2538 337 2610 pacis
350 2537 407 2594 sibi
417 2537 427 2568 ⁴
438 2537 569 2608 offerret,
582 2539 662 2611 quod
675 2537 716 2594 ibi
734 2555 845 2612 negare
858 2556 919 2595 non
932 2547 1014 2596 esset
1025 2537 1189 2609 christiani,
1201 2539 1256 2596 sed

101 2625 194 2698 plane
216 2624 327 2682 inimici
347 2624 467 2682 Christi.
506 2624 603 2681 Petita
624 2635 692 2698 post
716 2626 841 2683 missam
861 2627 1063 2699 predictorum
1083 2626 1255 2699 prediorum
1270 2649 1300 2701 25

102 2711 300 2780 restitutione,
325 2711 434 2770 iterum
459 2713 606 2769 restitutio
631 2713 799 2770 certissime
828 2713 1013 2787 repromissa
1036 2722 1091 2770 est.
1128 2713 1256 2770 Volebat

101 2811 206 2856 tamen
225 2817 280 2856 rex
298 2808 330 2857 vt
350 2803 436 2873 prius
457 2801 495 2856 ad
515 2800 673 2857 ecclesiam
693 2817 780 2858 suam
799 2809 1008 2871 reuerteretur,
1034 2801 1154 2874 qualem
1172 2818 1206 2857 se
1225 2800 1255 2857 in

103 2905 200 2960 regno
217 2887 383 2957 exhiberet,
396 2888 474 2944 scire
491 2887 676 2945 desiderans.
750 2877 833 2946 Cum
851 2889 973 2945 tandem
988 2888 1035 2945 vir
1051 2887 1100 2945 dei
1116 2889 1154 2945 ad
1170 2905 1255 2944 mare

103 2976 322 3046 descendisset,
334 2975 462 3032 occurrit
481 2975 509 3032 ei
527 2977 661 3033 decanus
675 2975 808 3046 Bolonie,
821 2991 963 3034 asserens
980 2993 1018 3032 ex
1036 2985 1122 3049 parte
1139 2975 1255 3031 comitis

105 3063 231 3120 Bolonie
243 3063 312 3137 quia
324 3063 419 3136 parati
429 3073 515 3120 erant
527 3063 557 3119 in
566 3063 678 3137 Anglia
687 3064 738 3136 qui
748 3064 913 3136 querebant
926 3062 1057 3120 animam
1067 3063 1142 3132 eius,
1150 3070 1255 3134 portus
1269 3075 1301 3125 30

103 3152 287 3222 obsidentes,
295 3159 327 3208 vt
339 3160 500 3209 exeuntem
514 3167 531 3206 a
544 3151 614 3208 naui
627 3151 743 3224 rapiant
755 3160 785 3208 et
798 3151 946 3208 trucident
959 3151 1007 3207 vel
1018 3150 1205 3207 vincularent
1214 3150 1254 3222 (l).

104 3239 163 3296 Cui
174 3239 418 3312 archiepiscopus
430 3239 489 3296 ait:
510 3239 632 3309 ‘Crede,
643 3239 695 3308 fili,
709 3238 784 3296 nec³
796 3238 822 3296 si
835 3238 1024 3295 membratim
1037 3237 1255 3310 discerpendus

103 3327 173 3395 sim,
186 3329 224 3384 ab
241 3327 360 3400 incepto
377 3327 484 3383 itinere
499 3327 651 3384 desistam.
688 3325 826 3383 Sufficiat
844 3325 1026 3382 dominicum
1045 3341 1168 3398 gregem
1186 3343 1255 3399 pas·

103 3415 179 3472 toris
199 3415 246 3472 sui
264 3414 431 3471 absentiam
454 3414 567 3470 luxisse
589 3416 785 3488 septennem'
858 3401 944 3471 Dum
967 3413 1023 3469 hec
1043 3413 1164 3483 diceret,
1184 3431 1254 3471 ecce

104 3504 192 3562 nauis
210 3505 249 3560 ab
266 3502 378 3576 Anglia
396 3503 434 3560 ad
453 3509 571 3574 portum
590 3501 691 3568 venit;
714 3502 798 3558 cuius
818 3510 908 3557 nauta
928 3501 1017 3558 sociis
1038 3501 1254 3574 archiepiscopi
1268 3515 1299 3567 35

104 3591 199 3649 dixit:
220 3591 349 3662 ‘Miseri,
363 3590 433 3665 quid
445 3589 586 3664 queritis?
605 3589 677 3662 quid
695 3589 802 3662 agitis?
818 3606 878 3661 quo
891 3590 1080 3662 properatis?
1117 3589 1206 3647 Certe
1224 3589 1255 3644 in

105 3689 233 3738 mortem
251 3687 391 3737 vestram
428 3678 643 3736 Conuenerunt
661 3677 692 3735 in
712 3687 798 3750 portu
818 3677 929 3734 milites
948 3678 1040 3745 multi,
1059 3686 1090 3734 vt
1109 3680 1139 3733 in
1157 3676 1254 3734 archi·

104 3768 281 3841 episcopum
301 3776 330 3822 et
349 3783 429 3835 suos,
448 3766 547 3822 statim
566 3783 634 3824 cum
653 3765 860 3839 applicuerint,
877 3782 985 3822 manus
1003 3765 1150 3822 iniiciant.'
1187 3765 1254 3835 Quo

104 3855 215 3927 audito,
227 3856 269 3912 ait
283 3853 547 3928 archiepiscopus:
568 3854 712 3911 ‘Terram
726 3853 836 3926 Anglie
847 3851 944 3924 video,
958 3861 988 3910 et
1000 3851 1120 3910 fauente
1133 3853 1255 3909 domino

103 3957 218 4002 terram
238 3945 374 4013 intrabo:
401 3944 501 4000 sciens
522 3951 624 4000 tamen
648 3941 816 3999 certissime
836 3940 916 4013 quod
941 3939 982 3997 ibi
1007 3941 1079 3998 mihi
1101 3939 1255 3998 immineat
1268 3958 1301 4006 ⁴0

103 4032 224 4107 passio?
298 4019 371 4090 Hoc
385 4030 472 4100 dicto,
486 4047 594 4088 nauem
607 4029 734 4100 intrauit,
747 4039 778 4086 et
791 4045 937 4102 prospere
953 4029 1032 4101 apud
1047 4027 1256 4086 Sandwicum⁸

104 4119 257 4194 applicuit.
295 4117 333 4175 Et
350 4118 450 4176 statim
467 4118 585 4188 milites,
598 4119 629 4176 in
646 4119 704 4176 alio
720 4127 808 4192 portu
825 4119 890 4176 eius
909 4118 1071 4175 aduentum
1090 4115 1255 4188 audientes,

139 4313 214 4362 ¹om.
226 4313 253 4360 in
264 4311 294 4361 T.
366 4309 421 4362 'E
435 4311 524 4377 predia
536 4310 652 4375 quedam.
718 4308 796 4360 ὀπὶ.
864 4307 922 4361 ⁴E.
936 4307 1074 4373 sibipacis.
1142 4308 1200 4359 ⁸T.
1213 4324 1254 4360 ne.

103 4378 159 4429 ⁸T.
172 4379 313 4428 sandicum.
