3046 4902
108 301 170 354 MS.
183 304 258 355 Bodt.
272 298 343 364 aiod
375 283 450 377 Di
466 281 526 371 ἦ.
544 282 760 370 &liutmun
776 297 869 385 iifl&
886 288 926 369 ii
941 288 1132 384 maiivii·
1182 290 1254 378 6¹7

107 487 348 559 archiepiscopus,
371 498 400 544 et
423 487 470 542 alii
495 486 619 558 episcopi
643 485 781 557 ceterique
806 485 946 557 principes
968 485 1046 556 regni
1071 486 1117 556 qui
1141 486 1258 541 aderant

107 570 266 640 audientes,
279 581 445 627 censuerunt
456 571 527 626 tanti
540 569 592 624 loci
605 579 714 624 tantam
726 569 921 624 auctoritatem
932 585 1020 639 vsque
1032 569 1062 623 in
1074 569 1159 624 finem
1172 568 1256 624 seculi

108 653 214 710 debere
232 672 403 724 permanere
441 655 567 723 Quorum
585 651 688 708 iudicio
705 652 809 722 pariter
826 661 855 707 et
873 651 996 722 consilio,
1010 651 1114 722 placuit
1131 651 1258 722 predicto

107 737 169 805 regi
184 737 323 794 Willelmo
337 735 437 808 [illam]
451 738 582 792 roborare
595 746 739 807 precepto:
766 746 795 791 vt
807 736 844 789 ab
857 735 961 790 Ariasti
978 735 1102 805 episcopi
1119 733 1257 790 omnium·

109 834 167 888 que
179 821 232 876 sibi
240 831 425 891 pertempora
437 819 651 876 succedencium
663 819 856 890 episcoporum
868 818 1046 874 subieccione
1056 819 1119 888 ipsa
1130 818 1258 886 ecclesia,
1271 833 1285 885 5

109 912 139 956 et
157 903 223 958 villa
242 904 272 958 in
293 921 349 974 qua
368 903 423 958 sita
441 915 484 958 est
503 903 602 958 eadem
621 902 748 968 ecclesia,
767 901 802 957 sit
822 901 1026 971 imperpetuum
1045 901 1149 969 libera;
1171 911 1208 970 et,
1227 911 1258 957 ut

108 984 165 1039 hec
188 987 339 1042 auctoritas
363 987 421 1042 suis
444 995 473 1041 et
493 986 591 1041 futuris
612 985 783 1057 temporibus
802 985 876 1040 circa
900 984 991 1054 ipsum
1013 995 1141 1040 sanctum
1164 985 1257 1040 locum

107 1068 290 1137 perhenniter
319 1071 399 1124 firma
428 1079 456 1126 et
486 1070 620 1125 inuiolata
645 1077 816 1139 permaneat,
843 1068 917 1122 hanc
947 1077 1024 1122 carta
1054 1085 1105 1124 sua
1134 1068 1258 1122 decreuit

107 1151 250 1218 roborare,
263 1161 291 1206 et
311 1153 391 1222 sigilli
411 1155 454 1209 sui
473 1154 645 1224 inpressione
661 1153 779 1208 firmare.
817 1155 828 1218 ΙΙ
846 1152 1039 1206 Hermannus.
1073 1153 1137 1206 Hoc
1154 1151 1258 1206 iudicio

108 1233 236 1288 omnium
254 1252 373 1290 assensu
395 1236 535 1292 communi
553 1236 670 1302 innato,
683 1235 804 1304 assurgit
820 1234 956 1290 contrarie
972 1234 1028 1288 iam
1046 1233 1138 1288 dictus
1155 1234 1257 1304 presul,
1274 1256 1303 1292 10

109 1315 255 1386 inpaciens
266 1318 371 1374 mentis
388 1329 416 1374 et
432 1321 503 1388 exul,
515 1319 643 1374 falsificet
663 1317 803 1385 iudicium,
820 1335 900 1372 suum
913 1316 1041 1371 videlicet
1058 1315 1257 1384 infortunium

108 1414 238 1469 proquo
258 1400 335 1456 dicto
354 1402 402 1457 dat
423 1402 536 1456 vadium
556 1419 620 1456 cum
642 1401 742 1456 baculo
763 1399 949 1471 episcopalem
967 1400 1111 1468 annulum,
1125 1400 1182 1455 iere
1201 1417 1258 1454 uon

108 1481 168 1535 iarn
186 1482 334 1554 episcopus
354 1495 396 1541 set
415 1502 467 1556 pro
487 1485 611 1540 vindicta
630 1483 710 1556 quasi
730 1484 881 1554 depositus.
919 1484 996 1538 Hinc
1013 1483 1185 1539 dedecorosa
1205 1483 1257 1538 sibi

109 1563 235 1619 nascitur
253 1568 389 1636 conlusio,
408 1567 498 1624 eciam
516 1569 655 1640 usquead
673 1567 749 1622 diem
766 1566 826 1622 eius
837 1565 934 1621 mortis
953 1565 1035 1621 huius
1053 1566 1129 1621 vadii
1148 1565 1257 1621 durauit

108 1647 282 1718 persolucio;
301 1651 397 1706 dando
418 1651 503 1707 libras
520 1667 698 1706 nummorum
716 1649 848 1706 vndecies
868 1659 990 1716 centum,
1008 1665 1099 1720 neque
1118 1647 1210 1703 sciens
1228 1647 1258 1704 in
1272 1670 1302 1722 1⁵

108 1731 205 1785 dando
223 1733 309 1787 ullum
327 1733 380 1789 nisi
398 1735 513 1789 modum
533 1733 721 1802 indiffinitum,
734 1743 762 1787 vt
781 1731 866 1787 michi
885 1732 1030 1803 suspirans
1046 1731 1141 1786 retulit
1158 1731 1257 1787 diebus

108 1823 175 1868 octo
186 1815 349 1886 priusquam
362 1817 469 1873 obierit
487 1818 594 1872 Taliter
606 1817 652 1872 dei
664 1817 842 1872 corroborata
849 1814 1049 1882 misericordia,
1057 1815 1133 1869 iuxta
1142 1813 1258 1870 modum

108 1895 219 1952 iusticie
242 1911 382 1968 prostrato
406 1901 574 1956 calamitatis
597 1901 698 1972 capite,
722 1899 795 1968 regis
819 1915 930 1969 quoque
956 1899 1031 1952 bona
1055 1899 1198 1952 voluntate
1229 1908 1257 1953 et

107 1995 223 2035 suorum
249 1982 441 2056 optimatu[m]
465 1984 596 2039 concordi
620 1986 722 2050 fauore,
746 1981 937 2052 priuilegiatur
964 1981 1084 2036 martiris
1113 1980 1257 2036 Edmundi

107 2063 187 2117 locus
206 2063 416 2135 inperpetuum
436 2067 506 2122 liber
524 2068 554 2122 fit
571 2068 606 2123 de
625 2066 744 2136 subiugo
762 2064 903 2120 diocesani
923 2065 1048 2135 presulis,
1061 2075 1091 2118 vt
1103 2074 1147 2119 est
1159 2072 1256 2118 notum
1272 2084 1303 2120 ao

107 2155 137 2201 et
162 2145 363 2204 notificandum
388 2149 417 2204 in
441 2151 570 2206 omnibus
595 2151 898 2206 seculis-Marianus
921 2150 952 2202 in
971 2149 1096 2202 cronicis.
1145 2146 1257 2202 Deinde

107 2229 184 2284 circa
202 2247 306 2285 annum
325 2233 431 2287 domini
453 2235 569 2306 M.cj·.,
582 2234 734 2289 secundum
754 2231 921 2298 Marianum,
937 2231 1092 2286 Herbertus
1110 2229 1258 2300 episcopus

107 2323 178 2367 tunc
189 2313 377 2371 thcfordcnsis
389 2333 485 2372 versus
502 2319 622 2373 Romam
636 2317 690 2371 iter
701 2314 824 2386 arripuit,
837 2313 932 2385 iniqua
950 2313 1081 2384 cupidine
1094 2311 1257 2368 dominandi

108 2411 194 2464 super
230 2397 378 2453 abbaciam
413 2400 502 2454 sancti
534 2399 687 2454 Edmundi.
733 2399 779 2452 De
801 2399 924 2468 episcopo
953 2396 1098 2452 Herberto.
1147 2394 1257 2451 Eadem

106 2477 237 2546 abbacia,
256 2495 290 2534 ert
307 2497 363 2551 quo
381 2482 501 2553 primum
518 2483 634 2538 fundata
651 2482 711 2550 fuit,
729 2498 840 2551 semper
856 2498 875 2534 a
892 2480 1067 2535 subieccione
1085 2479 1177 2534 omnis
1198 2478 1256 2549 epi·
1271 2491 1301 2542 25

107 2561 188 2630 scopi
207 2561 294 2616 libera
310 2563 541 2632 tuit,1ibertatem
560 2564 651 2635 ipsam
670 2565 750 2635 quasi
768 2581 785 2618 a
803 2563 878 2618 beati
898 2562 1041 2618 Edmundi
1059 2562 1181 2618 martiris
1198 2561 1258 2616 iure

107 2643 233 2712 trahens,
246 2645 293 2715 qui
306 2647 367 2702 loco
379 2647 407 2702 in
414 2645 486 2718 quo¹
496 2648 551 2703 iam
562 2648 614 2704 sita
626 2657 670 2704 est
683 2648 743 2719 ipsa
750 2646 868 2702 abbacia
877 2646 961 2716 regali
972 2646 1114 2717 quondam
1127 2645 1258 2718 potencia

105 2725 263 2796 presidens,
286 2730 400 2799 speciali
421 2732 543 2802 quadam
564 2749 627 2787 eum
647 2734 748 2798 locum,
768 2729 834 2786 inibi
859 2729 1041 2800 corporaliter
1060 2731 1128 2784 dum
1152 2729 1257 2784 viueret

108 2809 225 2878 degens,
237 2810 365 2868 libertate
384 2813 555 2881 donauerat3
573 2832 659 2886 quarn
671 2814 827 2869 libertatem
846 2829 927 2882 reges
943 2820 972 2868 et
989 2812 1096 2867 romani
1110 2813 1257 2883 pontifices

108 2900 208 2946 sancto
227 2893 379 2950 Edmundo
394 2907 560 2966 annuerunt,
579 2899 788 2964 roboraueruut,
804 2905 833 2950 et
851 2895 1043 2951 inconuulsam
1060 2912 1172 2950 manere
1190 2913 1256 2950 con·
1271 2911 1303 2962 30

108 2973 267 3031 stituerunt
306 2977 363 3032 Hic
380 2979 474 3051 itaque
493 2982 648 3036 Herbertus
665 2981 814 3051 episcopus
835 2996 900 3034 cum
917 2989 1011 3050 partes
1030 2977 1176 3048 Lugdunie
1194 2977 1257 3032 atti·

108 3057 217 3128 gisset:
239 3062 459 3131 comprehensus
478 3075 520 3118 est
541 3081 559 3119 a
577 3064 700 3134 quodam
726 3062 854 3118 Gnidone
873 3061 934 3116 viro
958 3071 1123 3131 prepotente
1141 3069 1170 3114 et
1189 3059 1257 3128 iero,

108 3141 154 3196 cui
175 3143 219 3195 xl·
237 3159 347 3198 marcas
369 3143 474 3200 inuitus
493 3146 602 3218 reliquit
623 3163 693 3217 quas
715 3155 813 3200 contra
831 3144 980 3200 ecclesiam
999 3143 1087 3200 sancti
1113 3142 1256 3198 Edmundi

108 3225 242 3294 Angliam
255 3227 399 3296 egrediens
412 3229 587 3300 disposuerat
601 3230 775 3300 expendisse.
812 3229 888 3284 Hinc
899 3228 1011 3284 rediens
1023 3228 1147 3297 domum,
1160 3226 1257 3282 sedem

108 3307 298 3378 episcopalem
311 3311 451 3366 transtulit
463 3312 499 3366 de
512 3312 664 3368 Thesordia
677 3313 714 3366 ad
734 3311 903 3381 Norwicum,
916 3321 945 3368 et
964 3312 1035 3366 infra
1046 3312 1132 3367 breue
1149 3320 1256 3382 postea,
1270 3327 1302 3378 35

108 3407 187 3446 anno
198 3391 329 3448 videlicet
338 3395 464 3463 proximo
476 3405 609 3468 sequente
622 3405 649 3451 et
658 3412 734 3451 anno
742 3395 815 3464 regis
827 3395 941 3451 Henrici
950 3395 1031 3465 primi
1044 3395 1106 3467 iija,
1113 3393 1257 3466 proposuit

108 3474 298 3544 calumpniam
329 3477 397 3532 satis
426 3479 546 3535 facunde
576 3479 612 3535 de
642 3478 817 3536 subieccione
844 3480 962 3535 ecclesie
991 3479 1079 3535 sancti
1105 3478 1258 3547 Edmundi,

107 3557 260 3629 multisque
278 3560 314 3614 de
332 3560 424 3617 causis
444 3561 546 3618 iustam
565 3579 599 3617 ac
620 3562 808 3617 necessariam
828 3562 866 3616 ibi
883 3562 943 3618 iore
964 3580 1044 3618 suam
1063 3562 1258 3634 prelacionem.

110 3643 161 3698 Set
185 3659 270 3697 causa
289 3643 437 3713 diligenter
456 3645 599 3712 ventilata,
618 3645 805 3716 calumpniam
831 3645 920 3716 ipsius
939 3645 1046 3702 irritam
1068 3663 1132 3701 esse
1156 3646 1258 3702 debere

109 3727 304 3795 comprobauit
327 3744 362 3782 ac
386 3729 510 3784 decreuit
533 3729 664 3785 vniuersa
684 3730 809 3800 synodus
833 3731 870 3784 ab
891 3731 1026 3786 Anselmo
1048 3729 1258 3800 archiepiscopo
1269 3747 1303 3798 40

109 3809 298 3865 cantuariensi
315 3811 476 3867 Londonie¹
492 3813 648 3880 celebrata;
671 3813 736 3884 quia
751 3811 874 3883 episcopi
892 3813 1069 3883 quamplures
1086 3823 1115 3867 et
1131 3813 1257 3878 abbates,

109 3909 221 3948 necnon
229 3893 315 3948 duces
325 3892 875 3966 regni³considentes,⁴affirmaueruntse
883 3896 1040 3952 interfuisse
1049 3895 1141 3951 causis
1151 3895 1257 3951 Ariasti

107 3976 233 4046 episcopi
257 3979 427 4034 elmanensis
450 3989 479 4035 et
508 3979 660 4036 Baldewini
683 3981 794 4036 abbatis
818 3980 908 4035 sancti
934 3977 1086 4048 Edmundi,
1111 3979 1258 4051 ipsumque

108 4059 254 4115 Ariastum
275 4079 293 4114 a
317 4077 402 4116 causa
423 4063 566 4130 cecidisse,
586 4063 718 4120 abbatem
738 4081 804 4119 vero
829 4063 1021 4118 Baldewinum
1045 4080 1096 4133 per
1118 4063 1257 4133 legitimos

109 4153 197 4200 testes
210 4145 407 4215 comprobasse
421 4165 451 4204 se
460 4165 494 4204 ac
506 4164 586 4203 suam
597 4147 746 4204 abbaciam
759 4163 809 4218 per
819 4147 858 4219 iiij
871 4164 961 4203 annos
969 4147 1085 4202 liberam
1096 4157 1125 4202 et
1134 4147 1257 4218 quietam
1270 4167 1302 4219 45

240 4281 248 4312 ¹
267 4282 322 4333 MS.
334 4299 391 4349 qua.
529 4284 540 4315 ¹
556 4285 612 4336 MS.
623 4285 786 4335 londoniensi.
939 4284 950 4315 ⁸
967 4284 1022 4337 MS.
1033 4301 1128 4351 regum.

574 4349 583 4380 ⁴
600 4351 654 4402 MS.
666 4350 824 4402 confidenter.
