3062 4888
91 309 235 362 asnaa.
250 309 319 376 ψ]
369 292 444 385 De
460 290 751 382 &canuam
769 305 863 395 tant
880 297 919 380 tt
936 300 1125 397 mertare.
1175 315 1247 392 577

93 494 237 550 ‘nonest
261 494 413 566 sapiencia,
432 511 490 550 non
514 505 557 550 est
582 494 730 550 consilium
755 505 852 551 contra
877 496 1041 552 dominum!
1078 499 1140 552 Rex
1163 497 1249 568 igitur

92 578 220 646 predicte
240 588 367 633 matrone
388 578 549 647 presagium
572 579 710 634 reducens
734 579 772 633 ad
796 578 968 647 memoriam,
991 597 1054 636 sese
1075 580 1103 634 in
1123 580 1247 637 lacrimis

93 659 181 726 dedit,
194 672 223 716 et
244 661 369 731 predicte
387 659 520 731 peticioni
539 661 688 715 clementer
706 661 854 716 consensit.
891 663 1020 717 Tandem
1035 662 1120 733 Angli
1138 665 1247 734 regium

93 760 239 798 assensum
251 743 356 813 adepti,
365 743 537 798 deducentes
547 743 896 811 Edmundum,comitante
904 743 949 799 dei
959 745 1055 815 gracia
1063 757 1246 802 recesserunt.

95 827 224 896 Cumque
235 827 407 882 diuertentes
417 825 454 880 ad
464 825 599 880 borialem
610 837 716 896 partem
729 825 915 881 Orientalium
928 829 1084 896 Anglorum
1097 829 1247 885 intrassent
1262 845 1276 898 5

93 926 260 979 occeanum,
278 909 446 980 appulerunt
464 908 500 963 ad
520 909 740 979 promontorium
762 909 907 980 quoddam
925 926 1044 979 paruum
1063 921 1093 967 et
1111 912 1248 981 pulcrum,

93 993 173 1063 quod
181 1010 270 1064 vsque
283 993 367 1048 bodie
381 991 595 1062 Maydenboure
608 992 771 1062 appellatur,
780 1002 807 1048 et
821 992 908 1046 latine
918 991 1076 1063 ‘virginalis
1090 994 1247 1050 thalamus’

93 1075 299 1146 interpretatur,
319 1094 337 1133 a
358 1093 415 1147 quo
434 1073 626 1145 promontorio
644 1074 724 1146 quasi
743 1075 781 1130 ad
798 1074 881 1129 vnius
900 1075 1001 1144 sagitte
1020 1075 1123 1131 iactum
1142 1077 1248 1132 siccum

94 1159 241 1229 pedestres
252 1169 459 1214 transmearunt
473 1157 595 1212 fluminis
608 1158 730 1213 alueum.
767 1158 847 1212 Felix
858 1157 944 1226 igitur
955 1159 1066 1214 aduena
1079 1159 1248 1214 Edmundus

94 1244 283 1311 procumbens
302 1242 331 1296 in
351 1240 480 1311 spaciosa
494 1239 572 1295 iuxta
584 1242 688 1295 flumen
701 1241 829 1311 planicie,
843 1241 1003 1296 oracionem
1022 1242 1180 1312 specialiter
1197 1258 1248 1313 pro
1264 1260 1294 1296 ιο

94 1324 186 1393 patria
204 1323 250 1379 illa
266 1324 347 1392 fudit,
360 1324 440 1378 cuius
458 1322 597 1379 oracionis
609 1324 742 1380 virtutem
760 1334 834 1379 terra
852 1324 985 1379 adiacens
1003 1326 1134 1381 ostendit.
1171 1327 1248 1380 Nam

94 1405 164 1460 villa
186 1406 231 1461 cui
256 1407 375 1477 pertinet
400 1407 479 1461 locus
503 1406 550 1462 vbi
574 1405 710 1476 applicuit
740 1415 768 1460 et
791 1407 890 1472 orauit,
915 1407 1056 1462 vberiores
1080 1418 1191 1478 segetes
1215 1427 1249 1463 ex

95 1487 269 1557 agricultura
280 1507 330 1559 pre
344 1488 406 1544 aliis
424 1487 504 1544 terris
517 1487 664 1558 Estanglie
677 1488 782 1544 habere
798 1488 959 1558 consueuit;
977 1491 1025 1546 vbi
1037 1491 1128 1546 eciam
1141 1509 1207 1546 mox
1220 1504 1249 1546 vt

95 1572 134 1626 ab
151 1571 281 1626 oracione
297 1571 414 1626 surrexit
432 1581 462 1626 et
478 1587 582 1640 equum
598 1571 735 1638 ascendit,
747 1571 896 1627 duodecim
909 1572 1001 1628 fontes
1014 1573 1199 1644 limpidissimi
1213 1575 1249 1630 de

95 1663 171 1710 terra
183 1664 342 1724 eruperunt,
352 1655 400 1725 qui
412 1654 506 1708 adhuc
519 1655 653 1708 moderno
663 1663 789 1724 tempore
802 1671 859 1709 non
872 1655 932 1710 sine
945 1655 1117 1712 intuencium
1129 1657 1248 1713 admira·
1264 1675 1294 1724 1⁵

96 1736 179 1791 cione
197 1737 350 1792 decurrunt
368 1747 396 1791 et
414 1735 573 1790 delectabili
591 1753 625 1791 ac
642 1736 744 1791 festino
763 1754 905 1792 murmure
924 1737 1025 1807 iugiter
1046 1739 1201 1796 defluentes
1221 1741 1249 1796 iu

95 1819 159 1874 salo
170 1819 354 1877 descendunt.
391 1819 518 1888 Quorum
531 1818 613 1888 aquis
631 1819 742 1889 plurimi
757 1818 883 1888 languidi
895 1819 992 1888 abluti,
1005 1820 1121 1890 pristine
1136 1823 1248 1879 sanitati

96 1911 162 1957 sunt
170 1901 299 1957 restituti.
313 1901 440 1956 Remotis
450 1900 540 1955 eciam
550 1917 599 1971 pro
607 1901 769 1956 infirmitate
781 1901 840 1956 siue
848 1901 904 1956 alia
914 1900 1109 1973 incom[m]odi
1118 1905 1154 1959 de
1164 1923 1250 1962 causa

96 1985 134 2040 ad
143 1986 298 2056 potandum
308 1985 407 2040 efficax
418 1983 546 2040 sanitatis
556 1985 710 2039 eorundem
719 1984 843 2039 foncium
853 1985 977 2040 defertur
985 2003 1067 2056 aqua.
1095 1988 1249 2059 Postquam

96 2085 164 2123 vero
187 2069 356 2124 Edmundus
380 2084 498 2137 regnum
523 2068 651 2138 optinuit,
673 2068 767 2122 locum
792 2067 870 2122 illum
893 2067 1066 2124 familiariter
1089 2070 1193 2139 dilexit,
1215 2089 1249 2128 ac
1266 2089 1296 2127 ro

96 2167 187 2222 prope
199 2151 289 2206 fontes
306 2150 335 2204 in
352 2149 486 2207 eminenti
504 2151 565 2205 loco
583 2151 677 2220 regale
694 2149 868 2206 domicilium
887 2151 1021 2206 condidit.
1059 2153 1169 2208 Eadem
1182 2172 1249 2211 vero

96 2234 164 2294 villa
178 2234 446 2303 Honystannestoun
459 2249 583 2300 congruo
595 2233 710 2287 nomine
723 2242 908 2303 nuncupatur,
922 2232 1000 2289 cuius
1012 2252 1115 2292 nornen
1134 2238 1250 2307 pulchre

97 2315 323 2386 interpretacioni
342 2326 461 2386 aptatur.
499 2314 634 2372 ‘Mellee'
647 2315 752 2372 etenim
765 2316 859 2386 ‘petre
871 2316 954 2371 villa'
968 2328 1057 2384 sonat,
1070 2320 1108 2374 ob
1125 2320 1249 2375 virorum

96 2399 229 2454 videlicet
257 2399 325 2454 inibi
355 2399 586 2454 conuersancium
616 2399 794 2454 dulcedinem
823 2407 852 2454 et
877 2397 976 2454 virium
1006 2399 1250 2472 inexpugnabilem

96 2481 297 2537 fortitudinem.
329 2481 389 2536 Viri
415 2481 509 2551 itaque
531 2481 677 2536 memorati
699 2482 873 2537 deduxerunt
895 2481 1082 2539 Edmundum
1107 2497 1187 2543 caute
1211 2488 1249 2542 ad
1264 2501 1295 2551 ²5

97 2565 242 2634 quandam
269 2565 367 2618 vrbem
393 2563 549 2634 antiquam,
573 2564 650 2619 iuxta
673 2563 796 2634 priorum
821 2564 1005 2621 tradicionem
1030 2585 1048 2622 a
1075 2586 1140 2638 rege
1163 2571 1250 2626 Athla

97 2647 251 2714 conditam,
276 2663 330 2718 que
353 2647 562 2717 ‘Athleburgh’
580 2647 640 2703 eius
665 2647 766 2702 dicitur
789 2665 823 2704 ex
846 2648 969 2716 nomine,
993 2648 1010 2704 i.
1032 2651 1131 2707 ciuitas
1155 2654 1251 2709 Athle.

97 2729 272 2785 Vniuersalis
294 2747 361 2784 vero
382 2729 486 2784 inimici
506 2729 641 2785 membris
662 2729 811 2800 agentibus
832 2741 861 2786 et
880 2747 931 2801 pro
952 2732 1030 2802 regni
1051 2735 1251 2805 Estanglorum

97 2811 180 2883 apice
187 2823 349 2882 prepostero
357 2811 651 2880 decertantibus,infra
661 2811 748 2883 ipsius
756 2813 831 2868 vrbis
839 2813 989 2884 meniaper
998 2831 1103 2871 annum
1111 2817 1251 2888 integrum

98 2893 204 2965 deguit,
217 2895 334 2965 psalmis
346 2905 375 2950 et
387 2894 563 2950 oracionibus
576 2905 603 2951 et
617 2895 670 2964 piis
682 2895 744 2950 aliis
757 2895 888 2965 operibus
907 2895 1054 2966 diligenter
1066 2915 1178 2956 vacans
1217 2903 1250 2956 ln
1264 2913 1297 2964 30

97 2996 155 3052 quo
165 2981 262 3049 spacio
272 2980 434 3050 psalterium
445 2979 521 3048 quod
531 2977 560 3032 in
570 2977 693 3033 Saxonis
702 2978 844 3052 inceperat
854 2978 1010 3048 perdidicit.
1035 2979 1059 3040 ll
1071 2981 1125 3038 Ex
1133 2985 1252 3038 nonacris

98 3060 239 3118 Ηιὶιιάεὶῖ1
258 3069 286 3116 et
308 3062 474 3118 Huntedm'r.
512 3063 623 3116 Interea
646 3061 759 3116 sinister
783 3077 878 3116 rumor
905 3061 1049 3130 regionem
1071 3062 1204 3135 impleuit,
1223 3076 1251 3122 et

98 3147 289 3202 inhabitantes
308 3145 391 3201 timor
410 3145 510 3214 ingens
528 3144 664 3215 perculit:
688 3143 864 3200 transmarini
883 3143 988 3200 etenim
1002 3145 1117 3216 quidam
1135 3147 1251 3218 piratice

98 3229 256 3286 crudelitati
276 3229 436 3284 insistentes
449 3228 577 3284 eiusdem
594 3227 736 3299 prouincie
753 3226 858 3282 crebris
876 3226 1079 3296 irrupcionibus
1097 3231 1251 3301 depopula-

98 3314 202 3368 bantur
214 3312 302 3381 fines3
321 3323 363 3366 set
376 3322 403 3367 et
416 3329 514 3381 regum
526 3310 725 3368 collateralium
737 3309 868 3379 ambicio,
881 3309 978 3366 audita
990 3321 1080 3367 morte
1092 3313 1165 3383 tegis
1179 3314 1250 3381 one,
1265 3336 1296 3387 35

99 3395 261 3450 minabatur
272 3395 392 3450 eandem
404 3393 578 3465 prouinciam
590 3395 635 3450 vel
651 3411 702 3448 suo
715 3392 860 3448 subicere²
880 3393 1004 3463 imperio,
1016 3396 1061 3449 vel
1079 3397 1251 3453 lamentabili

99 3475 262 3549 disperdere
274 3478 445 3533 extenninio.
471 3479 635 3533 Conuocato
648 3476 733 3546 igitur
744 3476 858 3546 populo,
871 3476 908 3532 de
921 3493 985 3546 rege
998 3477 1128 3546 eligendo
1140 3479 1251 3550 questio

99 3561 202 3630 agitur.
240 3560 331 3630 Quem
354 3561 539 3616 Hunberthus
560 3562 605 3614 vel
632 3559 807 3614 Hunferthus
830 3559 997 3614 elmanensis
1018 3561 1167 3632 episcopus
1187 3579 1252 3618 cum

100 3640 269 3714 primoribus
281 3641 438 3712 alloquitur,
451 3660 588 3708 asserens,
595 3651 717 3697 testante
731 3643 885 3697 senescallo
897 3643 971 3712 regis
982 3643 1046 3700 offe
1058 3645 1105 3714 qui
1119 3645 1148 3699 in
1162 3656 1252 3704 morte

100 3725 161 3780 eius
189 3741 305 3794 presens
328 3735 396 3792 erat,
418 3725 603 3780 Edmundum
627 3723 701 3794 regis
727 3724 846 3780 Saxonie
867 3725 964 3793 lilium,
983 3735 1012 3782 et
1031 3726 1153 3782 defuncti
1176 3728 1251 3797 regis
1264 3749 1297 3798 40

101 3807 249 3876 Estanglie
270 3807 467 3878 propinquum,
486 3825 574 3878 regno
593 3807 651 3862 fore
673 3807 863 3862 necessarium
882 3817 910 3861 et
929 3807 1054 3877 dignum,
1071 3808 1253 3880 eiusdemque

101 3891 175 3962 regis
188 3889 312 3945 defuncti
326 3891 491 3946 mandatum
505 3891 623 3956 intimat,
636 3901 664 3944 et
677 3907 774 3944 eorum
785 3907 932 3947 assensum
947 3907 1032 3960 super
1045 3891 1098 3946 hoc
1110 3891 1250 3960 impetrat.

10 4025 11 4030 ,
101 3978 211 4032 Omnes
234 3974 319 4044 igitur
340 3974 460 4029 maiores
484 3983 513 4030 et
537 3973 661 4032 minores
685 3973 745 4043 pari
770 3990 909 4029 consensu
932 3972 970 4028 ad
995 3973 1130 4042 prefatam
1154 3974 1252 4030 vrbem

101 4067 292 4124 cucurrerunt,
304 4067 333 4112 et
346 4057 529 4113 Edmundum
546 4055 695 4127 rapientes,
709 4056 747 4110 ad
759 4056 965 4112 Suthfolchiam
979 4055 1163 4123 deduxerunt,
1175 4067 1203 4110 et
1223 4057 1252 4112 in

101 4141 167 4194 villa
180 4139 216 4194 de
231 4141 304 4194 Bure
317 4139 354 4194 ad
366 4138 445 4208 regni
459 4139 602 4210 fastigium
615 4147 822 4209 promouerunt,
835 4137 986 4195 assistente
997 4139 1104 4209 prefato
1116 4140 1251 4209 antistite,
1264 4161 1297 4212 45

102 4223 196 4294 ipsum
213 4220 243 4276 in
262 4239 358 4291 regem
371 4232 494 4292 vngente
512 4233 541 4278 et
559 4231 749 4288 consecrante,
762 4219 792 4275 in
811 4220 856 4276 die
875 4230 933 4277 nat.
945 4220 1062 4291 domini,
1074 4239 1150 4278 anno
1169 4223 1252 4282 etatis

102 4321 153 4364 sue
165 4311 232 4374 xv⁰.,
245 4315 273 4360 et
284 4305 321 4359 ab
334 4303 531 4360 incarnacione
543 4321 618 4360 anno
631 4303 763 4372 dccclvi0,
775 4303 917 4359 dominica
928 4303 1073 4364 existente.

300 4399 307 4430 ¹
325 4399 343 4450 i.
350 4414 372 4450 e.
385 4400 517 4453 Hovedeu.
828 4397 840 4432 ⁸
857 4399 912 4451 M&
924 4401 1059 4456 subiacere.

138 4477 208 4522 vo1.
228 4481 259 4521 u.
649 4475 700 4540 ep
