3046 4902
271 241 345 310 606
701 231 903 334 flppmlllt
931 235 982 310 11.

269 434 475 507 creber[r]ima¹
487 437 592 493 fiebant
601 436 744 492 miracula.
777 435 863 492 Cuius
872 435 1023 490 translacio
1031 451 1096 490 cum
1105 435 1227 490 obscura
1239 446 1331 492 nocte
1345 437 1428 498 fieret,

270 519 420 590 columpna
444 521 512 576 lucis
537 537 619 590 super
643 521 774 574 {nemun
795 519 856 574 eius
877 521 915 574 ad
937 519 1118 589 depellendas
1137 521 1272 575 tenebras
1294 521 1425 591 protendi
1498 539 1499 544 ¹

269 601 368 658 celitus
383 602 443 657 visa
462 612 515 658 est.
552 604 660 674 Corpus
678 619 744 658 vero
763 601 838 658 beati
858 601 972 656 lurmini
990 602 1117 658 similiter
1134 603 1209 672 apud
1231 604 1425 673 Blideburghe

269 701 333 738 cum
344 695 424 756 patre
437 702 487 741 suo
501 688 584 740 Anna
597 685 686 756 primo
699 685 792 754 iacuit,
806 684 835 740 in
848 685 926 740 cuius
940 687 1072 756 plumbea
1089 687 1179 752 theca,
1194 687 1296 757 inqua
1315 688 1425 743 delatus

241 785 255 836 5
269 775 321 832 est,
329 769 384 823 tale
392 768 567 840 epitaphium
575 769 740 840 inscriptum
752 769 961 824 continebatur:
981 770 1060 838 ‘Ego
1072 769 1210 824 lutminus
1223 769 1425 840 com[m]ando

270 849 299 904 iu
321 848 434 905 nomine
455 860 552 906 sancte
573 849 705 906 trinitatis
727 861 757 906 vt
780 853 855 906 nulla
880 869 1000 922 persona
1021 852 1124 906 audeat
1148 852 1306 922 depredare
1334 857 1426 910 locum

270 933 410 1002 sepulture
430 949 492 990 mee
511 951 598 1006 vsque
618 933 647 990 in
668 934 744 989 diem
766 933 988 989 resurreccionis.
1008 954 1011 960 ·
1035 934 1085 989 Sin
1106 943 1209 1000 autem,
1230 946 1377 992 remotum
1398 956 1428 993 se

270 1015 369 1070 sciata
382 1026 455 1072 sorte
470 1017 646 1072 sanctorum!
681 1017 733 1072 Ex
742 1017 863 1086 quodam
875 1017 1155 1088 librodeBliburgh.
1201 1017 1280 1073 Hinc
1293 1019 1431 1075 scribitur

271 1099 299 1154 in
312 1099 428 1154 historia
441 1117 508 1155 sua:
528 1107 574 1162 R*
588 1101 754 1156 ‘Extraneis
770 1101 815 1154 bis
827 1100 955 1154 venditur
967 1109 996 1154 et
1014 1099 1056 1154 bis
1072 1109 1248 1169 asportatur:
1268 1113 1299 1158 et
1313 1103 1363 1157 bis
1378 1121 1431 1173 per

227 1199 257 1236 ro
270 1199 301 1238 se
310 1182 393 1238 rediit
400 1200 456 1254 quo
466 1183 542 1253 prius
552 1184 670 1248 locatur;
686 1192 729 1238 set
738 1183 825 1238 tercio
832 1199 883 1252 pro
894 1181 987 1253 precio
997 1182 1127 1252 ponderis
1136 1184 1257 1251 daretur,
1266 1187 1430 1240 secundum

270 1275 384 1336 pactum
402 1266 526 1334 tercium,
540 1266 616 1336 quod
634 1283 689 1320 non
709 1275 878 1320 mutaretur:
898 1266 974 1320 Ecce
992 1282 1094 1334 corpus
1112 1282 1175 1319 cum
1193 1267 1278 1336 copia
1296 1269 1430 1323 thesauri

271 1357 427 1414 stateratur,
440 1359 468 1403 et
484 1350 631 1404 thesaurus
645 1349 734 1418 magis
750 1349 804 1403 ruit
822 1349 886 1404 licet
904 1348 966 1419 plus
983 1347 1131 1404 minuatur.
1175 1349 1203 1402 V.
1222 1351 1271 1404 Sic
1285 1351 1431 1420 paulatim

269 1430 401 1486 minuitur
413 1431 458 1486 dei
471 1431 661 1502 prouidencia,
673 1449 761 1502 vsque
774 1447 875 1501 corpus
888 1441 917 1486 et
929 1431 1099 1500 quadrantes
1111 1441 1168 1486 tres
1180 1432 1284 1486 librant
1301 1435 1429 1504 equalia.

270 1515 351 1568 Tunc
374 1515 492 1570 eductus
515 1515 553 1570 de
578 1515 676 1585 patria,
698 1531 761 1568 cum
791 1530 895 1584 magna
919 1513 1007 1586 plebis
1034 1513 1123 1584 gloria
1149 1516 1247 1570 Sancti
1274 1517 1430 1572 Edmundi

228 1613 255 1664 ¹5
270 1595 390 1652 martiris
403 1598 568 1653 transfertur
581 1596 632 1668 [in]
647 1597 783 1654 ecclesia!

369 1743 558 1799 lrtcmsrtctn
576 1757 619 1798 DE
637 1756 798 1800 chartacio
817 1755 1012 1800 MONASTERII
1031 1755 1142 1799 suriest
1162 1745 1333 1800 Enstmtnt.

332 1857 388 1912 Um
402 1856 476 1911 enirn
491 1857 601 1912 Suanus
615 1873 662 1911 rex
679 1858 826 1911 Danorum
837 1856 967 1926 Angliam
977 1856 1030 1910 sibi
1044 1855 1219 1925 subiugando
1231 1857 1373 1913 tributum
1386 1861 1430 1915 in·

365 1940 502 2010 portabile
520 1939 573 1996 sibi
586 1939 656 1996 solui
675 1938 855 2010 precepisset,
877 1937 1069 1994 accedebant²
1081 1940 1259 2010 episcopatus
1273 1942 1429 2012 Estanglie

269 2021 432 2092 parochiani
463 2036 521 2078 tam
552 2023 588 2078 de
617 2021 813 2078 Northsolchia
836 2039 920 2093 quam
946 2022 982 2078 de
1008 2022 1187 2079 suthfolchia
1220 2023 1258 2077 ad
1291 2037 1428 2080 sanctum
1500 2091 1501 2094 Ἴ

271 2106 463 2173 Edmundum,
483 2107 582 2162 deuote
607 2105 796 2177 supplicantes
819 2103 951 2176 quatinus
975 2121 1024 2160 eos
1048 2115 1176 2176 potenter
1196 2123 1214 2160 a
1233 2117 1292 2160 tarn
1315 2107 1427 2164 crudeli

227 2207 258 2244 ιο
270 2188 447 2260 depressione
467 2189 606 2245 liberaret.
643 2188 794 2244 Exaudiuit
815 2205 882 2258 ergo
902 2205 980 2244 more
1005 2188 1087 2243 solito
1111 2199 1227 2243 sanctus
1248 2191 1427 2247 Edmundus

270 2283 398 2328 orantem
427 2274 569 2344 populum,
588 2272 730 2328 exaudiuit
760 2282 788 2328 et
812 2273 882 2328 deus
907 2281 1033 2326 orantem
1056 2271 1249 2338 Edmundum,
1274 2285 1360 2328 nocte
1385 2273 1425 2328 si·

270 2355 385 2426 quidem
407 2356 462 2410 diei
484 2355 689 2426 purificacionis
713 2357 796 2410 beate
819 2354 910 2410 Marie
929 2354 982 2424 ipsi
1004 2355 1100 2409 Suano
1119 2353 1196 2424 apud
1213 2356 1423 2424 Geynesburgh

269 2438 398 2508 apparuit
417 2452 530 2495 sanctus
549 2439 717 2494 Edmundus
736 2447 764 2492 et
783 2454 847 2492 eum
865 2439 963 2492 lancea
979 2437 1210 2491 transuerberans
1223 2447 1423 2508 mortuumque
1500 2447 1501 2478 ³

270 2522 428 2591 relinquens
459 2522 605 2592 disparuit,
630 2533 658 2576 et
682 2519 801 2592 patriam
825 2519 862 2574 ab
887 2517 1047 2589 inportabili
1071 2519 1173 2574 tiranni
1198 2519 1303 2574 tributo
1326 2520 1424 2574 taliter

226 2622 255 2670 ²5
270 2604 398 2659 absoluit.
434 2604 500 2672 Quo
515 2605 630 2675 quidem
648 2603 792 2672 diuulgato
813 2600 957 2667 miraculo,
976 2599 1130 2656 incredibili
1147 2602 1267 2672 populus
1284 2603 1421 2657 exultauit

271 2687 414 2758 tripudio;
441 2689 539 2742 volens
562 2697 590 2742 et
616 2695 715 2742 sancto
742 2685 895 2740 Edmundo
919 2683 1072 2754 rependere
1098 2685 1255 2752 graciarum
1278 2685 1422 2751 acciones,

270 2770 392 2826 unanimi
411 2771 537 2826 omnium
555 2767 672 2826 assensu
690 2769 727 2824 de
744 2768 868 2840 qualibet
886 2777 1019 2822 carucata
1036 2776 1110 2821 terre
1129 2766 1157 2820 in
1177 2777 1236 2822 toto
1253 2767 1423 2836 episcopatu

271 2854 414 2924 Estanglie
439 2864 559 2924 quatuor
583 2851 713 2908 denarios
737 2867 847 2905 annuos
870 2849 1075 2920 imperpetuum
1100 2859 1198 2903 sancto
1221 2849 1268 2904 dei
1293 2849 1424 2906 conterre

269 2940 461 2994 decreuerunt.
499 2938 583 3007 Quod
591 2953 680 3007 vsque
694 2935 779 2989 modo
794 2933 893 2988 eadem
906 2933 942 2988 de
955 2949 1040 2986 causa
1053 2930 1244 3000 ‘camagium'
1256 2934 1425 3002 appellatur.

226 3041 257 3091 30
271 3021 380 3091 Quibus
410 3020 449 3076 sic
480 3019 646 3076 auctoritate
675 3014 827 3087 episcopali
858 3016 1035 3079 confirmatis,
1060 3014 1255 3086 vniuersisque
1278 3027 1346 3070 vota
1372 3033 1426 3071 sua

269 3103 414 3160 annuatim
426 3103 556 3158 alacriter
567 3100 781 3167 conferentibus,
794 3099 918 3154 accreuit
936 3097 1053 3168 pecunie
1072 3115 1190 3164 summa,
1204 3099 1241 3152 de
1259 3115 1326 3168 qua,
1339 3110 1369 3154 et
1388 3101 1425 3156 de

269 3185 331 3241 aliis
343 3185 537 3242 oblacionibus
549 3185 662 3240 aliunde
675 3181 912 3253 proueniantibus,
925 3182 1037 3252 incepta
1049 3191 1091 3236 est
1104 3179 1239 3236 ecclesia⁸
1249 3198 1332 3251 noua,
1346 3199 1425 3238 anno

269 3285 381 3340 quoque
393 3270 560 3324 duodecimo
572 3269 610 3324 ab
622 3267 783 3337 incepcione
793 3265 924 3336 perlecta,
936 3264 965 3318 in
979 3265 1086 3319 honore
1100 3263 1211 3330 Christi,
1219 3275 1319 3320 sancte
1331 3267 1426 3321 Maris

269 3361 297 3406 et
316 3352 403 3407 sancti
424 3351 568 3407 Edmundi
586 3353 624 3406 ab
642 3350 801 3419 Agelnotho
820 3346 1009 3403 cantuariensi
1028 3347 1240 3418 archiepiscopo
1262 3348 1424 3405 dedicatur.

225 3455 254 3506 35
272 3435 380 3502 Postea,
404 3445 529 3506 tempore
554 3435 628 3504 regis
653 3431 786 3488 Willelmi
811 3429 936 3498 secundi,
962 3431 1118 3486 lietbertus
1139 3431 1248 3501 primus
1271 3432 1424 3503 episcopus

269 3518 456 3584 norwicensis,
469 3519 517 3589 qui
529 3519 626 3574 sedem
644 3516 832 3587 episcopalem
840 3515 877 3569 de
886 3513 1037 3568 Thelordia
1046 3514 1186 3568 transtulit
1196 3513 1233 3568 ad
1246 3515 1424 3582 Nominum,

269 3613 297 3657 et
326 3601 474 3658 ecclesiam
498 3600 676 3671 magnificam
701 3599 805 3654 ibidem
830 3596 1000 3653 construxit:
1032 3597 1131 3652 videns
1154 3597 1303 3652 ecclesiam
1330 3601 1423 3654 sancti

270 3686 413 3741 Edmundi
438 3693 672 3750 consummatam,
696 3681 813 3737 accessit
836 3681 875 3736 ad
899 3690 1068 3736 conuentum
1096 3681 1186 3735 sancti
1218 3681 1364 3736 Edmundi
1396 3695 1424 3738 et

270 3769 427 3839 impetrauit
438 3770 475 3823 ab
482 3767 531 3836 eis,
539 3777 635 3837 utpote
647 3767 683 3821 ab
692 3764 852 3820 hominibus
859 3763 952 3818 minus
962 3763 1059 3829 cautis,
1069 3764 1199 3835 quatinus
1209 3765 1375 3832 caruagium
1385 3767 1424 3819 ad

223 3870 258 3922 40
270 3851 417 3907 ecclesiam
427 3869 506 3906 suam
520 3851 718 3921 perficiendam
728 3849 754 3904 ei
762 3845 1042 3918 accomlmJodarent,
1053 3855 1115 3916 post
1127 3847 1206 3901 cuius
1216 3845 1422 3916 perfeccionem

269 3936 431 4005 camagium
450 3935 606 4005 predictum
630 3934 705 3988 bona
730 3931 784 3986 fide
804 3929 930 4002 promisit
949 3930 1003 3983 illis
1022 3946 1085 3984 esse
1107 3929 1318 3984 restituendum.
1356 3931 1422 3998 Quo

269 4018 383 4089 quidem
397 4018 421 4073 ei
435 4018 471 4072 ab
485 4017 614 4084 incautis,
626 4027 742 4086 excepto
755 4013 886 4083 camagio
899 4012 970 4068 infra
981 4011 1139 4068 libertatern
1155 4010 1244 4067 sancti
1264 4011 1420 4079 Edmundi,

268 4111 296 4156 et
315 4102 448 4170 carnagio
464 4099 602 4156 hundredi
621 4099 657 4154 de
670 4101 762 4154 Stowe
782 4099 810 4152 in
825 4095 1007 4164 Suthlolchia
1020 4105 1048 4151 et
1065 4093 1197 4164 caruagio
1216 4096 1372 4150 decanatus
1385 4096 1420 4150 de

270 4183 411 4239 Belihowe
423 4185 451 4238 in
466 4186 492 4237 N
495 4182 669 4248 orthiolchia,
682 4195 833 4237 concesso:
852 4181 888 4236 de
900 4179 962 4250 ipso
974 4178 1107 4248 camagio
1120 4195 1200 4234 suam
1211 4179 1420 4234 consummauit

333 4294 340 4321 ¹
359 4295 413 4344 MS.
426 4295 567 4346 creberlme.
736 4291 746 4322 ¹
763 4292 819 4342 MS.
831 4291 983 4342 accedentes.
1148 4290 1158 4320 ³
1175 4289 1229 4340 tis.
1241 4289 1353 4340 ecclesie
