3008 4904
388 293 463 387 Dr
486 290 650 383 santa
676 291 908 384 romanco.
1148 317 1220 390 243

54 509 140 550 esse
154 495 306 551 sacerdos.
342 493 453 552 Celesti
464 494 526 552 vita
537 494 645 552 frueris
657 512 714 568 per
727 495 828 553 secula
840 505 956 554 cuncta.
996 494 1030 552 V.
1046 495 1109 553 lam
1123 498 1222 554 cernis

55 579 227 637 Christum
240 581 334 654 patris
346 600 365 639 a
377 583 492 640 dextris
504 583 697 640 residentem.
734 583 854 652 Celesti
893 582 1003 642 Gloria.
1039 584 1151 642 Celesti
1164 593 1222 642 etc.

103 667 189 726 ‘llln
206 669 330 726 sanando
353 675 496 728 nocturno.
532 669 602 726 Ant.
637 669 694 726 Vir
717 669 850 738 effectus,
872 687 1020 744 prospere
1047 671 1221 728 Neustriam

57 755 212 826 regebat3
231 759 354 814 tandem
367 768 468 831 partes
481 757 591 832 Anglie
607 765 716 830 potens
732 757 920 826 defendebat,
937 759 1064 831 alleluya
1083 759 1221 832 alleluya.

57 841 121 900 Ps.
149 842 227 900 Cum
253 843 435 904 inuocarem.
471 844 543 902 Ant.
578 845 743 917 Vtrobique
773 844 855 918 regia
878 845 944 902 iura
967 845 1109 915 dilatauit,
1133 864 1168 903 ac
1189 845 1250 915 ins

57 947 146 1003 pace
160 930 257 988 solida
269 943 375 990 cuncta
387 932 569 990 reformauit.
605 931 656 989 Ps.
668 931 769 990 Verba
782 949 858 990 mea.
894 931 965 990 Ant.
996 933 1058 992 Sed
1072 941 1101 990 et
1113 935 1221 991 domus

58 1017 187 1074 domini
212 1019 365 1077 maximus
383 1022 502 1088 zelator,
521 1020 618 1093 pluris
639 1020 777 1076 beneficii
796 1021 899 1094 largus
918 1029 965 1078 est
986 1020 1135 1078 fundator.
1169 1021 1221 1078 Ps.

60 1104 203 1162 Domine
216 1107 293 1163 deus
305 1116 417 1164 noster.
453 1107 486 1164 V.
501 1106 616 1164 lustum
630 1105 762 1163 deduxit.

103 1191 240 1253 llLecirb
254 1195 304 1250 iiii.
341 1183 419 1251 Vis¹
437 1195 566 1268 plenius,
578 1193 782 1262 deuotissime‚
794 1203 894 1251 cetera
906 1203 967 1252 tam
986 1195 1061 1252 mire
1076 1211 1222 1268 propaga-

59 1279 162 1338 tionis
182 1290 299 1338 secreta
316 1283 505 1355 pandamus?
543 1281 698 1338 Hactenus
716 1280 844 1338 didicisti
865 1284 945 1354 quod
967 1292 1070 1340 sancta
1088 1282 1222 1340 Cesaris·
1236 1299 1269 1346 ,io

59 1367 178 1440 burgi¹
195 1369 322 1426 ecclesia
341 1369 466 1442 preclari
488 1369 638 1442 pontificis
658 1367 807 1425 Osmundi
827 1386 953 1442 corpore
977 1379 1120 1442 tanquam
1143 1370 1222 1428 virili

61 1456 192 1512 semine
203 1455 363 1514 fecundata
374 1465 429 1514 est.
465 1456 580 1514 Verum
597 1455 667 1528 quia
684 1455 767 1512 iuxta
781 1455 913 1512 instituta
930 1465 1036 1514 nature
1044 1456 1064 1527 ³,
1077 1475 1137 1514 non
1150 1475 1222 1516 mox

63 1553 214 1616 suscepto
234 1545 359 1612 semine,
379 1546 434 1602 sed
457 1545 549 1602 multo
571 1543 684 1616 [post]⁴
703 1559 866 1616 progressu
892 1543 970 1600 setus
990 1545 1169 1602 conualescit
1190 1546 1222 1602 in

63 1631 248 1704 perfectum,
273 1631 314 1689 ita
338 1631 478 1690 meritum
503 1630 583 1690 beati
607 1630 664 1688 viri
689 1629 869 1688 successiuis
894 1631 1103 1690 miraculorum
1128 1633 1222 1706 signis

65 1718 152 1792 cepit
164 1719 196 1775 in
210 1720 277 1776 dies
289 1719 422 1776 fidelium
435 1719 587 1777 mentibus
599 1719 695 1792 magis
707 1718 905 1775 innotescere.
932 1719 998 1776 Ac⁵
1010 1719 1086 1776 sicut
1097 1721 1222 1778 materia
1239 1743 1267 1795 ις

65 1805 122 1862 illa
134 1806 297 1863 seminaria
306 1806 454 1880 frequenti
464 1805 510 1863 sui
518 1806 810 1864 alteratione⁶certis
820 1806 990 1864 labentibus
1002 1807 1118 1864 dierum
1129 1809 1222 1866 curri-

65 1894 147 1951 culis
159 1911 241 1951 nunc
253 1894 355 1965 lactea,
368 1904 438 1968 post
457 1895 636 1967 sanguinea;
656 1895 779 1951 demum
796 1893 827 1950 in
846 1895 968 1950 modum
981 1911 1082 1952 masse
1094 1913 1203 1953 carnea
1215 1915 1222 1964 ς

65 1999 104 2039 ac
127 1991 284 2054 postremo
308 1982 430 2056 aperte'
450 1982 637 2056 figurationis
656 1981 829 2040 liniamenta
846 1990 878 2040 vt
896 1981 1020 2055 spiritus
1036 1982 1135 2040 vitalis
1154 2001 1222 2042 earn

65 2069 213 2126 informet
226 2071 381 2143 suscipere
390 2070 554 2128 indicatur:
574 2068 638 2143 pari
651 2071 757 2126 ordine
770 2069 913 2127 sustinuit
925 2069 1066 2126 dominus
1078 2072 1221 2144 paulatim

65 2173 211 2214 crescere
224 2166 362 2214 sanctum
375 2175 473 2228 suurn,
486 2175 521 2214 ac
535 2175 572 2214 eo
588 2159 721 2214 nondum
741 2157 779 2214 de
798 2157 889 2214 corde
907 2166 987 2214 terre
1005 2157 1114 2230 leuato,
1126 2159 1223 2231 quoti-
1237 2178 1269 2216 ao

68 2245 164 2301 diana
171 2262 251 2318 pene
261 2244 392 2303 nouitate
402 2245 556 2318 signorum
566 2244 901 2318 accurrent[e]⁸populi
910 2244 1098 2302 multitudine
1105 2255 1222 2304 uterum

69 2332 189 2402 matris,
202 2333 233 2390 in
246 2350 306 2405 quo
317 2341 401 2390 tanto
418 2343 553 2407 ternpore
571 2333 752 2406 repausauit,
764 2333 884 2390 vberius
897 2333 1047 2405 grauidari
1064 2335 1223 2393 constituit.

67 2419 110 2477 R.
139 2419 297 2492 Proposito
323 2420 404 2493 plebi
427 2437 538 2493 magna
561 2420 670 2478 virtute
696 2420 829 2492 petenti⁹
854 2421 946 2478 Sacra
971 2439 1079 2480 manus
1109 2423 1223 2480 domini

67 2507 273 2565 subueniebat
288 2507 325 2579 ei,
338 2508 465 2582 alleluya
476 2508 612 2581 alleluya.
652 2506 686 2564 V.
705 2507 746 2565 Vt
758 2507 866 2579 Dauid,
879 2516 925 2566 est
937 2517 1054 2580 vnctus,
1065 2519 1098 2566 vt
1111 2511 1223 2582 Aaron,

66 2605 119 2652 est
131 2595 199 2668 ipse
211 2597 362 2653 sacerdos.
399 2595 492 2653 Sacra
504 2613 612 2652 manus
625 2604 680 2652 etc.
1238 2618 1268 2668 ²⁵

105 2683 132 2742 tl
145 2682 238 2740 Lectio
250 2701 277 2740 v.
304 2670 371 2740 Iam
383 2683 533 2740 intellecta
540 2682 721 2740 fecunditate
729 2682 841 2752 matris,
849 2693 988 2757 superest
996 2693 1028 2740 vt
1036 2685 1222 2759 superiorem

67 2769 211 2828 ordinem
236 2779 343 2827 nature
367 2779 470 2828 nostro
494 2769 649 2843 proposito
673 2773 860 2844 adaptemus.
903 2770 988 2829 Tunc
1014 2772 1095 2829 enim
1121 2783 1224 2831 sancta

68 2857 314 2918 Sarisbun'arum
327 2857 455 2916 ecclesia
467 2858 562 2915 lacteo
580 2865 696 2915 tantum
714 2858 838 2931 coagulo
854 2857 948 2917 foueri
960 2859 1025 2917 visa
1036 2869 1091 2932 est,
1103 2863 1223 2934 quando

68 2947 163 3003 beata
181 2945 229 3003 dei
247 2945 387 3019 genitrix,
406 2945 491 3002 cuius
510 2945 637 3002 candida
654 2945 810 3018 virginitas
831 2946 917 3004 lactei
937 2948 1067 3004 dulcoris
1089 2949 1223 3005 similitu-

67 3035 177 3093 dinem
197 3034 294 3105 habet,
314 3034 378 3090 sola
397 3032 493 3107 ipsius
514 3033 640 3091 ecclesie
659 3043 785 3107 patrona
812 3034 972 3092 constituta
995 3045 1049 3092 est.
1086 3036 1149 3093 Sed
1172 3037 1223 3094 vbi
1239 3056 1270 3106 30

68 3123 166 3180 etiam
179 3140 237 3196 per
247 3121 356 3179 merita
368 3121 533 3180 sacerdotis
545 3122 601 3191 sui,
614 3121 661 3179 cui
675 3124 826 3195 quondam
839 3123 1029 3181 incumbebat
1041 3125 1223 3182 immolando

69 3227 198 3269 carnem
216 3218 247 3267 et
265 3209 443 3282 sanguinem
466 3210 577 3267 Christi
598 3219 721 3282 peccata
737 3209 840 3283 populi
861 3211 995 3283 expiare,
1014 3229 1075 3268 non
1095 3213 1224 3270 cessauit

70 3298 238 3358 altissimus
251 3297 387 3354 conferre
406 3297 554 3371 languidis
573 3297 720 3354 beneficia
734 3297 878 3366 sanitatis,
891 3297 1002 3356 exinde
1018 3309 1086 3372 post
1102 3301 1229 3373 dignam.

69 3386 302 3445 venerationem
315 3385 540 3442 rutilantissime
553 3385 602 3443 dei
615 3385 719 3442 matris
731 3385 810 3458 cepit
819 3385 909 3444 etiam
918 3395 1006 3459 atque
1014 3387 1103 3444 etiam
1113 3406 1223 3462 corpus

70 3473 197 3550 gloriosi
209 3472 359 3547 pontificis
371 3473 409 3529 ab
429 3472 588 3531 innumera
606 3475 696 3547 plebe
714 3473 831 3531 deuotis
847 3473 1002 3531 aflectibus
1018 3475 1140 3533 visitari.
1180 3477 1224 3534 Ita
1239 3495 1269 3548 35

70 3563 198 3638 quidem
218 3561 358 3618 effectum
380 3569 428 3618 est
444 3570 477 3617 vt
497 3562 584 3618 beata
604 3561 699 3633 virgo,
721 3561 805 3617 cuius
826 3561 1033 3618 inestimabilis
1054 3565 1167 3621 candor
1185 3566 1223 3621 ab

71 3649 216 3710 humanis
226 3649 330 3722 nequit
338 3649 555 3722 comprehendi
563 3650 722 3718 obtutibus,
730 3647 911 3722 peculiarem
921 3649 1023 3723 populi
1033 3651 1224 3709 deuotionem

71 3742 113 3799 ad
126 3738 261 3796 relictam
274 3736 400 3793 interris
408 3754 540 3794 massam
550 3753 692 3794 carneam
702 3737 782 3793 serui
793 3735 839 3792 sui
849 3735 998 3793 Osmundi
1011 3755 1066 3810 pro
1079 3741 1224 3812 rependio

72 3846 137 3890 non
157 3826 280 3898 indigno
297 3825 490 3882 transtulerit
520 3823 559 3881 R.
580 3824 615 3880 In
634 3841 739 3897 regum
757 3825 909 3896 quondam
927 3834 1090 3898 conspectu
1109 3827 1224 3900 magni·

72 3918 191 3983 ficatus,
211 3913 299 3969 Nunc
321 3911 480 3970 immortali
501 3913 612 3986 gaudet
633 3911 752 3985 cepisse
773 3929 891 3968 corona.
931 3911 965 3970 V.
984 3911 1147 3970 Deseruire
1166 3915 1224 3972 deo
1237 3933 1270 3984 4ο

72 4005 193 4066 malens
206 4017 297 4074 quam
310 4017 404 4074 regna
415 4007 529 4072 tenere,
543 3999 630 4056 Nunc
643 3999 810 4057 immortali.

106 4297 164 4346 ¹E.
175 4293 229 4345 Vir.
305 4290 587 4345 ’alstrnburiensia
661 4291 721 4343 'aL
735 4299 774 4342 est
786 4307 812 4344 n.
885 4293 961 4344 ¹om.
973 4295 998 4342 in
1012 4293 1042 4344 E.
1111 4291 1224 4345 ‘EM

71 4359 320 4414 ‘Emitereotione
385 4355 445 4410 'od
458 4367 528 4422 apte.
593 4358 814 4412 ⁸E.accurentis.
879 4357 939 4410 'al
951 4359 1060 4423 potenti.

632 4467 683 4509 M
