3044 4894
301 317 347 392 74
611 300 743 386 {tona
768 295 959 401 nmmos
983 294 1135 401 aaut.

291 489 328 556 'et
347 497 475 555 filiarum
493 499 637 556 valitura¹
656 499 841 556 familiariter
858 497 1046 572 perquisiuit.
1085 498 1177 556 Cuius
1196 497 1297 556 verbis
1319 497 1447 555 famulus

299 587 474 660 respondit:
495 587 597 644 ‘onr
608 587 729 659 quidem
743 587 945 644 concalescit:
965 587 1116 660 nimiaque
1133 595 1288 644 senectute
1302 595 1448 659 preuenta

298 673 426 731 filiarum
441 683 487 731 est
500 675 605 731 solatio
618 675 765 740 destituta,
776 691 861 747 aqua
870 683 976 746 partus
988 674 1200 731 fecunditatem
1213 673 1338 730 ulterius
1351 674 1448 729 visere

298 779 358 818 non
378 761 513 818 confido·
550 763 600 819 Ad
620 763 676 818 hec
696 770 834 820 sanctus:
856 762 1050 830 ‘Reuertere,
1069 771 1099 818 et
1117 763 1225 819 irroret
1244 771 1328 818 nrum
1349 759 1447 832 hospi·

268 848 372 920 stium
393 849 506 907 riuulus
524 849 724 906 indeficientis
742 851 854 922 gratie:
880 858 910 906 et
928 849 1056 922 qualiter
1072 865 1148 906 vxor
1166 867 1200 906 se
1219 849 1357 905 habuerit
1377 847 1447 904 mihi

298 937 479 994 denunciare
492 955 551 994 non
565 937 709 994 formides
722 937 861 1009 proximo
878 937 909 992 in
922 939 1063 994 accessu!
1102 937 1173 994 Post
1187 938 1358 993 breuiorem
1376 946 1448 992 tem·

298 1024 410 1098 poralis
423 1025 616 1082 reuolutionis
633 1024 777 1082 circulum
792 1040 868 1080 vxor
886 1033 1020 1081 materno
1037 1023 1134 1081 fmetu
1150 1023 1312 1098 grauidata,
1325 1026 1402 1080 duas
1419 1025 1447 1078 in

299 1114 396 1169 lucem
420 1112 496 1168 filias
521 1113 676 1170 educauit:
702 1129 827 1184 quarum
850 1111 933 1168 alteri
958 1121 1026 1184 post
1051 1122 1170 1185 partum
1188 1111 1372 1168 laboriosum
1398 1127 1447 1167 ex·

298 1217 441 1258 crescens
461 1199 625 1273 gibbositas
645 1199 842 1257 deformitatis
862 1199 1010 1256 radicibus
1030 1200 1136 1256 faciem
1162 1199 1342 1256 horribiliter
1362 1216 1448 1254 occu·

254 1303 286 1341 ιο
299 1287 390 1362 pauit.
415 1287 546 1361 Contigit
558 1297 657 1344 autem
669 1288 699 1344 in
710 1288 884 1345 reuersione
892 1289 929 1344 ad
939 1287 1153 1344 monasterium
1163 1289 1293 1344 eundem
1304 1286 1448 1342 famulum

298 1393 366 1432 curn
386 1374 502 1448 prefate
521 1375 686 1432 sanctitatis
705 1384 832 1447 patrono
854 1375 1000 1431 familiare
1019 1375 1103 1431 adire
1122 1374 1321 1448 colloquium:
1341 1391 1360 1430 a
1381 1391 1449 1446 quo,
1504 1377 1505 1442 ,

299 1473 387 1536 prout
400 1463 549 1536 superius.
563 1464 601 1520 de
612 1463 715 1520 vxoris
728 1462 905 1535 perquisiuit
921 1472 952 1519 et
967 1462 1206 1519 conualescentia
1219 1462 1356 1518 filiarum.
1395 1461 1449 1518 Cui
1504 1491 1505 1494 η

298 1550 428 1607 famulus
453 1549 627 1624 respondit:
660 1549 805 1618 ‘Vtinam
834 1551 1021 1606 sanctissime
1046 1558 1139 1624 pater,
1165 1550 1288 1606 alteram
1320 1549 1448 1606 filiarum

299 1655 390 1712 quam
403 1655 479 1696 vxor
492 1637 629 1695 educauit
641 1647 722 1695 terre
735 1637 820 1694 sinus
833 1638 871 1694 ab
883 1638 994 1694 oculari
1008 1647 1132 1711 aspectu
1144 1639 1360 1695 absconderet:
1381 1638 1450 1709 quia

256 1743 284 1796 :5
299 1733 381 1783 tante
407 1725 684 1798 incom[m]oditatis
709 1725 859 1782 anxietate
878 1725 1002 1798 gibboso
1017 1725 1200 1782 deformatur
1218 1725 1249 1781 in
1268 1725 1352 1793 facie,
1369 1724 1450 1797 quod

298 1813 491 1870 cunctorum¹
508 1813 603 1870 visui³
622 1812 893 1885 irrecuperabiliter
913 1813 1132 1886 perhorrescit!
1170 1813 1224 1870 Cui
1246 1820 1369 1868 sanctus
1390 1811 1449 1868 ait:
1505 1855 1506 1882 ,

300 1901 365 1958 ‘Ab
375 1902 529 1974 originalis
539 1901 720 1957 infirmitatis
730 1901 844 1957 macula
854 1900 1023 1972 baptismali
1035 1903 1261 1974 regeneratione
1271 1901 1454 1979 deputatam
1505 1887 1506 1892 ἵ

299 1989 431 2046 horroris
456 1989 542 2046 titulo
567 2005 626 2044 non
652 1987 813 2060 denigres:
845 1989 899 2044 sed
924 1987 982 2044 cito
1005 1989 1129 2046 domum
1154 1989 1283 2058 rediens,
1309 1989 1449 2060 imponas

299 2076 479 2151 digitum'in
501 2075 657 2150 principali
680 2076 791 2132 vertice
812 2075 917 2144 morbi,
938 2075 1014 2132 sicut
1035 2091 1114 2132 nunc
1136 2076 1259 2148 digitum
1283 2084 1334 2132 tuo
1356 2073 1449 2131 fronti

254 2181 286 2220 ao
299 2165 441 2238 impono;
460 2173 552 2237 vtque
568 2165 726 2221 sanitatem
742 2163 894 2236 percipiat,
913 2164 1054 2221 continuo
1073 2163 1283 2236 suffragiorum
1302 2163 1449 2236 preconio

298 2253 432 2310 celorum
463 2253 569 2308 ianuas
595 2251 797 2325 propulsabo·
843 2251 902 2321 Qui
933 2251 1122 2308 sanctissimo
1153 2252 1229 2326 patri
1259 2250 1450 2318 valefaciens,

299 2341 398 2398 statim
419 2348 559 2414 receptus
580 2340 610 2395 in
631 2339 760 2413 propria,
779 2338 989 2395 consultationi
1012 2349 1115 2396 sancte
1139 2338 1279 2396 iussionis
1304 2340 1450 2395 obediens

299 2429 423 2502 digitum
436 2429 474 2484 ad
485 2427 622 2484 morbum
636 2425 776 2499 apposuit
789 2435 849 2483 ter:
869 2426 1011 2482 continuo
1023 2436 1105 2484 tante
1119 2427 1322 2484 horribilitatis
1332 2429 1450 2483 macula
1506 2456 1507 2466 κ

299 2516 446 2572 difformis
458 2514 536 2572 infra
548 2514 650 2570 breuis
664 2514 736 2570 hore
750 2513 893 2586 spacium,
904 2513 1010 2570 faciem
1023 2516 1155 2572 reddens
1169 2516 1314 2584 letiorem,
1327 2516 1450 2571 euanuit

256 2625 284 2676 ²5
299 2613 328 2662 et
353 2605 499 2661 discessit.
539 2603 685 2660 Parentes
706 2619 779 2658 vero
800 2602 967 2676 prefulgida
990 2603 1158 2660 deuotionis
1183 2603 1279 2660 facula
1303 2603 1451 2669 luminati,

299 2709 355 2766 pro
381 2691 441 2750 filie
467 2691 593 2748 sanitate
619 2689 745 2763 pristina
769 2690 852 2763 pium
882 2699 1033 2763 pastorem
1064 2691 1280 2748 liberalissimis
1311 2691 1450 2746 laudibus

299 2789 440 2837 curarunt
453 2779 606 2836 extollere.
631 2779 714 2849 Quos
727 2787 849 2836 sanctus
861 2778 1052 2851 increpanter
1060 2780 1245 2851 redarguens
1254 2778 1450 2851 compescuit,

299 2877 329 2924 et
345 2867 430 2942 ipsos
446 2867 575 2939 perenni
592 2874 775 2923 connectens
790 2867 917 2933 silentio,
930 2865 1102 2940 diligentius
1118 2866 1301 2923 commonuit
1315 2876 1449 2922 uetante

300 2955 396 3030 gratie
410 2956 528 3012 laudem
543 2953 677 3011 mortalis
689 2954 750 3010 vite
762 2953 887 3026 periodo
903 2954 1027 3011 alicuius
1046 2957 1157 3012 auditui
1171 2955 1340 3012 insererent
1352 2953 1450 3026 puhli-

255 3063 287 3114 30
299 3045 368 3112 cari,
388 3045 442 3100 sed
463 3059 518 3116 pro
538 3042 643 3099 collate
663 3041 798 3099 sanitatis
817 3041 960 3098 miraculo
979 3043 1080 3115 lingue
1102 3044 1262 3114 ligamenta
1286 3043 1450 3108 soluentes,

299 3134 432 3188 omnium
453 3129 627 3203 plasmatori
649 3130 745 3186 melos
768 3129 915 3202 placentie
935 3147 973 3187 ne
995 3141 1148 3188 cessarent
1168 3131 1336 3187 concinere.
1374 3129 1450 3200 Quis

299 3220 392 3277 diuini
412 3219 524 3276 amoris
548 3219 656 3275 haustu
676 3217 779 3274 fontali
801 3218 1009 3290 refrigeratum
1031 3219 1111 3275 hunc
1136 3219 1358 3275 sanctissimum
1378 3237 1450 3275 con·

299 3309 447 3364 sessorem
466 3315 613 3379 perpetuo
633 3305 749 3363 Helisei
768 3306 943 3362 commertio
962 3305 992 3362 in
1011 3306 1112 3362 celicis
1131 3323 1191 3362 uon
1210 3306 1386 3376 conformet,
1400 3305 1449 3379 qui

300 3395 383 3452 Giezi
397 3394 541 3451 famulum
555 3411 642 3451 suum
656 3393 755 3451 emisit
770 3411 838 3450 cum
852 3394 957 3450 baculo
969 3396 1006 3451 ad
1020 3395 1224 3451 suscitandum
1236 3395 1342 3451 mortis
1355 3396 1449 3451 iacqu

255 3501 285 3551 35
300 3482 506 3552 fulminatum:
526 3482 611 3538 cuius
629 3491 729 3539 tamen
749 3481 780 3538 in
800 3481 935 3539 absentia
955 3483 1053 3556 rigor⁴
1066 3483 1208 3539 funeralis
1225 3499 1285 3538 non
1304 3483 1448 3540 recessit:

300 3571 347 3627 hic
360 3581 465 3627 noster
476 3569 631 3641 graciosus
645 3569 790 3627 Heliseus
810 3568 946 3626 familiari
964 3570 1151 3626 internuncia
1167 3571 1280 3642 absque
1297 3571 1451 3642 presentia

300 3657 448 3732 corporali
458 3657 549 3713 filiam
560 3657 688 3714 reddidit
699 3656 836 3730 sospitati
846 3657 949 3714 famuli
960 3657 1126 3714 memorati.
1192 3646 1280 3714 Alias
1292 3675 1367 3714 vero
1380 3661 1449 3716 dum

299 3746 446 3803 feruentis
460 3745 626 3803 deuotionis
636 3745 776 3802 fasciculo
789 3746 950 3803 calefactus
963 3755 1134 3803 sanctorum
1147 3745 1270 3818 collegio
1280 3749 1451 3804 mentaliter

300 3835 489 3901 inhabitaret,
502 3833 660 3890 mulierem
673 3833 892 3892 febricitantem
911 3834 1059 3891 consolari
1077 3835 1231 3907 peruenit:
1251 3851 1343 3906 quam
1361 3837 1450 3893 bene

253 3948 287 3997 4ο
300 3923 438 3981 dictionis
452 3922 654 3980 habundantia
671 3923 806 3996 plenarie
825 3922 973 3992 reficiens,
986 3923 1138 3996 grauitatis
1158 3923 1276 3978 infirme
1290 3922 1452 3980 declinauit

299 4011 458 4085 supplitia;
490 4019 520 4068 et
545 4011 652 4068 mulier
676 4012 833 4067 dominum
858 4011 889 4066 in
915 4013 1026 4068 sanctis
1051 4011 1114 4067 suis
1139 4010 1292 4066 benedixit
1324 4023 1452 4084 propter

298 4109 440 4173 exoptate
452 4099 559 4157 salutis
570 4099 719 4156 solatium.
806 4086 1003 4157 inuehendus
1021 4107 1067 4156 est
1082 4098 1214 4155 calamus
1231 4105 1350 4155 mentes
1369 4100 1453 4156 audi·

299 4189 414 4245 endum
433 4187 603 4261 promptius
621 4186 783 4244 informare
802 4188 952 4260 quomodo
970 4187 1103 4260 prefatus
1118 4185 1267 4243 veridicus
1285 4186 1407 4258 palmes
1422 4189 1451 4242 in

301 4275 388 4332 horto
401 4276 532 4349 paradisi
546 4294 614 4333 cum
627 4275 746 4350 angelis
759 4276 987 4348 complantatus,
999 4291 1161 4348 granorum
1178 4273 1336 4348 penuriam
1349 4274 1381 4330 in
1395 4277 1453 4332 vita

366 4381 419 4423 ¹=
436 4383 585 4433 valitudine.
678 4380 735 4434 ¹13.
749 4390 900 4446 cunctoque.
993 4378 1136 4432 'r.visusl
1230 4377 1287 4431 ⁴5.
1300 4380 1386 4442 vigor.
