3062 4876
77 286 264 340 irs-nnun-
278 301 300 338 2·
314 285 352 352 m
384 268 625 359 utuuslutiu
650 268 707 360 θ.
728 263 928 361 mutilati.
1157 288 1223 366 721

76 471 194 542 fulguris
213 471 406 528 choruscantis
422 473 540 529 dimidia
555 474 613 529 fere
631 474 700 528 hora
718 474 764 529 lux
781 473 877 530 diuina
889 473 1057 545 prestrinxit,
1076 473 1228 546 quantique

77 555 168 612 meriti
193 566 268 612 esset
292 555 363 612 illius
387 556 482 611 anima
506 557 585 613 cuius
608 557 725 629 reliquie
748 559 943 629 querebantur,
968 558 1040 613 felici
1070 558 1228 628 pronostico

77 639 240 695 declarauit.
287 640 393 695 Locum
412 657 479 709 ergo
500 641 658 706 eruderant,
680 651 707 696 et
727 657 864 712 compage
885 641 1010 712 lapidum
1030 639 1077 712 qui
1103 640 1156 696 sibi
1180 657 1228 696 co·

77 722 210 777 heserant
222 720 376 780 dissoluta:
396 723 611 780 desiderabilem
625 724 788 779 thesaurum
807 724 961 794 inueniunt,
980 733 1010 778 et
1027 725 1107 796 quasi
1125 724 1229 780 deuote

77 805 228 861 oblationis
247 806 398 876 primicias,
419 806 531 863 Christo
551 807 708 878 graciarum
726 807 859 870 actiones,
878 818 962 878 atque
979 809 1081 863 uberes
1097 808 1257 874 lacrimass

77 887 255 945 exultationis
266 888 440 959 impendunt.
476 892 571 946 Tanta
582 884 649 946 uer'o
661 891 698 946 de
716 892 863 962 sepulchro
880 890 1037 960 fragrancia
1052 907 1165 961 egressa
1177 902 1230 959 est,

78 989 131 1044 que
156 989 241 1028 omne
263 989 352 1042 genus
376 983 533 1029 aromatum
557 975 617 1030 siue
638 975 746 1042 florum,
771 973 895 1047 quadam
915 972 1066 1029 ineffabili¹
1090 974 1230 1030 suauitate

77 1056 298 1112 transcenderet.
335 1057 368 1112 ln
389 1059 533 1127 amplexus
552 1058 651 1113 tumuli
670 1067 761 1126 ruunt,
782 1067 810 1114 et
832 1058 928 1113 oscula
946 1057 1069 1112 crebrius
1088 1057 1229 1125 iterantes,

79 1139 120 1196 sui
134 1139 247 1210 patroni
259 1139 405 1195 deuotione
416 1142 607 1197 accenduntur
617 1142 772 1208 ardencius,
785 1158 837 1197 nec
849 1158 900 1196 sue
911 1140 1072 1196 satisfacere
1084 1139 1228 1196 deuotioni

79 1227 229 1284 sufficiunt.
276 1229 356 1283 Vnus
378 1244 445 1284 uero
469 1228 579 1285 illorum
603 1230 759 1299 egrediens,
777 1229 815 1284 ad
836 1228 905 1284 alios
930 1229 977 1300 qui
1004 1229 1031 1283 in
1055 1229 1276 1286 monasterio10

78 1311 209 1368 laudibus
225 1310 374 1367 intererant
390 1312 534 1368 matutinis
551 1315 697 1383 accelerat,
709 1323 794 1384 atque
809 1311 952 1368 inuentam
970 1330 1032 1368 esse
1048 1311 1229 1382 margaritam

79 1412 165 1466 quam
185 1395 339 1464 querebant
360 1394 520 1451 annunciat.
565 1395 608 1452 llli
632 1397 741 1467 gracias
762 1397 899 1452 altissimo
921 1396 1080 1462 referentes,
1103 1396 1232 1452 ordinata

79 1477 259 1550 processione
277 1495 341 1532 cum
361 1494 442 1534 cruce
461 1488 490 1534 et
510 1479 598 1536 cereis
621 1489 649 1536 et
674 1480 820 1551 multiplici
845 1479 1050 1536 thurificatione
1073 1480 1230 1537 accedunt:

80 1560 247 1632 deuotisque
268 1560 440 1616 orationibus
464 1560 626 1632 preoblatis,
645 1564 783 1618 tumulum
807 1564 918 1619 eleuant
943 1562 972 1617 in
997 1562 1122 1631 sublime,
1147 1573 1231 1635 atque
1257 1581 1263 1593 ·

80 1645 212 1700 humeros
231 1661 296 1699 suos
315 1645 441 1700 certatim
460 1647 537 1701 oneri
556 1655 614 1700 tam
633 1646 797 1714 honorabili,
811 1653 870 1701 tam
884 1645 957 1701 felici
977 1655 1146 1716 supponunt.
1182 1647 1230 1703 Sic
1245 1657 1275 1710 15

81 1745 171 1800 usque
183 1727 220 1782 ad
232 1727 320 1782 altare
332 1729 414 1784 beate
427 1729 542 1799 uirginis
556 1729 647 1785 Marie
659 1730 800 1786 defertur:
820 1729 914 1800 ibique
927 1729 955 1783 in
968 1730 1057 1784 multa
1069 1729 1231 1786 reuerencia

82 1813 242 1879 collocatur,
261 1812 351 1866 donec
375 1811 494 1867 adeatur
517 1812 685 1868 uenerabilis
709 1823 790 1885 pater
813 1821 881 1868 tune
905 1812 1039 1883 temporis
1064 1812 1231 1870 diocesanus

81 1895 231 1968 episcopus
243 1895 403 1951 Alexander
409 1893 428 1963 ¹,
441 1896 519 1951 cuius
537 1895 678 1966 presentia
696 1906 755 1951 tam
767 1895 886 1967 gloriose
899 1893 1081 1951 reuelationi⁸
1092 1907 1232 1965 oportuna

81 1990 108 2036 et
121 1977 282 2034 necessaria
294 1978 450 2035 uidebatur.
475 1979 602 2034 Preiatus
615 1980 709 2051 itaque
722 1981 819 2048 abbas,
833 1979 928 2036 ascitis
941 1978 994 2035 sibi
1007 1979 1231 2050 prudentioribus

81 2062 118 2118 de
139 2071 289 2129 conuentu,
313 2061 478 2133 episcopum
497 2063 689 2118 Alexandrum
709 2063 891 2119 festinancius
911 2063 979 2129 adit,
1000 2079 1170 2133 causamque
1188 2063 1231 2120 sui
1246 2080 1278 2118 ro

82 2147 223 2202 aduentus
235 2144 261 2200 ei
274 2144 423 2214 diiigenter
435 2147 558 2218 exponit.
594 2147 753 2218 Episcopus
766 2157 870 2210 autem,
883 2147 947 2201 licet
961 2145 1054 2216 ipsum
1074 2145 1232 2202 sollicitudo

81 2229 230 2300 pastoralis
243 2227 272 2283 in
290 2229 402 2284 diuersa
414 2230 589 2298 distraheret,
602 2231 640 2286 ob
657 2230 808 2286 uenerandi
821 2241 916 2286 tamen
928 2229 1052 2300 graciam
1064 2230 1232 2285 confessoris

83 2331 114 2369 se
132 2312 244 2368 facilem
262 2313 373 2383 prebuit
390 2315 429 2370 ad
446 2330 635 2370 consensum:
654 2315 792 2384 rebusque
809 2313 952 2384 dispositis
967 2329 1037 2383 quas
1053 2311 1234 2369 festinantior

82 2398 201 2468 urgebat
219 2395 364 2466 instancia,
386 2415 468 2453 suum
489 2414 587 2453 uersus
613 2397 803 2453 Croilandiam
826 2396 977 2452 maturauit
997 2413 1151 2453 accessum.
1188 2399 1234 2454 Ea

82 2491 167 2537 nocte
179 2479 270 2535 celum
282 2479 372 2550 caligo
386 2483 458 2537 adeo
474 2482 623 2537 tenebrosa
639 2481 802 2549 obduxerat,
814 2490 845 2537 ut
861 2481 962 2536 nullius
975 2491 1100 2536 creature
1112 2481 1233 2538 uiuentis
1248 2497 1277 2552 ²⁵

83 2565 182 2620 oculus
195 2563 288 2635 aliquo
301 2565 365 2620 lune
376 2574 425 2620 aut
442 2565 574 2636 syderum
587 2565 724 2620 beneficio
741 2565 888 2622 iuuaretur.
925 2566 1058 2635 Dumque
1070 2565 1145 2622 circa
1157 2567 1234 2622 beati

84 2647 217 2705 Guthlaci
247 2649 385 2702 tumulum
413 2649 546 2704 excubias
577 2649 757 2715 celebrarent,
788 2649 919 2704 monialis
949 2649 1069 2719 quedam
1102 2649 1234 2704 Gumilda

83 2729 206 2796 nomine,
225 2730 307 2786 etatis
322 2731 482 2787 maturitate
498 2741 526 2786 et
543 2731 700 2786 sanctitatis
714 2732 875 2787 ueneranda
893 2731 1000 2799 merito,
1015 2730 1124 2800 uigilias
1143 2733 1233 2787 noctis

83 2813 284 2885 anticipauerat
304 2814 342 2869 ad
361 2813 551 2870 confitendum
572 2815 704 2870 domino:
733 2830 788 2885 que
810 2815 879 2868 dum
899 2813 1017 2869 orationi
1038 2813 1166 2868 deuotius
1191 2814 1233 2868 in·

84 2899 210 2967 cubaret,
236 2898 384 2968 appar-uuit
405 2898 432 2953 ei
455 2899 555 2969 globus
578 2897 676 2966 igneus
699 2895 910 2967 incomparabili
928 2897 1035 2966 fulgore
1053 2897 1232 2966 choruscans,
1247 2913 1280 2964 ³0

84 2984 123 3039 ab
142 2981 249 3036 oriente
267 2979 393 3036 uibratus
411 2982 448 3036 ad
466 2982 603 3037 tumulum
621 2979 775 3035 beatissimi
794 2980 980 3035 confessoris:
1000 2980 1123 3050 dumque
1139 2997 1193 3036 nox
1205 2981 1233 3036 in

83 3065 209 3124 tenebris
222 3082 334 3120 cursum
346 3075 450 3135 ageret,
463 3065 595 3135 splendor
611 3063 656 3120 ille
674 3080 780 3118 nouum
798 3062 874 3119 diem
891 3063 993 3131 attulit,
1005 3063 1103 3135 suique
1121 3063 1233 3120 luminis

83 3147 223 3206 beneficio
242 3149 364 3220 dampna
382 3148 480 3204 solaris
499 3147 632 3204 absencie
651 3146 801 3219 reparauit.
848 3149 910 3205 Nec
930 3149 1020 3204 solum
1041 3147 1164 3216 moniali,
1183 3150 1235 3205 sed

84 3231 297 3305 quampluribus
309 3232 372 3287 aliis
390 3232 532 3303 utriusque
551 3248 633 3286 sexus
645 3232 740 3286 lumen
753 3230 820 3286 illud
832 3231 969 3302 apparuit.
998 3230 1137 3287 Dominus
1150 3232 1234 3299 enim,

84 3333 122 3372 ne
134 3317 170 3371 de
183 3332 300 3386 corpore
317 3315 389 3372 serui
408 3315 451 3370 sui
468 3315 614 3385 scrupulus
632 3313 715 3369 alicui
731 3314 924 3384 ambiguitatis
938 3315 1092 3385 obreperet,
1105 3315 1144 3370 rei
1161 3315 1234 3370 ueri·
1248 3327 1278 3380 35

84 3411 174 3457 tatem
186 3409 215 3454 et
227 3397 373 3453 hominum
385 3398 470 3453 tidem
487 3397 584 3454 celesti
599 3397 758 3454 testimonio
775 3397 924 3452 roborauit.
962 3400 1030 3453 Erat
1043 3397 1082 3453 ibi
1095 3399 1194 3455 mulier
1205 3399 1235 3455 in

85 3481 235 3554 superficie
254 3481 359 3552 pedum
378 3481 495 3552 paciens
516 3483 690 3553 aposthema,
713 3481 788 3551 quod
807 3481 960 3550 uulgariter
979 3481 1083 3536 dicitur
1101 3482 1235 3553 iniquum,

85 3578 187 3622 antrmt
198 3583 265 3621 uero
284 3565 329 3620 uel
341 3565 526 3620 carbunculus
539 3582 557 3620 a
573 3564 691 3619 medicis
704 3564 866 3635 appellatur.
904 3565 967 3618 Hec
978 3564 1047 3618 dum
1060 3564 1236 3622 intollerabili

85 3645 263 3720 torqueretur
274 3648 412 3718 angustia,
424 3647 453 3703 in
472 3648 673 3703 monasterium
684 3648 779 3704 delata
797 3658 857 3704 est:
877 3663 931 3717 que
950 3663 1013 3701 cum
1032 3647 1108 3718 apud
1126 3647 1236 3703 miseri·

85 3731 214 3789 cordiam
226 3730 272 3786 dei
284 3731 359 3786 beati
376 3730 508 3787 Gutblaci
525 3730 711 3802 patrocinium
729 3729 838 3786 obnixis
855 3729 984 3800 precibus
997 3729 1165 3800 imploraret,
1178 3747 1235 3787 nou
1248 3751 1281 3804 40

85 3825 130 3873 est
151 3815 280 3871 fraudata
301 3833 319 3869 a
339 3813 479 3870 desiderio
498 3831 556 3869 suo
604 3813 704 3868 Statim
725 3813 800 3869 enim
822 3823 935 3883 ruptum
953 3821 996 3868 est
1014 3814 1188 3883 aposthema,
1207 3824 1236 3870 et

85 3898 167 3955 sanie
187 3898 348 3968 profluente,
368 3915 420 3968 pes
439 3907 482 3953 est
503 3895 602 3952 adsui
623 3914 704 3952 usum
725 3895 808 3951 officii
828 3895 980 3951 restitutus.
1018 3897 1078 3950 lam
1097 3913 1161 3952 curn
1179 3899 1236 3968 pri·

86 3982 213 4038 moribus
225 3991 253 4036 et
266 3980 643 4052 pmdencioribusprouincie
651 3990 765 4036 uenerat
779 3979 808 4034 in
820 3996 923 4049 magno
933 3977 1066 4033 comitatu
1078 3979 1237 4036 Alexander

85 4065 254 4136 episcopus:
283 4064 442 4136 emissoque
469 4063 621 4136 pontificali
650 4063 751 4129 edicto,
776 4063 840 4118 illuc
869 4061 973 4134 pariter
1001 4061 1028 4118 ei
1058 4075 1236 4120 occurrerant

86 4149 231 4206 Walterus
252 4149 430 4218 ramesensis,
448 4158 477 4205 et
494 4145 654 4204 Robertus⁴
673 4145 859 4202 thomeiensis
880 4147 1006 4213 abbates,
1025 4144 1131 4218 priores
1150 4146 1236 4204 etiam
1248 4167 1281 4221 45

204 4275 285 4332 ²us
296 4279 322 4330 in
333 4279 397 4332 nen
416 4325 419 4330 .
514 4277 690 4342 misma,
702 4260 796 4343 numi
807 4278 958 4340 ornnem
970 4279 1122 4344 1124-1148.

377 4345 387 4376 ⁸
407 4365 430 4388 ι
443 4344 590 4396 eleuatioue.
723 4345 733 4375 ⁴
751 4345 817 4394 Boll.
828 4343 933 4398 Rodbis.

123 4451 190 4493 vor„
204 4449 236 4492 rr.
438 4483 442 4492 .
634 4449 684 4507 μ
