3036 4878
258 292 331 360 666
688 281 891 385 60066016
915 287 970 362 66.

258 486 401 542 associatis
424 485 450 542 ei
475 486 600 556 pluribus
624 485 686 542 aliis
709 485 837 553 nauibus,
856 495 885 541 et
909 485 947 540 ad
968 487 1109 556 quendam
1135 495 1246 557 portum
1272 501 1420 558 cuperent

258 587 356 625 omnes
377 569 537 640 applicare:
564 579 678 640 repente
697 579 758 624 orta
779 579 822 624 est
843 581 996 639 tempestas
1018 569 1046 624 in
1067 570 1144 638 mari,
1166 571 1285 625 turbans
1307 589 1419 627 omnes

258 653 533 721 nauigantes-sicut
545 652 629 722 vulgo
646 653 767 708 creditur
783 653 860 724 quod
874 653 920 723 qui
938 653 1011 708 illius
1027 654 1117 708 sancti
1130 653 1176 708 die
1194 671 1279 724 opera
1296 656 1419 709 marina

165 755 168 764 ·
258 747 387 791 exercent
404 737 487 791 linem
504 735 619 792 dubium
636 746 847 806 consequentur.
885 739 1011 808 Cumque
1024 737 1066 795 vis
1082 737 1257 806 tempestatis
1275 755 1325 792 eos
1344 756 1418 808 pre·

231 839 244 887 5
258 829 400 888 ocuparet,
410 819 471 874 aliis
483 819 602 874 nauibus
614 819 680 874 hinc
694 820 759 874 inde
772 819 960 890 pereuntibus,
970 819 1078 874 solliciti
1091 821 1127 874 de
1140 820 1196 874 vita
1208 837 1371 891 omnesque
1387 823 1416 875 in

258 901 456 972 desperacione
481 903 563 973 positi
587 913 704 958 mortem
730 903 830 959 adesse
852 903 1050 970 lonnidabant,
1074 903 1194 958 maxime
1218 919 1284 957 curn
1310 905 1414 958 omnia

257 997 434 1041 arrnanrenta
460 986 542 1041 nauis
567 986 695 1056 exposita
718 987 828 1041 fuerant
850 985 1015 1056 perdicioni.
1059 985 1196 1051 Tandem,
1218 1003 1283 1040 cum
1306 1004 1413 1042 omnes

258 1078 371 1124 sanctos
389 1070 539 1126 familiares
558 1087 608 1139 pro
624 1069 726 1125 auxilio
743 1069 911 1136 inuocarent,
925 1069 1085 1124 recordatus
1100 1070 1146 1123 ille
1160 1068 1319 1138 alienigena
1330 1071 1414 1139 ‘regis
1505 1131 1506 1152 χ

259 1163 286 1206 66
300 1153 420 1208 martiris
430 1153 589 1208 Edmundi:
607 1153 802 1222 ‘Frequenteq
813 1151 884 1224 [ait],
895 1152 990 1207 audiui
1000 1153 1141 1223 quendam
1153 1163 1281 1207 sanctum
1291 1155 1414 1208 nomine

216 1252 246 1288 60
260 1235 442 1292 Edmundum
459 1238 546 1291 multa
562 1235 700 1290 mirabilia
717 1237 792 1290 dono
809 1237 853 1290 dei
871 1237 899 1290 in
916 1237 1017 1306 pelago
1032 1235 1159 1306 operari;
1177 1235 1352 1305 explicemus
1372 1237 1413 1292 illi

260 1321 344 1374 corda
357 1331 453 1374 nostra
469 1330 497 1375 et
515 1336 660 1390 corporum
674 1319 805 1388 pericula,
819 1319 929 1374 votiuos
945 1319 998 1374 sibi
1016 1335 1066 1373 nos
1082 1319 1141 1373 sore
1157 1319 1332 1387 spondentes
1349 1321 1376 1375 si
1395 1340 1413 1375 a

259 1404 379 1472 presenti
393 1403 516 1473 periculo
529 1403 660 1473 dignatus
673 1403 753 1457 luerit
765 1419 817 1457 nos
830 1403 937 1473 eripere
947 1414 975 1458 et
986 1403 1064 1457 riuos
1076 1403 1113 1456 ad
1126 1412 1239 1472 portum
1251 1403 1414 1458 ductitare:

261 1487 387 1556 Cumque
411 1503 508 1541 omnes
532 1485 657 1540 unanimi
687 1503 804 1540 assensu
829 1487 1046 1553 conclamarent,
1071 1497 1098 1540 et
1126 1501 1287 1540 succursum
1312 1488 1349 1541 ab
1377 1505 1414 1541 eo

259 1569 460 1638 efflagitarent:
480 1569 589 1624 concito
602 1587 683 1624 cursu
700 1569 780 1624 nauis
797 1569 874 1623 omni
889 1581 1065 1624 armamento
1079 1568 1212 1624 destituta
1228 1570 1267 1622 ad
1280 1581 1414 1640 optatum

217 1676 225 1709 6
232 1678 245 1726 5
260 1661 371 1722 portum
383 1652 498 1709 feliciter
509 1653 665 1723 emigrauit.

429 1903 479 1957 Da
498 1914 598 1958 assus
618 1914 750 1958 ruxarrs
769 1913 809 1956 ar
827 1913 1028 1958 umacurosu
1046 1913 1239 1956 xssrrrurrs

269 2033 378 2156 IDem
399 2034 538 2087 lohannes
558 2032 746 2087 Brabantinus
764 2033 801 2086 ob
816 2048 941 2088 amorem
955 2031 1044 2086 sancti
1059 2032 1202 2086 Edmundi
1216 2033 1351 2102 Angliam
1372 2033 1413 2088 in-

338 2117 440 2182 colens,
465 2133 588 2170 asserere
611 2115 756 2170 consueuit
782 2115 857 2186 quod
888 2115 917 2170 in
946 2115 1115 2170 monasterio
1139 2115 1236 2170 eliensi
1270 2116 1298 2169 in
1325 2117 1414 2170 domo

262 2198 403 2268 hospitum
422 2217 485 2254 curn
504 2199 624 2270 quodam
645 2198 746 2254 nuncio
765 2199 839 2269 regis
857 2199 1037 2270 pernoctauit,
1056 2209 1183 2268 presente
1201 2199 1325 2268 quodam
1345 2216 1412 2268 gar·

263 2282 350 2349 61066,
377 2299 461 2352 quem
485 2283 603 2338 credidit
628 2282 712 2352 ipsius
737 2281 832 2336 nuncii
857 2281 1014 2336 ministrum
1037 2281 1128 2335 luisse.
1174 2282 1301 2352 Cumque
1326 2299 1412 2337 mane

220 2381 250 2416 20
262 2366 443 2420 surrexissent
456 2375 485 2420 ut
501 2365 553 2420 iter
565 2365 730 2436 arriperent,
743 2365 888 2436 perpendit
908 2363 983 2420 idem
998 2365 1146 2433 Iohannes,
1159 2381 1203 2419 res
1217 2382 1293 2434 suas,
1305 2365 1412 2421 scilicet

262 2447 415 2518 diploidem
435 2449 581 2519 capellum,
599 2448 723 2519 gladium
740 2459 768 2503 et
786 2449 935 2514 cultellum,
954 2464 1018 2502 cum
1037 2447 1162 2502 cirotecis
1181 2448 1288 2516 deesse,
1301 2461 1329 2502 et
1349 2466 1411 2518 pre·

262 2529 367 2584 dictum
391 2532 552 2598 garcionem
573 2532 725 2587 recessisse.
762 2531 932 2600 Aggreditur
951 2530 1082 2585 nuncium
1107 2531 1272 2600 predictum,
1294 2533 1411 2586 credens

262 2613 334 2667 illius
346 2613 430 2667 luisse
447 2614 599 2680 famulum
619 2614 693 2686 quod
711 2625 739 2670 et
754 2613 872 2669 nuncius
889 2614 935 2668 ille
951 2613 1071 2682 negauit
1107 2614 1190 2668 Vnde
1202 2631 1274 2669 vnus
1286 2614 1411 2686 dampno

263 2696 400 2764 confusus,
414 2707 441 2752 et
459 2697 531 2752 alter
548 2699 648 2752 rubore
667 2699 801 2768 perfusus,
819 2715 934 2770 querere
952 2707 1107 2752 statuerunt
1124 2707 1152 2752 vt
1172 2697 1277 2752 amissa
1295 2716 1411 2769 recupe·

220 2795 249 2843 ²5
264 2789 373 2847 rarent;
400 2781 628 2852 suspicantesque
647 2782 800 2852 predonem
818 2798 914 2836 versus
934 2779 1153 2850 Cantibriggiam
1173 2781 1328 2847 diuertisse,
1347 2799 1411 2852 pro-

263 2864 341 2934 sequi
354 2874 517 2934 statuerunt,
530 2865 647 2920 nuncius
661 2864 781 2934 nauigio,
796 2865 936 2919 lohannes
949 2863 1089 2933 predictus
1101 2863 1251 2934 campestri
1264 2865 1318 2920 via
1357 2865 1411 2935 Qui
1505 2935 1506 2946 χ

264 2948 377 3019 quidem
399 2948 538 3004 lohannes
560 2948 726 3016 itinerando,
747 2965 854 3002 memor
878 2947 1004 3003 beneficii
1029 2948 1104 3018 quod
1126 2964 1175 3018 per
1199 2959 1330 3008 sanctum
1353 2949 1412 3006 Ed-

264 3033 400 3087 mundum
421 3041 572 3102 receperat,
593 3031 632 3087 sic
650 3032 758 3088 orauit:
783 3035 902 3088 ‘Sancte
921 3031 1081 3097 Edmunde,
1099 3040 1158 3086 esto
1177 3031 1316 3103 mediator
1337 3033 1412 3104 apud

265 3115 349 3169 deum
368 3126 397 3170 vt
421 3135 465 3172 res
484 3134 561 3171 meas
581 3116 731 3187 recipiam3
756 3125 783 3170 et
804 3115 855 3170 tibi
879 3114 994 3169 offeram
1014 3113 1173 3168 vniuersas.’
1211 3114 1323 3185 Vixque
1349 3129 1413 3170 uoto

220 3217 252 3264 30
265 3199 422 3268 completo:
454 3200 596 3269 conspexit
621 3200 674 3255 sibi
697 3198 811 3254 obuium
834 3199 954 3252 formose
979 3207 1084 3252 stature
1109 3207 1136 3251 et
1159 3196 1242 3270 faciei
1267 3199 1412 3254 hominem

266 3279 393 3336 indutum
411 3283 595 3338 vestibus...
611 3281 758 3352 tinctisque
778 3281 916 3336 coloribus
933 3279 1096 3347 iacinctinis,
1114 3290 1275 3351 querentem
1299 3299 1412 3337 causam

265 3373 342 3418 tante
366 3365 563 3421 festinacione.
601 3365 656 3436 Qui
681 3365 756 3434 prius
781 3363 887 3418 distulit
911 3364 1043 3429 enodare,
1067 3374 1109 3418 set
1135 3361 1235 3418 iterum
1260 3375 1288 3419 et
1314 3366 1412 3420 iterum
1505 3421 1506 3430 ,

265 3447 391 3516 querenti
417 3449 506 3503 tocius
530 3448 596 3503 sacti
622 3447 749 3502 ordinem
772 3446 923 3502 enarrauit
959 3445 1012 3501 Cui
1037 3446 1099 3502 ille:
1125 3445 1287 3519 ‘Retorque
1311 3447 1414 3504 iteret

265 3530 329 3584 veni
342 3531 379 3584 ad
392 3531 487 3586 villam
500 3549 553 3603 que
566 3541 681 3586 vocatur
695 3529 837 3602 Litleport,
851 3539 878 3584 et
892 3529 919 3584 16
932 3539 1031 3601 quarta
1045 3530 1128 3584 domo
1145 3531 1182 3583 ab
1197 3546 1271 3600 aqua
1283 3531 1413 3598 distante,

222 3630 251 3680 35
265 3613 385 3684 reperies
399 3631 480 3685 quem
495 3615 594 3686 queris,
608 3616 758 3670 habentem
772 3631 856 3668 vnum
869 3613 970 3684 pedem
988 3612 1058 3667 infra
1074 3612 1159 3667 limen
1172 3613 1236 3667 ostii
1252 3625 1280 3668 et
1298 3617 1414 3670 alterum

266 3697 385 3752 exterius
403 3697 552 3766 situatum;
575 3715 660 3752 vnarn
678 3707 787 3767 partem
806 3697 935 3752 clamidis
953 3695 1088 3763 vendidit,
1106 3697 1279 3766 alteramque
1297 3715 1350 3768 pro
1368 3699 1414 3752 de·

265 3783 339 3836 lectu
357 3781 489 3852 emptoris
510 3781 563 3836 sibi
584 3781 711 3836 retinuit’
749 3781 876 3851 Cumque
900 3780 985 3834 finem
1004 3779 1116 3834 dicendi
1140 3779 1253 3848 laceret,
1273 3781 1416 3835 reuocauit

267 3866 389 3937 prelatus
410 3866 549 3919 lohannes
567 3864 707 3932 nuncium,
728 3863 840 3919 dicens:
868 3864 929 3917 ‘Ne
947 3863 1058 3917 labores
1077 3863 1105 3916 in
1125 3879 1253 3930 cassum;
1279 3879 1346 3918 ecce
1365 3864 1414 3919 iste

267 3952 352 4003 homo
365 3947 452 4002 tocius
470 3965 534 4002 cure
550 3957 644 4003 nostre
660 3946 759 4002 seriem
777 3945 861 4000 michi
879 3945 1027 4000 indicauit’
1065 3947 1102 4000 Et
1120 3946 1181 4000 ille:
1203 3945 1360 4014 ‘Quisnam
1374 3959 1414 4001 est

222 4052 254 4101 ⁴0
268 4032 361 4103 ipsel’
388 4031 487 4098 ‘Ecce,
508 4031 605 4101 inquit,
625 4029 699 4085 iuxta
719 4046 764 4084 me
785 4039 906 4084 stantem
926 4028 1032 4099 poteris
1054 4027 1170 4084 intueri)
1207 4028 1262 4098 Qui
1282 4047 1347 4084 cum
1366 4032 1414 4084 ob-

267 4115 357 4172 nixius
378 4113 538 4184 respiceret,
559 4112 701 4169 neminem
720 4111 799 4180 vidit,
821 4128 874 4167 nec
896 4111 956 4182 ipse
982 4113 1123 4166 lohannes
1148 4110 1194 4182 qui
1218 4112 1353 4168 nuncium
1374 4129 1414 4167 re·
1505 4125 1506 4138 ²

267 4197 396 4252 uocabat.
444 4197 641 4252 lntellexerunt
665 4213 731 4265 ergo
754 4213 789 4250 ex
813 4193 918 4249 visione
941 4194 1109 4249 desiderium
1132 4211 1231 4250 eorum
1257 4194 1342 4250 cicius
1364 4195 1413 4250 ad·

268 4278 458 4348 implendum:
478 4287 505 4333 et
520 4278 602 4334 simul
615 4287 772 4348 pergentes,
785 4277 880 4332 omnia
895 4277 966 4331 sicut
981 4277 1088 4332 dictum
1105 4286 1166 4332 erat
1181 4278 1257 4332 lacto
1274 4288 1302 4332 et
1319 4277 1414 4333 ordine

267 4360 439 4415 inuenerunt.
475 4361 559 4416 Vnde
580 4361 729 4430 lohannes,
751 4377 809 4415 6066
829 4361 977 4415 immemor
998 4361 1055 4415 voti
1080 4359 1132 4429 sui,
1154 4361 1250 4415 omnia
1272 4373 1412 4432 reportans
