3054 4904
440 289 515 384 De
540 286 704 378 &tutto
729 288 937 402 madum.
1195 320 1263 390 149

244 491 339 567 5an
357 522 473 563 seuero
494 494 678 565 ΜΑειιυτοι
696 524 839 566 urrscoro
858 525 896 566 ar
914 509 1132 566 comessores&

167 625 282 683 Anctus
307 626 387 684 enim
412 627 536 686 antistes
561 628 698 688 Macutus
722 629 753 686 in
778 629 931 686 Britannia
956 629 1081 687 Μειίοῑὶ8
1107 631 1263 703 generosis

203 714 377 786 parentibus
397 723 480 772 ortus
502 725 555 772 est.
594 717 691 774 Mater
712 735 784 775 vero
803 716 869 775 eius
888 717 1009 774 nomine
1030 717 1153 789 Deruel,
1176 735 1263 776 soror

108 798 271 872 Hamonis,
296 802 389 876 patris
414 803 508 860 sancti
533 804 720 877 Sampsonis,
740 805 857 874 extitit;
890 814 920 861 et
944 814 1030 878 pater
1053 805 1117 862 eius
1141 807 1263 864 nomine

106 886 215 959 Went,
229 889 341 962 optime
360 891 596 950 conuersationis
614 891 668 961 vir,
681 891 711 948 in
730 892 919 965 sexagesimo
938 902 1025 950 sexto
1045 893 1192 965 [vxoris]⁴
1208 912 1262 951 sue

105 991 193 1030 anno
213 976 310 1036 virum
335 977 383 1035 dei
409 978 602 1035 Machutum¹
623 979 734 1053 genuit,
758 978 810 1035 in⁶
833 980 910 1037 valle
934 980 1014 1053 que⁰
1038 980 1144 1038 dicitur
1169 981 1291 1045 Nam-5

106 1080 239 1121 carwan.
277 1064 389 1137 inqua
408 1066 507 1123 nobile
524 1067 738 1124 monasterium
757 1066 847 1124 situm
868 1077 941 1138 erat,
954 1069 985 1124 in
1004 1085 1063 1141 quo
1083 1068 1262 1126 Brendanus

106 1145 267 1204 consessor
284 1146 395 1204 Christi
412 1149 526 1206 abbas⁷
545 1148 701 1207 virtutibus
720 1150 837 1208 floruit:
869 1151 919 1207 vbi
941 1151 1030 1208 etiam
1051 1161 1148 1209 mater
1166 1153 1262 1209 sancti

108 1233 222 1292 Macuti
231 1245 318 1293 nocte
326 1235 425 1309 vigilie
435 1255 526 1310 pasce
533 1238 571 1295 ad
579 1237 761 1310 vigilandum
768 1237 904 1309 veniens,
913 1238 1005 1294 filium
1018 1239 1127 1312 [suum]
1137 1239 1261 1297 ⁸eadem

107 1332 201 1380 nocte
223 1324 347 1396 peperit.
386 1325 483 1394 Quem
509 1323 687 1382 Brendanus
712 1325 879 1399 baptizans,
899 1325 930 1382 in
955 1325 1047 1382 filium
1073 1327 1260 1400 spiritualem

105 1410 235 1483 accepit,
247 1421 277 1468 et
289 1429 444 1486 quousque
460 1411 540 1486 loqui
559 1421 589 1471 et
608 1413 774 1487 intelligere
790 1422 903 1487 posset,
916 1413 1065 1472 enutriuit.
1105 1415 1140 1471 ln
1154 1417 1260 1472 eadem
1277 1435 1307 1470 10

105 1507 211 1554 autem
234 1510 320 1557 nocte
340 1517 398 1573 qua
419 1511 506 1558 natus
531 1509 577 1558 est
601 1510 723 1558 sanctus
750 1501 914 1572 Macutus⁰,
939 1501 1060 1574 triginta
1084 1510 1147 1559 tres
1168 1520 1261 1560 sexus

106 1586 267 1644 masculini
288 1605 355 1644 cum
376 1606 412 1644 eo
434 1587 495 1644 nati
517 1596 586 1645 sunt
604 1606 643 1644 ex
662 1588 806 1645 matribus
828 1588 886 1645 illis
906 1589 1038 1661 grauidis
1063 1605 1122 1662 que
1146 1588 1177 1646 in
1201 1607 1262 1648 vno

106 1673 251 1730 comitatu
270 1675 438 1748 equitantes
458 1691 526 1732 cum
545 1684 641 1732 matre
660 1675 726 1733 eius
739 1677 950 1733 ambulabant:
971 1685 1086 1733 etcum
1106 1695 1143 1734 eo
1160 1678 1261 1735 nutriti

105 1769 188 1816 sunt.
238 1761 305 1818 Non
330 1763 411 1820 enim
436 1762 543 1835 puerili
568 1780 653 1820 more
678 1763 846 1820 leuitatibus
871 1763 1002 1834 indulsit,
1027 1766 1082 1820 sed
1108 1765 1203 1837 magis
1228 1765 1259 1822 in

104 1848 255 1920 grauitate
274 1849 421 1919 fundatus,
434 1851 515 1907 velut
527 1850 664 1906 esuriens
680 1850 764 1907 fauce
780 1851 869 1907 auida
884 1850 980 1908 cibum
998 1851 1098 1908 diuine
1115 1852 1259 1924 sapientie
1276 1877 1305 1927 ¹⁵

107 1935 275 1994 hauriebat.
312 1937 453 2010 Dumque
473 1937 568 2010 magis
586 1955 620 1994 ac
640 1937 736 2012 magis
751 1938 856 1995 litteris
876 1938 970 1994 sacris
988 1947 1069 1995 esset
1087 1939 1259 2011 instructus,

105 2024 249 2081 virtutem
274 2025 489 2083 validissimam
509 2025 627 2082 seruere
653 2025 683 2082 in
716 2044 750 2082 se
775 2027 947 2082 testabatur.
998 2025 1062 2098 [Vt]
1073 2025 1094 2058 ¹⁰
1121 2043 1188 2083 cum
1211 2027 1258 2084 alii

105 2110 245 2185 discipuli
259 2112 389 2185 rigorem
407 2112 525 2186 frigoris
539 2113 569 2169 in
586 2130 620 2170 se
634 2114 780 2170 habentes
792 2112 1031 2186 ingemiscerent,
1044 2113 1259 2172 validissimum

105 2199 566 2273 caloremsepatidiceret¹¹-et
575 2200 709 2256 dum¹²in
719 2200 818 2257 hieme
826 2199 1020 2274 condiscipuli
1029 2199 1093 2256 eius
1103 2218 1157 2274 pre
1167 2201 1259 2258 nimio

106 2288 219 2361 frigore
236 2285 377 2346 dentibus
394 2289 566 2358 stridebant,
579 2287 645 2362 ipse
662 2289 816 2362 palliuma
833 2306 866 2346 se
880 2289 1001 2361 expulit.
1039 2287 1079 2344 Vt
1096 2305 1175 2362 pene
1194 2307 1258 2345 om·
1274 2312 1305 2348 ao

106 2375 199 2432 nibus
209 2375 291 2433 horis
300 2373 342 2432 illi
355 2385 494 2450 putarent
506 2385 594 2448 caput
607 2375 672 2433 eius
683 2376 784 2446 lauari,
795 2377 866 2432 dum
879 2393 1001 2448 semper
1009 2375 1147 2432 viderent
1159 2385 1258 2449 guttas

104 2464 247 2538 paruulas
257 2465 295 2520 de
304 2463 402 2521 fronte
414 2474 443 2521 et
451 2463 473 2496 ¹³
481 2463 555 2521 facie
565 2464 629 2520 eius
637 2464 770 2522 effluere.
817 2452 860 2520 Et
868 2464 937 2537 quia
946 2463 1031 2520 vallis
1040 2463 1089 2520 illa
1099 2463 1216 2520 Caruan
1227 2465 1257 2522 in

103 2570 166 2626 qua
179 2551 308 2608 nutritus
321 2561 367 2608 est
376 2551 519 2619 Macutus,
527 2552 666 2625 proxima
675 2561 721 2610 cst
730 2551 813 2618 mari,
822 2551 943 2625 contigit
950 2570 1019 2609 eum
1028 2569 1096 2609 cum
1105 2552 1257 2625 discipulis

103 2639 169 2698 suis
182 2639 304 2696 ludendi
317 2656 406 2696 causa
419 2641 456 2695 ad
473 2639 555 2696 littus
573 2639 665 2696 maris
684 2639 776 2696 exire.
814 2639 890 2696 Aliis
907 2641 1028 2696 tandem
1045 2648 1115 2696 ante
1132 2639 1258 2696 inunda-

103 2728 221 2786 tionem
241 2727 332 2784 maris
352 2727 455 2784 relicto
474 2727 544 2784 ludo
562 2728 600 2783 ad
621 2727 764 2783 lectiones
785 2726 1014 2794 recurrentibus,
1036 2743 1165 2801 sompno
1187 2744 1256 2783 eum
1272 2749 1302 2800 ²⁵

104 2815 255 2875 retinente
267 2815 298 2872 in
311 2815 410 2871 medio
423 2815 529 2872 littoris
542 2832 633 2888 super
645 2814 758 2871 fascem
771 2815 837 2888 alge
850 2815 931 2871 solus
944 2813 1095 2871 remansit.
1128 2813 1166 2870 Et
1178 2832 1257 2884 ecce,

104 2914 251 2978 quantum
276 2919 359 2960 mare
383 2903 544 2972 crescebat,
569 2911 684 2959 tantum
708 2902 788 2958 littus
813 2919 905 2974 super
928 2903 1007 2974 quod
1032 2918 1109 2974 puer
1137 2911 1257 2959 sanctus

104 2993 262 3050 dormiens
281 2989 402 3058 iacebat,
421 2999 494 3046 nutu
512 2989 561 3046 dei
577 2990 702 3046 exaltari
721 2990 885 3047 videbatur.
921 2988 1051 3046 Sanctus
1065 2989 1163 3061 itaque
1182 3007 1257 3062 puer

103 3080 206 3138 sonitu
219 3079 329 3136 fluctus
342 3078 434 3134 maris
447 3095 464 3134 a
477 3095 605 3151 sompno
619 3093 774 3150 excussus,
787 3075 865 3134 circa
877 3095 910 3134 se
920 3076 1079 3150 aspiciens,
1094 3094 1257 3150 secumque

103 3168 221 3226 mirans
233 3176 263 3225 et
276 3168 368 3224 multa
380 3166 549 3236 reuoluens,
561 3165 655 3222 dixit:
676 3164 821 3220 ‘Domine
834 3166 908 3221 deus
921 3163 1119 3237 omnipotens,
1132 3164 1182 3237 qui
1194 3183 1255 3222 non
1270 3189 1303 3240 30

104 3255 291 3329 derelinquis
307 3263 464 3327 sperantes
476 3253 507 3309 in
520 3261 558 3323 te,
571 3251 621 3310 vbi
638 3251 755 3326 positus
763 3251 786 3284 ¹⁴
799 3268 865 3308 sum
878 3269 935 3324 ego
945 3255 972 3308 i'
1010 3252 1145 3324 Cumque
1160 3251 1253 3309 Bren-

104 3345 204 3400 danus
222 3360 314 3416 quare
334 3342 469 3400 Macutus
488 3358 548 3397 non
565 3340 692 3398 redisset
709 3357 727 3396 a
745 3339 846 3414 pueris
862 3339 992 3396 solicitus
1007 3349 1157 3412 quereret,
1170 3349 1200 3397 et
1214 3340 1256 3398 illi

104 3448 177 3488 eum
196 3431 394 3488 dormientem
413 3429 444 3486 in
464 3428 560 3486 littore
579 3427 729 3485 dimisisse
747 3426 985 3501 respondissent,
1003 3427 1050 3484 vir
1068 3426 1127 3498 dei,
1146 3444 1257 3500 magno

102 3569 232 3626 patronus
247 3561 390 3624 alumpnos,
408 3560 529 3622 Protege,
542 3573 676 3620 consensa,
689 3558 788 3619 resoue,
805 3558 899 3619 releua,
919 3573 989 3621 rege,
1006 3573 1074 3622 cura,
1092 3557 1257 3621 Consignena

104 3629 220 3691 Christo,
232 3628 278 3677 tibi
290 3628 412 3676 conciues
424 3626 551 3676 iaciendo.
584 3624 615 3674 V.
634 3625 689 3675 Ora
700 3639 748 3688 pro
760 3625 843 3674 nobis.

141 3691 220 3754 Deus
231 3703 274 3766 qui
285 3703 387 3751 beatum
400 3701 536 3750 Letardum
555 3734 887 3750 ..............
899 3699 998 3760 equasti
1011 3697 1184 3760 luminaribus,
1198 3698 1256 3760 ipso

104 3803 416 3822 .............
434 3772 524 3816 nostra
534 3779 673 3828 quesumus
684 3764 862 3814 misericordie
874 3771 917 3812 tue
929 3764 1052 3814 claritate.
1064 3801 1071 3813 .
1085 3801 1091 3814 .
1104 3800 1110 3813 .

138 3848 147 3879 ¹
164 3848 194 3897 T.
207 3847 322 3905 Macut03
339 3844 369 3895 E.
382 3845 510 3894 Machuto.
600 3842 688 3892 'Aba
700 3842 765 3892 from
783 3843 827 3891 the
844 3842 904 3891 Vita
921 3842 956 3903 by
967 3841 1017 3890 Bili
1031 3843 1063 3908 (c.
1075 3843 1135 3902 ⁸7⁰l
1154 3841 1180 3889 in
1198 3839 1254 3890 MS.

106 3914 172 3975 Reg.
187 3929 217 3976 13
230 3913 262 3962 Α
276 3911 309 3960 X.
321 3911 372 3961 and
385 3910 459 3960 Bodl.
473 3921 528 3972 535,
542 3910 593 3968 ed,
603 3910 669 3958 with
680 3925 713 3957 an
725 3901 887 3971 anonymbus
899 3907 942 3956 lise
954 3908 984 3955 ol
998 3909 1042 3956 the
1054 3923 1125 3956 same
1137 3906 1209 3966 time,
1220 3905 1256 3968 by

104 3978 197 4030 Plaine
215 3979 267 4028 and
286 3978 319 4026 de
337 3977 362 4025 la
382 3975 731 4036 Borderie,Rennes,1884.
766 3973 835 4022 Both
852 3974 916 4022 lives
933 3980 987 4021 rest
1007 3987 1041 4020 on
1060 3987 1093 4020 an
1112 3971 1185 4020 older
1201 3971 1253 4022 lile.

104 4045 182 4096 From
193 4045 325 4094 theanen.
338 4043 381 4090 lise
393 4043 415 4090 is
426 4041 532 4090 derived
543 4041 588 4090 the
599 4047 655 4089 text
666 4041 693 4089 in
706 4040 747 4088 Du
759 4038 828 4088 Bosc
840 4039 947 4088 Florian.
958 4037 1023 4088 Bibl.
1037 4039 1107 4098 1605,
1118 4037 1169 4085 sud
1182 4035 1255 4087 Vinc.

104 4111 173 4161 Bell.
185 4127 226 4172 21,
234 4125 274 4175 93.
283 4109 336 4157 and
347 4109 392 4156 the
404 4106 468 4156 lives
479 4107 506 4154 in
518 4106 641 4155 Mabillon
655 4107 692 4170 (ι
700 4105 757 4155 Sar.
771 4105 826 4170 Br.)
838 4106 889 4154 and
901 4103 1001 4153 Surius.
1030 4103 1068 4154 Cf.
1085 4103 1175 4151 Revue
1187 4102 1253 4152 Celt.

103 4175 187 4227 x1.1.
255 4174 333 4224 ’Vin
350 4172 534 4236 quadrangula.
600 4171 655 4221 ¹T.
669 4170 698 4220 E.
710 4170 793 4220 etatis
829 4170 858 4219 ln
871 4171 916 4220 the
931 4167 999 4230 Vita,
1013 4169 1057 4218 the
1069 4169 1171 4216 mother
1182 4168 1256 4217 ised.

102 4241 283 4293 ⁸T.Eedd:
303 4239 401 4288 Nutriri
417 4238 478 4287 lecit
494 4237 599 4288 eumin.
683 4233 804 4297 ‘Equi
888 4233 1017 4285 'licta
1095 4232 1254 4284 'ominlL

101 4308 160 4359 ⁹13.
168 4315 289 4358 maestus
357 4303 376 4335 ¹⁰
392 4303 421 4353 T.
431 4304 461 4354 E.
475 4303 515 4354 Et.
581 4303 601 4334 ¹¹
617 4301 646 4352 T.
656 4303 762 4366 diceret,
772 4301 800 4352 E.
810 4300 918 4351 dicebat.
984 4299 1128 4363 uncum,
1142 4299 1172 4350 Τ.
1185 4300 1255 4350 dum.

101 4373 120 4406 ¹⁸
137 4374 196 4426 Ea
269 4371 288 4404 ¹¹
306 4370 455 4435 E.posiust.
