3046 4902
95 325 240 378 ars-Bou·
254 325 321 391 aa]
448 307 524 400 Da
547 303 608 396 Θ.
633 303 909 394 damnatura.
1172 313 1245 404 569

94 509 207 566 offerre.
234 511 266 565 ln
278 509 360 566 huius
370 507 460 565 enim¹
473 510 704 566 consuetudinem
714 525 810 566 secum
820 509 938 566 sociauit
948 508 1105 565 Ethbinum
1115 508 1245 566 iuuenem

95 593 263 664 preclarum,
277 611 411 664 magnum
424 595 582 660 diaconum,
595 603 625 649 vt
638 596 769 649 sacerdos
786 594 888 664 dignus
906 594 1027 649 diacono
1043 603 1248 648 sustentaretur

94 677 179 732 iusto.
215 677 328 733 Accidit
347 677 470 749 quadam
491 677 538 732 die
560 678 627 733 dum
646 677 876 732 consuetudinem
895 678 1034 748 explerent
1041 675 1062 745 ¹,
1080 687 1108 732 et
1129 675 1181 731 iter
1198 693 1248 746 per

95 775 214 825 campos
239 761 268 816 in
291 770 417 832 tempore
441 761 542 817 messis
565 762 708 817 iacerent:
741 762 907 817 inuenerunt
937 760 1078 832 quendam
1107 761 1247 830 leprosum

95 843 237 898 iacentem
251 843 279 898 in
292 861 384 899 messe
395 845 518 914 grauiter
530 843 720 915 plangentem,
733 853 823 898 toturn
837 861 938 914 corpus
950 842 1111 898 vulneribus
1124 844 1246 913 plenum,
1259 860 1274 912 5

94 927 302 982 exclamantem
315 927 398 983 flebili
412 945 480 983 voce
491 926 542 998 [et]
556 927 689 982 auxilium
701 927 738 981 ab
750 927 791 982 eis
804 927 1001 997 postulantem.
1038 928 1120 981 Tunc
1132 935 1247 982 sanctus

95 1009 289 1064 Winwaloeus
308 1010 435 1067 Ethbino
452 1012 571 1067 diacono
590 1009 678 1066 dixit:
699 1009 815 1065 ‘Frater
828 1009 985 1079 karissime,
1002 1011 1137 1081 quidnam
1156 1008 1247 1065 daturi

97 1110 196 1149 sumus
213 1093 279 1148 huic
297 1095 413 1165 pauperi
430 1094 563 1150 auxilium
581 1111 600 1149 a
617 1093 700 1148 nobis
719 1093 889 1164 postulanti?
907 1111 1005 1149 aurum
1024 1111 1080 1148 non
1101 1093 1248 1161 habemus,

97 1187 246 1245 argentum
262 1193 320 1231 non
336 1179 523 1244 recondimus,
536 1177 603 1233 nudi
620 1177 747 1247 pecuniis
761 1177 844 1232 huius
861 1177 946 1232 seculi
966 1177 1033 1246 quid
1050 1176 1138 1231 acturi
1151 1191 1249 1230 sumus

97 1259 165 1314 huic
177 1260 305 1328 egentii'
341 1263 463 1317 Sanctus
480 1260 584 1316 etenim
603 1259 755 1326 Ethbinus,
769 1259 884 1330 spiritus
902 1258 992 1314 sancti
1010 1258 1105 1328 gracia
1117 1259 1247 1329 repletus,
1262 1276 1293 1313 ιο

97 1342 155 1398 ait:
174 1342 335 1412 ‘Legimus
348 1353 435 1414 pater,
450 1344 478 1399 in
491 1344 601 1399 actibus
613 1343 804 1413 apostolorum
822 1343 898 1413 quod
916 1343 1000 1398 beato
1019 1343 1103 1398 Petro
1118 1341 1248 1412 apostolo

97 1442 165 1480 curn
177 1437 276 1480 sancto
291 1426 416 1483 Iohanne
427 1427 585 1482 introeunte
598 1427 627 1481 in
647 1426 790 1497 templum,
803 1426 918 1481 claudus
934 1425 1049 1496 quidam
1065 1425 1249 1480 elemosinam

97 1506 186 1578 peciit
198 1518 225 1563 et
239 1510 402 1580 sospitatem
421 1527 533 1580 gressus
546 1509 652 1565 itineris
670 1509 760 1565 abeis
775 1510 894 1580 accepit.
930 1511 975 1564 Tu
992 1518 1086 1564 autem
1099 1507 1247 1579 appropin-

98 1609 157 1662 qua
181 1593 298 1663 pauperi
323 1603 350 1648 et
376 1593 528 1664 superioris
552 1593 646 1662 gracie
670 1609 771 1647 munus
796 1591 930 1662 inpartire
955 1591 1009 1646 ini:
1045 1593 1126 1645 Tunc
1148 1591 1248 1644 beatus

97 1674 289 1730 winwaloeus
308 1685 386 1731 stans
405 1693 486 1730 secus
503 1691 655 1747 pauperem
673 1674 763 1729 dixit:
785 1675 866 1743 ‘Qua
885 1683 949 1728 sunt
967 1673 996 1727 in
1015 1682 1043 1728 te
1061 1673 1247 1734 infirmitates,
1262 1686 1293 1737 ¹⁵

97 1759 192 1824 frater,
203 1755 276 1828 [pro]
286 1759 387 1830 quibus
395 1769 453 1814 tam
461 1758 559 1829 grauia
568 1757 687 1829 suspiria
694 1767 808 1828 tamque
816 1756 920 1812 debilia
930 1757 1016 1812 verba
1026 1756 1130 1811 emittis
1142 1758 1152 1809 i
1162 1755 1169 1779 ⁹
1196 1755 1248 1810 llle

99 1841 137 1897 ab
152 1840 251 1896 intimo
263 1851 377 1911 pectore
390 1845 504 1898 trahens
517 1841 643 1912 suspiria,
656 1857 720 1896 cum
733 1857 837 1909 magna
848 1838 1008 1894 humilitate
1021 1837 1084 1908 [ait]
1096 1856 1104 1894 :
1124 1837 1248 1908 ‘Magne

98 1925 231 1994 angustie
242 1941 398 1996 grauesque
410 1927 522 1981 dolores
540 1924 708 1996 quaciuntur
719 1923 748 1978 in
761 1939 878 1993 corpore
889 1939 954 1978 meo
959 1919 978 1976 ⁸.
1014 1924 1123 1976 Tamen
1136 1921 1250 1990 insuper

98 2023 172 2063 vnus
184 2008 264 2063 dolor
283 2008 356 2064 inest
374 2009 422 2081 qui
438 2018 546 2064 tantum
563 2017 605 2063 est
622 2005 776 2062 infirmitati
792 2023 854 2061 mee
873 2005 971 2061 noxius
988 2013 1018 2059 ut
1037 2004 1061 2059 si
1079 2005 1155 2058 hunc
1174 2003 1249 2059 diem

98 2090 162 2146 sine
174 2091 257 2147 huius
269 2090 372 2147 doloris
382 2090 501 2147 auxilio⁴
513 2091 660 2158 transiero,
669 2099 789 2145 mortem
798 2087 896 2159 pocius
905 2105 989 2158 quam
998 2087 1085 2142 vitam
1094 2086 1248 2156 proximam
1263 2100 1295 2139 ao

101 2191 166 2230 esse
186 2175 272 2246 puto.'
308 2176 354 2230 nd
374 2176 448 2230 hunc
466 2176 567 2230 beatus
579 2173 770 2229 Winwaloeus
788 2171 846 2227 ait:
865 2171 950 2238 ‘Dic,
962 2171 1055 2239 irater,
1073 2187 1128 2241 quo
1146 2169 1250 2225 auxilio

101 2257 200 2312 leuiari
217 2257 342 2328 poteris?
364 2258 447 2314 testis
462 2268 505 2314 est
523 2256 609 2312 michi
628 2257 697 2312 deus
716 2256 792 2327 quod
809 2265 905 2310 nostre
921 2255 1013 2310 carnis
1032 2263 1141 2325 partem
1158 2253 1187 2307 in
1208 2253 1248 2308 tui

100 2340 205 2395 auxilio
224 2357 274 2411 pro
293 2351 342 2396 tuo
361 2341 508 2410 leuamine,
528 2341 551 2397 si
573 2339 727 2396 necessitas
747 2338 977 2410 comprobauerit,
998 2337 1113 2408 posituri
1133 2336 1248 2393 sumus!

100 2425 221 2492 ‘Nares
239 2425 338 2494 inquit,
358 2441 421 2480 mee
440 2425 535 2480 dolore
551 2425 697 2479 vulnerum
715 2423 797 2494 plene
815 2422 946 2478 stercoris
962 2417 1195 2476 concremantur⁵
1211 2419 1249 2475 ab

100 2507 211 2574 ardore,
224 2517 253 2563 vt
266 2508 351 2577 vides,
364 2517 442 2563 tante
460 2506 670 2577 infirmita[tis].'
708 2509 772 2561 Hoc
794 2505 926 2562 audiebat
945 2504 1094 2572 Ethbinus,
1107 2514 1135 2560 et
1147 2503 1249 2558 librum
1263 2514 1294 2565 ²5

99 2607 186 2661 quern
198 2592 328 2659 gestabat
341 2608 426 2646 manu
439 2590 467 2645 in
481 2599 584 2646 terram
594 2589 732 2660 deposuit,
743 2598 771 2644 et
785 2605 936 2659 pauperem
948 2605 999 2660 per
1007 2589 1096 2643 latera
1104 2586 1249 2657 arripiens,

100 2674 168 2743 quia
180 2690 285 2744 pronus
298 2674 326 2729 in
339 2684 413 2729 terra
425 2675 542 2742 iacebat,
555 2674 649 2729 erexit.
686 2673 825 2728 Sacerdos
836 2671 919 2742 igitur
925 2672 1113 2727 Winwaloeus
1123 2671 1250 2726 adnares

99 2756 162 2811 eius
174 2773 288 2811 manum
296 2757 450 2828 porrigens,
463 2773 568 2828 pauper
580 2756 665 2812 flebili
675 2773 745 2811 voce
758 2756 880 2810 clamare
888 2765 917 2810 vt
927 2763 1036 2826 poterat
1049 2755 1135 2824 cepit:
1155 2755 1200 2808 ‘N
1204 2751 1250 2819 oli,

99 2839 202 2906 senior,
215 2841 272 2894 noli
286 2841 416 2895 manibus
429 2850 545 2910 tangere
558 2856 649 2907 nares,
663 2839 729 2910 quia
743 2837 823 2893 dolor
833 2855 891 2893 non
907 2837 1050 2908 permittit.
1088 2839 1136 2893 Set
1155 2835 1179 2890 si
1197 2851 1250 2906 pro

98 2921 264 2978 remissione
282 2933 461 2994 peccatorum
480 2932 592 2978 tuorum
609 2923 734 2978 dolorem
754 2938 849 2976 meum
869 2921 973 2976 leuiare
992 2921 1120 2988 volueris,
1134 2934 1249 2974 necesse
1263 2941 1295 2991 50

99 3015 146 3061 est
163 3005 249 3060 michi
262 3017 293 3061 vt
311 3005 339 3061 in
360 3022 408 3061 ore
423 3017 472 3062 tuo
489 3023 572 3060 nares
587 3021 665 3061 meas
678 3003 796 3073 miseris,
809 3014 837 3059 et
855 3004 895 3059 ita
913 3003 1045 3059 traxeris!
1082 3001 1249 3057 Humiliauit

99 3105 134 3144 se
148 3089 249 3144 beatus
266 3089 453 3144 Winwaloeus
471 3089 518 3160 qui
537 3090 673 3144 exaltatus
689 3097 750 3143 erat
767 3087 874 3143 meritis
894 3087 923 3141 in
942 3088 1012 3153 celo,
1024 3095 1052 3141 et
1070 3085 1184 3156 quando
1197 3101 1249 3154 pu·

99 3173 171 3230 tauit
184 3172 281 3227 leuiari
293 3171 407 3243 pauperi
420 3173 449 3226 in
466 3188 514 3226 ore
530 3189 581 3226 suo
598 3171 707 3241 accepit
722 3188 834 3226 carnem
854 3168 903 3225 filii
920 3169 975 3225 dei.
1012 3171 1038 3225 O
1057 3186 1102 3224 res
1120 3167 1250 3223 miranda

99 3264 131 3311 et
148 3255 315 3311 admiranda
333 3256 528 3327 stupendaque
545 3254 676 3309 omnibus
694 3253 894 3310 audientibus:
922 3270 988 3308 mox
1006 3261 1035 3308 vt
1055 3252 1092 3307 ad
1113 3268 1143 3306 se
1166 3250 1249 3306 traxit

99 3341 203 3394 beatus
214 3339 411 3406 winwaloeus,
421 3351 500 3408 petra
509 3338 644 3394 mirabilis
653 3339 680 3393 in
691 3339 751 3393 eius
761 3355 808 3392 ore
818 3337 927 3393 cecidit.
952 3337 990 3391 Et
1000 3338 1098 3392 beatus
1108 3335 1250 3390 Ethbinus
1262 3355 1294 3410 35

99 3439 152 3493 per
169 3421 258 3476 latera
276 3422 421 3476 dominum
437 3431 544 3488 tenens,
558 3439 667 3477 sursum
684 3421 791 3491 aspexit
807 3421 898 3475 celum
915 3429 1051 3490 apertum,
1065 3429 1093 3474 et
1110 3419 1139 3474 in
1157 3418 1250 3489 capite

100 3505 208 3561 domini
220 3523 303 3576 quem
316 3507 429 3560 tenebat
442 3516 541 3560 sancta
553 3523 619 3560 crux
631 3504 769 3575 apparuit,
782 3504 953 3574 angelosque
971 3503 999 3558 in
1016 3503 1129 3558 obuiam
1142 3502 1249 3557 domini

99 3588 197 3644 venire
215 3587 293 3643 vidit.
330 3589 474 3644 Sacerdoti
491 3588 551 3643 ait:
571 3587 674 3643 ‘Pater
690 3597 797 3653 sancte,
809 3587 901 3657 ipsum
917 3604 1001 3658 quern
1020 3596 1103 3642 teneo
1119 3587 1250 3641 manibus

99 3681 132 3728 et
149 3681 180 3726 tu
199 3689 256 3738 ore,
272 3671 416 3726 dominum
436 3673 551 3727 lhesum
568 3671 720 3739 Christum,
733 3671 781 3742 qui
800 3670 950 3741 pronubis
969 3670 1047 3726 dedit
1066 3670 1249 3739 semetipsum

100 3755 236 3824 crucifigi,
249 3771 313 3810 esse
325 3756 426 3811 crede!
464 3755 616 3826 Cupientes
628 3765 722 3809 autern
735 3754 812 3810 illum
824 3764 919 3810 tenere
932 3754 1071 3821 manibus,
1084 3753 1205 3808 eleuauit
1217 3768 1248 3808 se
1261 3773 1296 3826 40

99 3838 233 3895 dominus
243 3839 342 3894 lhesus
351 3839 478 3894 Christus
487 3839 516 3892 in
526 3837 774 3906 nubibus,dicens:
788 3839 872 3892 ‘Non
882 3836 1031 3892 erubuistis
1040 3853 1093 3904 me,
1102 3835 1174 3890 serui
1184 3835 1248 3904 mei,

100 3923 131 3978 in
144 3921 280 3992 angustiis
292 3922 372 3990 meis,
385 3939 437 3977 nec
449 3939 503 3992 ego
515 3923 677 3976 erubescam
690 3938 741 3976 vos
753 3920 782 3976 in
795 3937 881 3990 regno
894 3919 981 3990 patris
994 3919 1058 3976 mei.
1096 3919 1248 3973 Hereditas

101 4015 196 4061 vestra
207 4021 318 4060 mecum
331 4017 373 4062 est
384 4025 391 4071 ;
412 4016 439 4062 et
452 4006 506 4060 hiis
519 4005 566 4076 qui
579 4003 663 4060 vestri
676 4003 734 4060 suis
750 4005 778 4058 in
797 4003 974 4058 oracionibus
986 4019 1125 4058 memores
1137 4000 1248 4070 luerint,

100 4089 178 4146 salus
192 4087 220 4142 in
233 4105 322 4158 regno
334 4089 415 4145 meo!
452 4089 516 4144 Hiis
529 4087 621 4155 dictis,
634 4087 747 4143 euanuit
760 4104 794 4142 ex
807 4087 894 4142 oculis
910 4103 1007 4142 eorum
1025 4095 1053 4141 et
1065 4094 1192 4155 receptus
1205 4094 1248 4140 est

100 4175 130 4229 in
149 4173 240 4228 celum
259 4189 322 4228 cum
341 4189 445 4242 magna
463 4173 561 4228 laude:
580 4173 727 4226 laudantes
745 4170 859 4240 quidem
874 4169 1036 4238 audiebant,
1048 4177 1092 4224 set
1107 4167 1247 4224 neminem
1261 4188 1298 4240 45

133 4301 302 4354 ¹VE.lruins
312 4301 468 4354 visitationis.
554 4299 942 4366 ¹VE.expletnconsuetudine.
1040 4295 1120 4348 ⁸VE.
1133 4298 1249 4362 quatiunt

191 4383 275 4418 meum
287 4382 384 4433 corpus
489 4365 570 4416 *Vll
582 4366 716 4418 curatione.
814 4365 1153 4428 lilli.stereuneongerunt.
