3028 4894
387 295 462 388 Di
487 291 650 383 &flattu
676 293 918 383 malitium.
1154 314 1228 388 413

59 493 134 552 Sed
149 510 222 552 cum
236 493 429 568 omnipotens
442 495 517 554 deus
530 511 601 552 suos
614 495 696 552 omni
709 494 739 552 in
753 495 887 568 periculo
899 493 1048 566 defendat,
1061 494 1230 568 predictum

60 591 216 640 sanctum
229 577 422 640 Walstanum
436 583 614 640 miraculose
625 581 764 653 visitauit,
776 591 808 640 vt
821 600 913 656 super
925 582 1115 640 acutissimos
1129 581 1230 656 spina-

59 687 139 727 rum
161 669 301 728 stimulos
323 688 357 727 ac
377 671 553 728 tribiflorum
573 671 663 728 nudis
682 687 806 728 suorum
824 672 938 743 pedum
957 671 1068 744 plantis
1087 679 1231 744 tanquam

61 775 171 831 super
191 775 298 816 roseos
323 757 414 816 llores
439 759 520 815 omni
543 758 713 816 suauissimi
736 757 837 816 odoris
862 757 1024 832 fragrantia
1049 759 1231 826 redolentes

62 847 140 902 sine
161 845 263 918 aliqua
287 845 456 919 punctionis
475 846 588 904 lesione
613 847 754 903 audacter
778 854 869 903 staret
890 855 921 902 et
942 845 1102 914 insideret;
1128 864 1182 904 cos
1200 847 1260 910 ins

63 934 213 1006 predicta
221 942 336 990 carecta
344 934 463 991 decenti
473 935 570 1005 modo,
580 933 702 991 domino
712 934 881 1004 adiuuante,
892 935 935 1006 (vt
946 933 1054 990 mulier
1063 933 1112 990 illa
1122 935 1231 1007 obpro·

63 1019 179 1077 briosa
200 1020 344 1094 precepit)
364 1020 551 1078 coadunauit.
588 1021 676 1091 Quod
698 1021 820 1094 quidem
842 1020 1018 1078 miraculum
1038 1039 1106 1078 cum
1125 1021 1233 1078 mulier

65 1107 214 1180 predicta
231 1108 366 1180 vidisset,
379 1117 495 1166 reatum
512 1125 566 1165 sue
583 1108 747 1181 iniquitatis
763 1125 959 1182 cognoscens,
971 1109 1010 1165 ad
1025 1110 1120 1182 pedes
1136 1109 1232 1166 sancti

68 1194 230 1252 Walstani
242 1197 350 1252 deuote
363 1195 521 1270 prouoluta
538 1195 612 1253 susis
628 1195 782 1252 lachrimis
794 1194 913 1252 veniam
932 1196 1102 1268 postulauit.
1133 1195 1232 1266 Quam

67 1283 121 1339 vir
145 1283 196 1340 dei
217 1283 347 1357 benigne
366 1285 463 1340 erexit
481 1293 511 1341 ct
532 1301 655 1340 omnem
681 1282 818 1341 iniuriam
838 1282 895 1340 sibi
915 1283 1025 1340 illatam
1044 1283 1231 1342 condonauit.
1249 1297 1279 1332 ¹0

67 1369 196 1428 Videns
220 1371 310 1444 igitur
333 1371 478 1446 magister
497 1371 592 1428 sancti
610 1369 761 1428 Walstani
780 1371 867 1444 signa
887 1380 917 1427 et
939 1371 1158 1445 miraculaque
1178 1389 1233 1445 per

69 1459 181 1531 ipsum
212 1458 332 1530 fiebant,
357 1460 415 1516 deo
446 1459 648 1533 permittente,
673 1459 816 1515 ardenter
845 1475 916 1515 eum
940 1457 1053 1529 dilexit,
1078 1469 1108 1515 et
1132 1459 1232 1533 ipsum

71 1547 225 1603 heredem
238 1563 336 1616 suum,
349 1564 418 1604 cum
437 1546 603 1604 naturalem
615 1545 664 1602 vel
676 1544 854 1619 legittimum
869 1544 1026 1619 proprium
1042 1547 1099 1603 sibi
1114 1564 1233 1604 succes·

71 1650 186 1700 surum
199 1650 261 1690 non
281 1634 413 1703 haberet,
427 1634 546 1708 publice
561 1633 707 1691 facturum
727 1634 956 1706 protestabatur.
995 1633 1093 1703 Quam
1111 1635 1233 1708 quidem

72 1719 314 1794 promissionem
328 1731 451 1779 sanctus
463 1721 642 1779 Walstanus
654 1729 716 1778 toto
729 1721 887 1778 conamine
906 1722 1043 1794 negauit:
1062 1723 1142 1779 vnde
1159 1722 1232 1779 nihil
1249 1737 1279 1790 1⁵

72 1809 162 1866 aliud
176 1825 231 1883 pro
244 1809 347 1866 labore
360 1827 415 1866 suo
428 1809 512 1884 petiit
525 1809 583 1866 nisi
596 1808 729 1866 futurum
745 1808 838 1865 fctum
851 1809 1005 1866 cuiusdam
1018 1827 1116 1880 vacce,
1129 1819 1159 1866 et
1178 1810 1234 1868 hoc

73 1914 137 1970 pro
151 1897 291 1954 mercede
304 1915 359 1954 sua
371 1898 427 1954 sibi
440 1897 580 1955 sufficere
593 1897 731 1954 asseruit.
768 1897 823 1954 Cui
841 1895 978 1969 petitioni
997 1899 1141 1970 magister
1159 1915 1233 1956 suus

74 1983 160 2041 illico
173 2001 356 2046 consensum
374 1984 502 2058 prebuit.
541 1984 674 2042 Instante
686 2001 759 2042 vcro
777 1992 913 2056 tempore
931 1993 1088 2057 oportuno,
1101 1986 1235 2058 predicta

75 2072 256 2130 vaccaduos
263 2071 372 2130 vitulos
379 2072 528 2129 masculos
538 2071 640 2130 fetauit
652 2092 659 2144 ;
677 2088 753 2146 quos
763 2070 1068 2129 sanctusWalstanus
1077 2073 1236 2146 diligenter

76 2177 139 2234 pro
157 2176 248 2232 posse
268 2177 323 2216 suo
342 2159 500 2217 custodiuit
515 2167 545 2218 et
561 2159 661 2233 pauit:
688 2176 749 2216 non
768 2167 894 2232 propter
909 2158 1073 2216 humanam
1090 2159 1233 2234 cupidita·
1249 2182 1280 2218 ao

76 2259 155 2316 tem,
167 2248 223 2304 sed
235 2255 267 2304 vt
276 2247 414 2304 voluntas
423 2247 472 2304 dei
484 2245 564 2320 [per]
575 2265 629 2304 eos
639 2246 861 2320 adimpleretur,
872 2255 960 2319 prout
970 2263 1025 2319 per
1034 2247 1175 2321 angelum
1186 2248 1235 2304 dei

78 2333 382 2392 sibidiuinitusadeo
391 2334 1049 2407 eratprenunciatum,videlicetquodpereos
1057 2335 1235 2392 miraculose

79 2423 245 2480 duceretur
266 2423 304 2478 ad
325 2423 423 2480 locum
444 2421 494 2479 vbi
516 2440 596 2479 nunc
614 2439 725 2496 corpus
748 2440 836 2478 suum
858 2423 935 2479 iacet
958 2422 1121 2480 humatum.
1159 2422 1235 2480 Cum

80 2527 158 2568 vero
169 2519 293 2567 sanctus
304 2509 479 2568 Walstanus
492 2511 622 2583 quadam
635 2511 692 2580 die,
705 2509 844 2568 videlicet
857 2509 932 2566 seria
949 2519 1042 2581 sexta,
1055 2509 1086 2566 in
1104 2511 1236 2583 quodam

82 2606 171 2674 prato
183 2615 251 2654 cum
265 2597 347 2654 socio
359 2615 415 2654 suo
428 2597 559 2668 falcaret,
573 2597 698 2672 angelus
717 2597 767 2654 dei
785 2599 923 2670 apparuit
942 2599 979 2668 ei,
993 2597 1114 2656 dicens:
1136 2597 1236 2655 ‘Wal-
1251 2623 1281 2672 ²5

83 2694 172 2744 stane
195 2683 296 2754 irater,
315 2685 404 2743 hodie
422 2685 452 2742 in
475 2686 597 2743 tertium
617 2686 697 2742 diem
718 2685 892 2758 paradisum
909 2685 1065 2755 introibis,'
1084 2695 1114 2742 et
1136 2687 1235 2744 statim

83 2774 125 2832 ab
140 2772 233 2830 oculis
250 2773 313 2829 suis
331 2773 460 2830 euanuit.
498 2771 545 2830 De
563 2790 623 2846 qua
639 2773 895 2846 predestinatione
914 2773 1057 2830 diuinitus
1074 2774 1131 2830 sibi
1150 2772 1235 2844 iacta,

84 2861 197 2934 gratias
217 2861 274 2917 deo
294 2861 440 2920 reddidit:
478 2869 508 2918 et
535 2862 603 2918 sine
631 2860 771 2918 vlteriore
797 2861 938 2918 dilatione
958 2859 1178 2918 consessionem
1207 2870 1237 2918 et

86 2958 276 3006 sacramenta
288 2948 416 3021 preciosi
429 2949 563 3022 corporis
576 2957 606 3004 et
619 2947 774 3022 sanguinis
786 2949 900 3005 domini
916 2949 1009 3005 nostri
1021 2947 1112 3005 lhesu
1125 2947 1237 3006 Christi

86 3045 118 3093 et
131 3044 266 3093 extreme
278 3035 426 3092 unctionis
444 3053 512 3093 cum
532 3053 642 3109 magna
657 3036 757 3092 cordis
773 3035 951 3092 contritione
970 3052 988 3092 a
1006 3053 1061 3092 suo
1081 3036 1236 3094 sacerdote
1250 3057 1283 3108 30

88 3123 250 3181 honorifice
270 3123 356 3197 petiit
368 3131 398 3180 et
411 3123 607 3181 deuotissime
625 3124 766 3197 suscepit.
804 3122 945 3180 Proximo
963 3122 1012 3180 die
1030 3124 1155 3193 sabbati,
1169 3141 1238 3182 cum

88 3212 163 3268 hora
179 3228 259 3267 nona
277 3209 336 3268 diei
355 3211 434 3268 illius
453 3211 585 3280 instaret,
600 3219 722 3268 sanctus
741 3210 918 3268 Walstanus
936 3210 1042 3268 falcem
1061 3228 1147 3268 suam
1166 3229 1184 3269 a
1202 3229 1238 3270 se

89 3297 211 3375 proiecit
219 3307 250 3355 et
259 3297 377 3371 operari
390 3299 427 3354 ab
440 3298 491 3356 illa
503 3299 577 3355 hora
589 3315 685 3372 vsque
698 3315 788 3356 mane
797 3299 930 3356 secunde
940 3298 1014 3355 serie
1024 3299 1237 3372 subsequentis

90 3385 258 3446 nullatenus
277 3385 367 3443 licere
386 3385 531 3442 asseruit:
559 3385 628 3459 quia
653 3403 761 3443 sonum
783 3403 997 3459 campanarum
1023 3385 1182 3444 celicarum
1208 3397 1239 3445 et

91 3472 221 3533 sonitum
244 3473 425 3531 ineffabilem
456 3473 649 3530 buccinarum
680 3474 753 3530 hac¹
786 3471 911 3530 instanti
936 3473 1010 3530 hora
1034 3474 1072 3531 de
1098 3475 1238 3547 supernis
1252 3495 1283 3548 ³⁵

92 3559 211 3618 sedibus
226 3559 339 3617 audiuit
354 3569 562 3630 emanantem;
584 3570 615 3617 et
634 3559 796 3618 consocio²
814 3577 869 3618 suo
890 3559 949 3618 ait:
970 3560 1022 3618 ‘Si
1042 3561 1099 3617 hoc
1114 3563 1238 3620 credere

92 3647 227 3716 volueris,
246 3656 277 3704 et
298 3647 337 3704 ad
356 3664 405 3705 me
424 3647 591 3706 accesseris
610 3657 640 3705 et
662 3649 771 3722 pedem
791 3656 876 3704 tuum
895 3665 989 3721 super
1006 3649 1116 3721 pedem
1135 3667 1238 3708 meum

93 3735 197 3792 deuote
222 3733 368 3808 posueris,
394 3752 513 3793 mecum
537 3734 654 3794 videbis
680 3736 796 3793 coelum
821 3744 959 3809 apertum
984 3744 1015 3792 et
1038 3735 1162 3809 angelos
1187 3737 1237 3794 dei

94 3839 252 3896 campanas
278 3823 435 3895 pulsantes
462 3824 500 3880 ad
528 3822 655 3895 gloriam
681 3831 785 3880 sancte
808 3831 839 3879 et
864 3821 1018 3880 indiuidue
1045 3823 1187 3881 trinitatis
1209 3833 1240 3882 et

94 3910 227 3968 laudem!
277 3909 432 3967 Instante⁸
455 3919 592 3984 tempore
616 3909 712 3967 sancti
736 3908 887 3968 Walstani
917 3911 1070 3980 decessus,
1099 3910 1238 3969 videlicet
1251 3934 1285 3986 ⁴0

95 3995 227 4072 proxima
239 3999 370 4054 secunda
388 3997 461 4054 seria
479 3997 625 4070 sequenti,
638 3997 721 4054 iuxta
738 3998 861 4054 modum
880 3997 998 4070 operari
1016 3996 1047 4053 in
1065 4007 1151 4070 prato
1170 4016 1239 4071 pre·

95 4086 169 4144 dicto
180 4101 249 4141 cum
262 4085 402 4142 consocio
416 4102 471 4142 suo
483 4086 650 4158 processit:
670 4091 700 4141 et
713 4083 833 4154 ibidem,
847 4093 1010 4141 conuocato
1027 4085 1171 4158 magistro
1184 4104 1240 4144 suo

95 4180 124 4230 et
142 4170 318 4248 quibusdam
338 4170 404 4230 aliis
424 4171 559 4230 honestis
577 4170 726 4245 personis,
748 4171 884 4229 ultimam
906 4171 975 4229 iecit
997 4171 1189 4245 voluntatem,
1208 4183 1239 4232 et

96 4258 221 4317 animam
242 4259 440 4332 omnipotenti
463 4261 531 4331 deo,
549 4259 636 4317 beate
658 4257 753 4317 Man‘e
774 4257 881 4334 virgini
906 4259 1105 4335 omnibusque
1126 4261 1240 4320 sanctis

287 4363 431 4416 ²E.hauc.
539 4363 745 4416 'Eeonsortio
852 4363 908 4416 Ἐ
923 4365 1042 4416 Instanti.
