3064 4888
117 307 322 384 rammi
460 303 535 398 Dr
560 302 727 393 &aaut
753 303 924 396 actutu
1191 332 1260 406 50¹

114 503 179 560 lire.
216 503 380 576 Aliquanto
403 512 504 561 autem
529 511 666 577 tempore
688 505 807 562 euoluto
818 505 836 577 ¹,
855 505 999 564 diuinitus
1018 504 1191 580 frequenter
1209 524 1265 582 per

114 591 263 648 visionem
282 591 464 648 ammonitus
482 601 512 648 et
525 595 610 665 quasi
629 594 778 665 legatione
797 603 967 651 sanctarum
984 595 1134 667 virginum
1153 597 1264 653 accitus

113 679 161 736 vir
179 679 348 752 religiosus
367 679 491 736 nomine
510 679 685 750 clemacius,
704 698 743 736 ex
762 681 895 738 Orientis
913 682 1050 755 partibus
1068 683 1198 753 aduenit,
1213 682 1264 756 qui

113 784 171 840 pro
188 776 258 824 voto
279 766 378 840 [suo]‘¹
390 767 550 824 ecclesiam
568 785 662 841 super
674 768 880 826 sanctissimos
892 771 1010 826 cineres
1022 788 1040 827 a
1052 769 1264 828 fundamento³

113 864 316 913 constructam
347 854 378 910 in
409 856 524 912 honore
560 866 730 912 sanctarum
757 856 908 930 virginum
945 858 1115 931 compleuit
1161 857 1292 928 Laudas

113 961 187 1016 ergo
206 942 330 1000 Colonia
349 943 512 1013 dominum,
526 943 685 1017 ‘quoniam
704 943 880 1002 confortauit
899 946 1001 1002 seras⁴
1024 955 1176 1018 portarum
1200 956 1263 1003 tua-

113 1047 191 1100 rum,
199 1039 229 1086 et
241 1030 342 1104 posuit
355 1029 432 1088 fines
445 1043 513 1087 tuos
525 1048 630 1103 pacem
643 1041 674 1088 et
686 1039 769 1087 tanto
781 1031 950 1104 premisso⁵
963 1034 1096 1105 pignore,
1109 1033 1264 1090 benedixit

113 1116 183 1174 filiis
202 1117 261 1175 tuis
279 1117 310 1174 in
328 1119 375 1174 te.'
413 1117 486 1174 Erat
504 1127 605 1175 autem
624 1120 663 1175 de
684 1120 791 1176 eodem
811 1119 1002 1177 sanctissimo
1022 1119 1172 1192 virginum
1191 1139 1263 1178 con-

112 1205 251 1262 tubernio
270 1206 398 1278 quedam
416 1205 521 1278 virgo⁸
542 1205 665 1263 nomine
685 1205 824 1274 Cordula,
843 1224 900 1279 que
920 1207 1029 1265 ceteris
1048 1207 1213 1280 virginibus
1231 1207 1262 1264 iu

112 1309 210 1366 agone
229 1291 340 1349 Christi
357 1292 612 1362 occumbentibus,
627 1293 691 1350 sola
710 1293 741 1349 in
759 1294 847 1350 vnius
867 1294 953 1350 nauis
974 1295 1061 1351 alueo
1079 1295 1135 1352 sub
1155 1296 1262 1352 eadem
1277 1313 1308 1352 ιο

75 1417 77 1420 -
111 1389 201 1438 nocte
226 1380 348 1450 delituit,
373 1388 404 1436 et
427 1379 458 1436 in
483 1379 632 1437 crastino'
650 1381 727 1437 vltro
752 1397 786 1437 se
808 1384 905 1452 morti,
927 1399 1018 1454 quam
1038 1381 1163 1454 fugerat,
1185 1382 1262 1439 virili

112 1467 216 1524 animo
228 1466 367 1537 offerens,
380 1466 577 1540 triumphales
593 1477 729 1524 cateruas
747 1485 814 1526 cum
833 1469 898 1541 pari
910 1468 1005 1541 gloria
1018 1469 1143 1526 martirii
1155 1470 1263 1528 subse·

111 1563 205 1628 quuta
223 1563 279 1612 est.
316 1555 377 1611 Sed
398 1572 487 1612 nemo
508 1555 539 1611 in
559 1554 615 1611 hoc
635 1555 861 1624 scandalizetur,
881 1555 985 1629 quasi⁸
1006 1559 1093 1613 beata
1109 1556 1159 1612 illa
1176 1557 1265 1630 virgo

112 1660 224 1698 corone
242 1659 296 1700 sue
310 1659 404 1715 parua
421 1643 477 1698 hac
494 1642 653 1699 formidine
668 1641 777 1715 aliquid
792 1643 989 1716 derogauerit‚
1002 1661 1071 1700 cum
1084 1661 1140 1700 nec
1154 1644 1262 1702 Petrus

112 1746 239 1802 negans,
253 1747 309 1786 nec
322 1729 455 1786 Thomas
468 1729 617 1798 dubitans,
630 1730 667 1786 ab
680 1730 893 1803 apostololatus
907 1732 1020 1788 honore
1033 1731 1148 1788 eiectus
1161 1731 1199 1788 sit
1209 1732 1261 1790 ⁹...
1275 1755 1306 1807 ¹⁵

115 1817 254 1874 Forsitan
274 1817 324 1874 illa
342 1817 428 1890 virgo
449 1818 536 1874 beata
555 1819 594 1874 dc
615 1825 752 1874 anteacta
760 1817 782 1850 ¹⁰
805 1818 866 1875 vite
892 1819 1021 1890 puritate
1045 1828 1075 1876 et
1096 1817 1165 1875 fidei
1190 1835 1261 1875 con-

111 1904 222 1961 stantia
240 1921 429 1978 presumens,
445 1905 483 1962 ad
496 1904 691 1961 tollerandam
705 1905 906 1978 passionem¹¹
918 1906 1029 1978 aliquid
1049 1905 1080 1962 in
1098 1923 1131 1962 se
1151 1905 1260 1963 fiducie

111 1992 234 2050 habuit:
260 1992 387 2064 ideoque
412 1991 595 2049 humilianda
613 2002 686 2062 erat,
698 2000 730 2050 vt
746 1992 857 2050 nonin
876 2010 918 2063 se,
938 1994 992 2050 sed
1009 1993 1040 2049 in
1061 1994 1119 2049 deo
1139 1991 1260 2065 gloriari

112 2079 253 2148 disceret,
266 2087 296 2136 et
308 2081 350 2136 sic
363 2079 517 2136 humiliata
529 2080 567 2137 ad
579 2079 722 2136 celestem
735 2080 899 2136 thalamum
912 2080 1071 2153 gloriosius
1084 2079 1260 2137 transiret¹'.

113 2167 164 2224 Sic
181 2176 213 2224 et
225 2166 322 2224 fidelis
337 2165 443 2237 Dauid,
456 2184 525 2224 cum
540 2167 663 2224 domiuo
680 2166 807 2225 diceret:
824 2167 942 2224 ‘iuraui
961 2176 991 2225 et
1007 2167 1096 2224 statui
1111 2166 1261 2224 custodire
1274 2191 1307 2228 ao

112 2254 222 2311 iudicia
245 2254 360 2312 iusticie
386 2256 455 2325 tue,’
479 2272 551 2311 mox
576 2253 662 2328 quasi
687 2256 718 2312 in
743 2272 778 2312 se
809 2255 961 2311 reuolutus
987 2254 1112 2312 subiecit
1136 2255 1259 2312 dicens:

112 2341 314 2400 ‘Humiliatus
333 2359 401 2398 sum
418 2359 633 2415 usquequaque
645 2341 678 2374 ¹⁸¹
691 2384 699 2400 .
713 2383 741 2400 ..
756 2342 859 2415 Longa
880 2342 971 2415 igitur
991 2343 1070 2400 serie
1089 2350 1259 2416 temporum

110 2430 232 2486 euoluta
242 2431 271 2498 11,
284 2439 388 2486 sancta
403 2447 493 2502 quam
512 2429 700 2502 prediximus
718 2429 848 2487 Cordule
869 2429 985 2487 incluse
1003 2429 1130 2501 cuidam,
1146 2431 1261 2486 incom-

110 2517 253 2590 parabilis
273 2517 334 2574 vite
354 2526 384 2574 et
404 2517 541 2590 specialis
562 2517 671 2588 meriti,
695 2516 903 2588 Hellentrude,
925 2535 981 2591 per
997 2517 1097 2574 visum
1122 2516 1261 2590 appamit

110 2623 239 2678 eamque
264 2604 349 2678 quasi
371 2605 616 2662 contubernalem
642 2622 736 2674 suam,
761 2623 799 2661 an
825 2623 859 2663 se
883 2614 1061 2677 agnosceret
1095 2604 1259 2678 requisiuit.
1275 2625 1304 2678 ²⁵

112 2693 167 2750 llla
184 2704 293 2763 autem,
307 2692 445 2766 quamuis
459 2701 562 2750 sancta
580 2701 610 2749 et
629 2702 730 2750 mente
743 2692 802 2748 iam
817 2694 875 2750 deo
888 2693 1034 2766 proxima,
1046 2701 1147 2750 tamen
1161 2693 1259 2749 adhuc

11 2803 12 2872 ,
110 2782 322 2855 corruptibilis,
335 2791 364 2838 et
382 2781 468 2855 quasi
486 2781 637 2855 corruptio
656 2781 890 2855 incorruptelam
908 2799 970 2838 nou
989 2781 1138 2838 sufferens
1157 2781 1259 2838 diuine

109 2871 276 2928 venustatis
294 2879 324 2927 et
342 2869 507 2942 grauitatis,
526 2887 689 2942 personam
708 2869 871 2926 exhorruit.
910 2869 981 2926 Erat
1003 2869 1084 2925 enim
1105 2868 1191 2942 virgo
1209 2868 1259 2925 dei

108 2957 187 3015 vltra
199 2975 290 3014 omne
302 2957 459 3015 artificium
471 2957 602 3015 hominis
608 2957 716 3014 vestita
724 2957 858 3025 mirifice,
867 2973 1008 3013 coronam
1013 2956 1034 2988 11
1041 2956 1110 3012 liliis
1120 2955 1258 3028 rosisque

109 3045 326 3102 alternantibus
344 3055 467 3118 gestans
485 3045 517 3102 in
534 3044 631 3118 capite
649 3045 851 3101 intertextam.
889 3042 1013 3100 Famula
1025 3043 1115 3116 igitur
1124 3042 1145 3075 11
1157 3042 1207 3098 dei
1219 3059 1258 3100 ex
1272 3067 1304 3118 ³⁰

109 3150 223 3206 pauore
245 3136 408 3208 respirans,
429 3133 583 3206 indignam
604 3151 638 3190 se
658 3141 739 3190 tante
763 3131 927 3188 maiestatis
946 3131 1097 3204 agnitione
1121 3145 1191 3186 esse
1212 3145 1257 3186 re·

109 3221 240 3294 spondit,
258 3220 350 3278 ‘Cum
368 3239 433 3294 ego,
452 3220 600 3294 inquiens,
616 3220 673 3276 sim
692 3219 820 3276 carnalis
842 3218 954 3292 peccati
979 3217 1095 3291 legibus
1119 3216 1258 3287 obnoxia,

109 3317 141 3365 tu
160 3317 259 3364 autem
279 3308 338 3365 iam
356 3308 387 3364 in
404 3307 541 3366 ordinem
557 3308 744 3365 celicolarum
755 3307 776 3340 11
790 3314 946 3381 assumpta
965 3304 1055 3363 totius
1073 3303 1116 3362 sis
1134 3321 1258 3377 corrup·

108 3395 201 3454 tionis
231 3395 345 3454 aliena’
381 3396 467 3453 Tunc
491 3395 561 3453 illa:
593 3395 739 3452 ‘Noueris
770 3411 829 3466 me,
859 3395 963 3467 inquit,
984 3410 1075 3450 vnam
1102 3392 1141 3448 de
1172 3408 1257 3448 sacro

109 3483 334 3541 Coloniensium
355 3482 526 3556 [virginum]
534 3483 555 3516 11
571 3499 698 3540 numero
715 3481 817 3546 inisse.
831 3499 890 3554 que
909 3482 968 3538 illis
982 3479 1013 3536 in
1031 3497 1128 3553 agone
1147 3477 1258 3536 Christi
1272 3499 1303 3551 35

108 3570 369 3644 triumphantibus,
381 3587 441 3628 vna
453 3578 540 3628 nocte
559 3569 731 3644 superuixi:
746 3568 907 3642 sequenti¹⁹
918 3568 968 3624 die
980 3567 1086 3624 mortis
1099 3565 1231 3639 [cupida]
1237 3564 1258 3598 11

108 3677 159 3717 me
171 3659 248 3716 vltro
266 3658 455 3716 carnificibus
473 3657 574 3726 obtuli,
592 3657 695 3730 sicque
715 3655 745 3713 in
762 3656 882 3713 Christo
900 3655 1041 3726 moriens,
1060 3671 1117 3711 nec
1136 3669 1257 3710 sorores

108 3763 193 3804 meas
218 3745 338 3804 deserui
363 3763 419 3804 uec
443 3745 584 3803 socialem
610 3745 733 3803 martirii
758 3761 899 3802 coronam
923 3742 1019 3800 amisi.
1058 3741 1162 3814 ltaque
1186 3757 1256 3798 cum

108 3835 226 3891 illarum
251 3833 459 3906 gloriosissimi
481 3833 624 3890 transitus
644 3833 725 3889 diem
747 3832 848 3889 debita
867 3832 926 3888 iam
948 3830 1144 3888 veneratione
1154 3827 1177 3860 11
1195 3836 1257 3884 tota

107 3921 232 3979 Colonia
244 3921 375 3978 celebret
383 3921 412 3993 11,
425 3922 485 3978 mei
496 3920 625 3977 nominis
638 3938 694 3978 nec
704 3919 805 3977 breuis
816 3919 936 3992 [aliqua]
946 3917 966 3950 11
980 3918 1077 3974 adhuc
1091 3914 1256 3974 recordatio
1269 3933 1302 3982 40

140 4106 314 4157 ¹E.euento.
386 4104 580 4158 ’E.sanctam.
652 4104 710 4156 ¹13.
723 4105 904 4154 fundamentis.
978 4101 1034 4154 1Ε.
1048 4116 1129 4151 ceras.
1203 4097 1255 4150 ⁸B.

107 4173 245 4236 promisso.
322 4173 399 4222 ‘oua
414 4173 440 4222 iu
453 4173 484 4224 B.
558 4171 615 4222 ¹1³.
627 4171 776 4222 crastinum.
855 4169 911 4218 1Ε.
924 4169 1002 4231 quod.
1079 4167 1257 4216 ’asenteuce

108 4253 158 4289 om.
225 4236 244 4267 ¹⁰
261 4237 291 4288 B.
302 4244 429 4289 anteacte.
504 4237 522 4268 ¹¹
541 4237 570 4288 E.
583 4239 721 4300 pasionem.
795 4233 815 4265 ¹¹
830 4235 860 4286 B.
872 4235 1009 4284 transierit.
1077 4231 1095 4261 11
1111 4233 1258 4294 Apusage

107 4319 158 4352 om.
224 4305 242 4333 11
259 4303 290 4352 Β.
304 4304 429 4354 reuoluta.
495 4301 515 4332 ¹⁵
531 4303 563 4353 B.
576 4317 756 4364 coronamque.
822 4300 841 4330 ¹⁸
858 4301 888 4350 B.
901 4315 972 4362 ergo.
1037 4296 1056 4328 11
1068 4297 1099 4349 Β.
1110 4297 1256 4348 celicoruru.

106 4369 125 4399 11
136 4383 187 4420 om.
254 4367 273 4399 11
283 4370 460 4433 sequentique.
527 4367 547 4398 11
564 4369 595 4419 Β.
607 4369 756 4420 deuotione.
821 4365 840 4396 ¹¹
856 4366 886 4416 B.
898 4373 1045 4416 veneretur.
