3048 4884
264 295 338 384 426
578 287 710 376 mona
734 284 925 390 immun
949 282 1099 388 danim

265 505 346 546 mam
367 487 410 546 ilii
432 489 596 562 regendam
616 486 825 559 committeret,
847 503 881 544 ac
903 485 996 544 filiam
1017 484 1117 544 fratris
1138 485 1185 544 sui
1206 485 1358 560 virginem
1378 485 1420 543 iili

265 575 423 650 coniugem
435 578 531 646 daret,
540 593 671 650 eumque
683 573 858 648 adoptiuum
867 573 876 606 ¹
886 591 1009 648 semper
1021 575 1152 632 haberet.
1189 572 1232 631 At
1244 575 1295 632 iile
1307 573 1421 648 gratias

266 681 360 738 agens
379 663 481 738 pietati
499 681 590 738 quam
609 681 682 737 erga
699 679 780 734 eum,
793 679 862 720 cum
880 671 963 720 esset
981 663 1168 736 peregrinus,
1181 661 1296 720 habere
1312 663 1421 736 digna·

265 761 357 820 retur,
371 752 536 826 respondit,
549 752 736 825 propositum
749 767 783 808 se
795 749 892 823 magis
908 750 1031 808 alterius
1048 749 1286 808 conuersationis
1298 750 1421 816 habere,

236 861 251 914 g
265 847 355 912 atque
371 839 439 896 ideo
450 839 547 912 patria
565 839 667 896 relicta
678 839 808 896 Romam
824 837 882 896 iter
896 855 988 911 agere
1000 839 1126 911 cepisse.
1163 837 1281 910 Quibus
1299 837 1421 906 auditis,

265 927 345 984 misit
363 943 434 985 eum
452 927 577 984 antistes
596 926 737 996 Romam,
753 927 831 983 datis
849 924 1058 983 habundanter
1075 942 1131 999 pro
1148 925 1198 982 via
1216 924 1421 994 necessariis;

266 1014 430 1073 obsecrans
449 1015 591 1089 quatinus
610 1017 649 1072 de
669 1014 769 1072 Roma
792 1015 913 1072 rediens
935 1015 973 1074 ad
994 1032 1028 1072 se
1046 1015 1218 1071 declinaret.
1255 1013 1296 1070 Vt
1317 1021 1421 1070 autem

268 1102 398 1160 Romam
413 1103 504 1170 venit,
517 1101 683 1160 beatissimi
701 1101 905 1175 apostolorum
922 1101 1068 1176 principis
1084 1101 1187 1158 iimina
1203 1101 1309 1159 orandi
1324 1101 1423 1174 gratia

266 1191 360 1264 petiit.
398 1190 549 1264 Egressus
566 1191 636 1248 inde
653 1199 683 1248 et
702 1191 865 1248 oratorium
881 1191 978 1248 sancti
989 1191 1133 1248 Andree²
1145 1189 1303 1264 ingressus
1320 1189 1422 1246 humi·

223 1297 254 1336 ro
267 1295 326 1352 que
348 1289 523 1351 prostratus,
544 1277 587 1336 sic
609 1295 696 1337 orare
713 1278 812 1353 oepit:
840 1277 997 1336 ‘Piissime
1021 1277 1224 1351 apostolorum
1246 1276 1307 1346 dei,
1326 1277 1422 1334 irater

266 1365 430 1424 beatissimi
449 1367 575 1440 apostoli
593 1367 682 1438 Petri,
696 1384 735 1424 en
752 1383 809 1440 ego
826 1366 986 1440 peregrine
1003 1366 1158 1440 prouincie
1179 1364 1297 1440 [ciuis]³
1310 1367 1349 1422 ad
1368 1375 1422 1422 tua

266 1452 369 1510 limina
386 1453 465 1525 veni,
477 1453 597 1512 veniam
616 1471 671 1528 pro
690 1455 822 1528 peccmb
840 1453 1052 1527 postulaturus
1089 1452 1202 1511 Precor
1218 1469 1291 1526 ergo
1310 1463 1350 1522 te,
1364 1471 1422 1526 per

266 1539 408 1614 pietatem
433 1558 524 1614 quam
549 1541 658 1600 ceteris
682 1550 819 1616 prestare
844 1541 991 1615 probaris,
1016 1550 1047 1599 vt
1070 1541 1191 1599 veniam
1215 1549 1421 1614 peccatorum,

266 1644 357 1702 quarn
374 1645 430 1702 per
446 1638 476 1686 te
492 1630 630 1688 obtinere
646 1630 774 1701 confido,
787 1647 848 1688 non
865 1647 991 1703 queram
1007 1629 1038 1686 in
1051 1645 1173 1700 vanum,
1185 1645 1225 1686 ne
1243 1628 1318 1684 mihi
1335 1637 1422 1685 tante

224 1735 253 1788 ¹⁵
268 1715 440 1790 progressio
452 1715 520 1774 vie⁴
532 1719 672 1791 procedat
691 1717 852 1776 ineassum.
889 1717 1003 1776 Verum
1015 1726 1046 1774 vt
1065 1716 1205 1790 experiar
1217 1716 1337 1772 vincula
1351 1733 1422 1774 mee

269 1803 430 1877 impietatis
451 1821 507 1878 per
526 1813 577 1862 tua
598 1807 705 1864 merita
724 1805 810 1876 solui,
830 1806 923 1876 solue,
944 1823 1049 1878 queso,
1070 1803 1285 1878 impedimenta
1306 1803 1421 1877 ingenii

272 1893 331 1949 mei
351 1901 381 1949 et
400 1891 500 1966 lingue
518 1909 594 1963 mee,
613 1891 754 1966 quatinus
772 1892 856 1952 verbi
875 1893 925 1950 dei
942 1893 1076 1950 misteria
1093 1893 1184 1950 corde
1203 1892 1372 1967 percipere,
1390 1902 1422 1949 et

269 1977 382 2036 diserto
394 1979 594 2054 eloquutionis
606 1981 696 2038 modo
709 1981 816 2038 eadem
828 1980 894 2038 aliis
904 1981 1020 2038 valeam
1032 1981 1202 2038 insinuare?
1239 1979 1422 2038 Nec⁸citius

269 2065 361 2124 verba
378 2065 522 2126 orationis
539 2067 709 2141 compleuit,
729 2085 819 2142 quam
838 2067 1062 2126 uiuacissimum
1084 2067 1195 2126 mentis
1216 2067 1373 2142 ingenium
1391 2077 1422 2124 et

225 2179 257 2217 20
270 2153 529 2228 promptissimum
539 2155 740 2230 eloquutionis
750 2155 1101 2230 modumsepercepisse
1110 2155 1259 2229 cognouit.
1315 2143 1421 2213 Rome

269 2241 357 2315 igitur
373 2243 496 2316 degens,
509 2243 635 2302 orationi
655 2243 788 2317 [atque]⁸
801 2243 985 2302 meditationi
998 2261 1118 2314 vacans,
1130 2261 1148 2300 a
1162 2241 1324 2310 Boniiacio,
1337 2245 1421 2300 sedis

270 2329 432 2402 apostolice
453 2329 672 2402 archidiacono,
690 2343 817 2405 quatuor
837 2331 930 2390 libros
954 2333 1189 2404 euangeliorum,
1210 2330 1421 2388 rationabilem

270 2417 383 2491 pasche
400 2419 574 2490 terminum,
587 2419 703 2493 aliaque
719 2419 861 2476 nonnulla
874 2419 983 2477 didicit
1021 2418 1230 2476 Ecclesiastica
1246 2418 1341 2492 igitur
1358 2419 1421 2476 dis·

271 2503 380 2577 cipiina
400 2505 540 2576 imbutus,
560 2507 657 2579 rediit,
677 2506 862 2581 Delphinum
879 2507 1054 2582 episcopum
1071 2507 1151 2575 adiit,
1169 2515 1198 2564 et
1215 2507 1312 2562 tribus
1331 2507 1421 2564 annis

226 2617 255 2668 ²⁵
269 2609 337 2650 cum
356 2609 393 2650 eo
411 2594 541 2665 mansit;
563 2611 581 2652 a
601 2613 661 2669 quo
679 2604 823 2664 attonsus,
843 2603 873 2652 et
892 2595 924 2652 in
945 2603 1027 2652 tanto
1048 2603 1094 2652 est
1116 2611 1217 2651 amore
1239 2593 1369 2662 habitus,
1390 2603 1422 2652 vt

270 2679 354 2738 ilium
367 2679 423 2738 sibi
438 2681 582 2740 heredem
594 2683 694 2740 iacere
707 2683 859 2757 cogitaret
895 2682 958 2740 Sed
971 2701 1011 2740 ne
1024 2684 1081 2740 hoc
1094 2681 1160 2740 tien'
1172 2691 1283 2756 posset,
1292 2683 1422 2740 antistes

269 2777 316 2825 est
331 2767 443 2826 crudeli
461 2779 557 2828 morte
574 2779 742 2844 prereptus,
755 2781 785 2828 et
798 2769 955 2829 Wiliridus
974 2772 1012 2827 ad
1026 2770 1167 2844 Angliam
1184 2779 1232 2827 est
1250 2787 1420 2844 regressus

271 2853 427 2931 Siquidem
446 2857 550 2932 regina
564 2857 587 2916 F
589 2876 747 2916 raucorum
766 2857 890 2918 Batiidis
908 2876 945 2916 ea
963 2867 1143 2932 tempestate
1161 2857 1287 2914 ecclesie
1306 2857 1421 2916 Christi

270 2945 536 3018 persequutionem
555 2945 663 3017 intulit,
681 2946 884 3020 deprecationi
908 2947 1045 3004 estuabat
1067 2955 1097 3002 et
1120 2945 1273 3019 [multos]⁷
1292 2947 1421 3005 ecclesie

225 3047 257 3098 ³0
271 3041 367 3089 morte
386 3033 560 3108 turpissima
578 3035 768 3109 dampnabat,
781 3037 862 3093 vnde
881 3033 959 3092 inter
977 3033 1171 3090 innumeros⁸
1189 3033 1333 3105 minores,
1352 3045 1420 3092 octo

269 3119 465 3178 ecclesiarum
489 3131 591 3196 patres
616 3140 684 3180 cum
710 3121 844 3196 predicto
869 3121 1000 3182 antistite
1027 3122 1165 3195 nequiter
1191 3122 1312 3179 tradidit
1341 3125 1422 3196 peri-

271 3209 406 3266 mendos.
443 3208 542 3280 Quem
562 3227 657 3284 vsque
680 3209 761 3284 [ad]³
779 3212 878 3270 locum
900 3229 954 3269 sue
976 3210 1042 3266 neci
1061 3209 1239 3284 dispositum
1258 3209 1421 3268 Wilsridus

270 3305 416 3368 sequutus
434 3305 489 3367 est,
508 3297 634 3371 cupiens
653 3315 709 3372 pro
726 3317 772 3368 eo,
791 3297 818 3356 si
843 3299 1075 3372 permitteretur,
1095 3297 1186 3354 simul
1210 3297 1309 3370 gladio
1335 3299 1422 3356 mori.

271 3381 394 3454 Verum,
416 3401 455 3439 ne
476 3383 506 3441 id
529 3385 623 3454 lieret,
644 3386 803 3460 episcopus
823 3387 921 3444 modis
941 3387 1081 3444 omnibus
1102 3384 1263 3442 interdixit
1300 3385 1422 3460 Corpus

226 3485 256 3537 35
270 3478 371 3526 tamen
385 3471 474 3528 occisi
487 3473 586 3530 debito
599 3474 713 3532 honore
725 3475 891 3546 tumulauit‚
903 3483 933 3532 et
946 3474 1089 3548 Angliam
1103 3474 1197 3530 rediit.
1234 3473 1329 3530 Cuius
1342 3474 1423 3532 sarna

271 3558 437 3616 sanctitatis
452 3569 482 3616 et
494 3561 664 3635 prudentie,
676 3562 848 3636 eloquentie
865 3571 954 3635 atque
971 3561 1134 3636 apostolice
1147 3560 1281 3619 doctrine
1294 3561 1422 3620 circum·

271 3663 389 3720 quaque
411 3647 546 3706 innotuit.
584 3649 630 3706 Eo
652 3657 788 3724 tempore
810 3651 954 3725 regnabat
978 3651 1009 3706 in
1032 3647 1307 3707 Northanhumbria
1326 3649 1422 3721 oswi,

271 3751 341 3790 cum
367 3734 428 3791 filio
451 3753 507 3792 suo
531 3736 657 3808 Alt'rido‚
688 3738 740 3812 qui
770 3739 809 3796 ob
840 3738 951 3796 lamam
981 3739 1076 3796 sancti
1104 3735 1236 3793 Wilsn'di
1265 3737 1422 3810 ripensem

273 3820 512 3897 ecclesiamque
530 3825 619 3882 modo
640 3825 761 3899 Ripun⁸
778 3835 909 3896 vocatur,
926 3842 996 3884 cum
1015 3825 1073 3882 hiis
1090 3841 1150 3898 que
1168 3823 1215 3881 sui
1233 3823 1307 3881 iuris
1325 3835 1423 3896 erant,

227 3925 260 3976 40
273 3909 366 3983 regali
383 3911 587 3969 munificentia
605 3912 704 3972 eidem
723 3914 912 3972 contulerunt
919 3912 949 3972 ¹⁰.
986 3913 1084 3984 Quem
1097 3911 1234 3970 videlicet
1253 3913 1354 3970 locum
1373 3915 1423 3971 de·

273 3997 379 4054 derant
389 3997 408 4032 ¹¹
421 3998 538 4073 pridem
555 3999 592 4058 ad
607 4003 840 4058 construendum
857 4001 931 4059 inibi
948 3999 1163 4060 monasterium
1176 3999 1234 4058 hiis
1249 4003 1301 4074 qui
1315 4001 1423 4060 Scotos

306 4161 602 4227 ‘Bedlocoadoptiui
760 4163 819 4215 ⁸ln
830 4165 889 4216 that
899 4176 1049 4232 monastery
1061 4165 1181 4228 Gregory
1191 4165 1242 4216 bad
1255 4165 1323 4216 been
1336 4169 1423 4220 moni.

274 4226 283 4256 ¹
301 4243 351 4278 om.
425 4228 435 4258 ⁸
451 4229 480 4279 i:
492 4231 533 4280 vie
544 4232 702 4295 progressio.
776 4231 787 4261 ⁸
804 4232 893 4283 Eadm.
906 4249 966 4284 non.
1040 4232 1051 4260 ⁸
1067 4231 1095 4280 T.
1107 4241 1202 4294 atque;
1219 4231 1248 4281 E.
1259 4239 1295 4282 et.
1370 4232 1380 4262 ¹
1396 4234 1424 4284 T.

275 4294 584 4413 ffutltteoifuffr'iehhhm
673 4298 684 4328 ⁸
700 4297 730 4348 E.
742 4297 769 4347 tn
781 4313 896 4348 numeru.
984 4297 994 4328 ⁸
1011 4299 1040 4350 T.
1055 4313 1147 4362 typus.
1240 4296 1259 4328 ¹⁸
1275 4313 1295 4348 r.
1307 4299 1424 4352 contulit.
