3046 4902
100 319 323 386 assatas]
365 285 439 378 be
456 280 516 372 s.
536 281 753 369 mnenon
770 294 864 384 taor
882 286 921 366 et
937 285 1126 383 mattae.
1180 302 1250 376 593

273 515 324 568 DE
342 523 486 569 MULIERE
504 523 666 579 LIBERATA,
687 523 727 565 ET
744 521 938 565 VlCECOMlTE
956 519 1085 564 PUNITO.

768 645 781 680 r
794 627 907 696 quidam
921 623 1032 680 curialis
1045 622 1157 678 nomine
1171 623 1252 677 Leof·

500 675 505 685 ,
657 673 664 686 ,
753 627 764 682 1

137 669 306 743 saimlfm
318 673 402 726 abbas
412 677 501 727 samu
512 671 668 727 Edmund*
686 625 749 752 V
775 722 881 778 stanus,
894 711 1001 764 honore
1014 707 1226 763 vicecomitatus
1235 725 1253 761 a

4 809 10 818 ’
99 810 166 863 rege
179 793 344 848 sublimatus
354 792 382 847 in
391 792 495 847 diocesi
505 807 561 863 qua
574 805 688 849 sanctus
701 794 869 848 Edmundus
879 794 1037 858 tumulatur,
1045 809 1112 860 erga
1124 800 1252 844 sanctum

4 901 6 924 2
98 894 157 932 non
173 878 263 932 solum
274 877 380 930 nullam
393 876 575 930 deuocionem
587 878 711 946 gerebat,
724 876 910 932 verumeciam
926 875 1022 930 audita
1035 874 1107 946 illius
1120 873 1253 927 miracula

4 987 6 1008 2
99 969 246 1014 contracta
276 977 343 1014 nare
373 959 573 1014 subsannabat.
623 959 680 1016 Hic
704 971 809 1015 statuto
833 959 879 1014 die
902 959 1087 1013 kalendarum
1117 956 1281 1028 maiarum5

4 1091 6 1094 .
99 1041 213 1096 cuidam
226 1040 305 1097 loco¹
325 1042 500 1112 Thinghowe
513 1042 627 1098 nomine
639 1044 821 1114 placitaturus
838 1044 955 1097 aderat:
981 1041 1027 1096 vbi
1048 1058 1111 1095 curn
1126 1039 1253 1094 animad-

4 1145 7 1178 τ
99 1125 183 1180 uertit
207 1126 350 1196 quandam
376 1127 476 1180 abesse
501 1127 645 1181 mulierem
670 1127 805 1181 iudicarie
830 1143 880 1180 sue
905 1125 1035 1195 potestati
1061 1139 1146 1190 ream,
1168 1132 1253 1192 atque

4 1231 6 1261 ;
98 1225 164 1263 eam
176 1208 276 1263 timore
288 1206 489 1278 perter[r]itam
508 1210 544 1263 ad
558 1210 648 1264 sancti
664 1210 824 1280 confugisse
838 1209 974 1274 tumbam,
986 1224 1036 1278 pre
1054 1205 1141 1260 nimio
1160 1205 1253 1259 cordis

4 1341 6 1344 .
98 1301 208 1346 tumore
227 1290 322 1346 statim
334 1301 409 1346 totus
426 1291 576 1357 infremuit,
590 1293 738 1362 missisque
751 1291 953 1362 apparitoribus
972 1289 1029 1345 suis
1048 1306 1112 1343 eam
1130 1288 1253 1343 tribuna·

4 1423 6 1428 ,
98 1373 175 1428 libus
185 1374 237 1428 sub
249 1374 326 1428 omni
339 1374 480 1428 celeritate
493 1373 553 1429 sisti
567 1375 699 1445 precepit.
730 1377 769 1429 At
781 1374 817 1428 illi
832 1374 942 1428 concito
955 1373 1042 1442 gradu
1056 1372 1092 1426 ad
1106 1370 1253 1426 ecclesiam
1269 1387 1299 1424 ro

4 1507 5 1510 ,
98 1467 251 1526 properant
274 1467 303 1512 et
323 1457 430 1527 absque
455 1458 649 1513 veneracionis
672 1459 779 1512 honore
806 1458 949 1524 intrantes,
971 1453 1142 1511 vicecomitis
1167 1471 1252 1522 ream,

98 1538 176 1593 iuxta
194 1539 316 1594 martiris
333 1540 451 1610 pignora
468 1541 707 1610 procumbentem,
722 1558 786 1595 cum
805 1558 909 1609 magna
924 1541 1073 1594 verborum
1092 1538 1254 1593 austeritate

4 1673 5 1678 ,
98 1633 260 1692 reposcunt.
298 1624 468 1678 Constanter
485 1623 611 1679 abnuunt
630 1624 721 1679 clerici
741 1624 860 1678 maiores
882 1623 1037 1677 Bomfildus
1055 1631 1082 1677 et
1102 1621 1253 1686 Leofricus,

99 1716 268 1773 asserentes,
288 1707 366 1760 nullo
389 1707 484 1773 modo,
503 1708 580 1761 nulla
604 1707 716 1763 racione
741 1707 820 1761 reddi
842 1723 926 1776 posse
952 1706 989 1760 ad
1016 1703 1252 1774 dampnacionem

99 1805 186 1858 quam
211 1798 326 1842 sanctus
347 1799 507 1859 susceperat
533 1790 569 1844 ad
593 1790 776 1860 erepcionem.
823 1790 899 1858 Quid
924 1791 1023 1859 plura?
1053 1789 1175 1841 fautores
1201 1786 1299 1857 im-15

98 1871 213 1941 pietatis
225 1871 356 1926 manibus
369 1871 510 1941 sacrilegis
525 1871 646 1942 [sancta]
661 1873 797 1927 violantes
810 1883 838 1927 et
858 1883 987 1926 sanctum
1002 1870 1149 1936 irritantes,
1162 1880 1253 1923 extra·

100 1956 171 2008 hunt
179 1953 332 2008 mulierem.
345 1953 482 2009 Videntes
490 1965 584 2009 autem
593 1956 834 2026 clericipreualere
842 1955 993 2009 satellitum
1002 1953 1158 2017 audaciam,
1167 1951 1253 2005 nimio

99 2036 227 2107 percussi
247 2037 343 2092 dolore
361 2037 435 2092 circa
454 2038 544 2092 sancti
564 2039 735 2108 sepulturam
755 2047 978 2108 prosternuntur,
996 2053 1060 2090 cum
1085 2033 1201 2105 psalmis
1225 2043 1254 2089 et

99 2117 230 2173 letaniis*
243 2119 396 2174 lacrimosis
414 2119 581 2188 singultibus
601 2121 691 2190 plenis
711 2120 806 2175 diuine
818 2119 935 2175 vlcionis
948 2119 1050 2173 indicia
1069 2117 1253 2188 inprecantes.

99 2203 189 2270 ιΕγει,
207 2200 343 2272 inquiunt,
359 2212 420 2271 tyro
438 2203 482 2258 dei
501 2203 661 2270 Edmunde,
673 2202 793 2258 tirocinii
811 2203 865 2256 iam
884 2202 994 2271 signum
1010 2219 1100 2269 exere,
1112 2211 1140 2256 et
1160 2202 1299 2255 hostesne

99 2296 197 2339 sancte
210 2284 254 2339 dei
272 2285 389 2340 ecclesie
402 2286 562 2356 comprime.
600 2283 698 2354 ³Quid
710 2286 780 2356 agis,
797 2303 814 2338 o
831 2285 1004 2340 Edmunde?
1022 2283 1096 2338 itane
1113 2283 1254 2360 supplices

98 2378 164 2422 tuos
177 2368 324 2423 delendis?
361 2371 387 2422 N
391 2369 489 2439 unquit
503 2387 558 2424 non
572 2369 701 2424 dominus
714 2381 741 2424 et
754 2368 888 2438 magister
900 2380 963 2422 tuus
976 2368 1119 2422 mulierem
1134 2366 1161 2420 in
1175 2367 1254 2420 adul-

98 2449 171 2506 terio
187 2452 389 2521 deprehensam
405 2470 423 2505 a
441 2454 590 2507 ludeorum
606 2452 737 2506 manibus
752 2469 815 2506 eam
833 2451 957 2521 lapidare
972 2451 1129 2504 volencium
1145 2448 1254 2503 miseri-

99 2533 223 2589 corditer
240 2535 359 2605 eripuit?
381 2552 417 2590 an
435 2535 560 2590 imitator
579 2535 638 2590 eius
658 2553 720 2590 esse
737 2533 915 2588 dissimulas?
952 2533 982 2588 Si
1001 2533 1088 2586 modo
1108 2541 1192 2596 taces,
1212 2531 1254 2586 iu·

99 2615 181 2670 sticia
199 2619 385 2686 conculcatur,
398 2618 529 2689 impietas
544 2619 699 2684 roboratur,
713 2619 894 2686 blasphemus
911 2617 1035 2684 insultat,
1049 2617 1126 2670 locus
1139 2615 1253 2682 vilescit,
1268 2637 1298 2687 25

98 2700 262 2753 reuerencia
283 2700 424 2762 minuitur,
443 2700 538 2770 religio
560 2701 710 2756 euanescit.
754 2702 817 2754 Hec
838 2711 887 2754 tua
907 2699 1049 2768 paciencia
1071 2698 1255 2753 inbecillitas*

99 2781 268 2850 deputatur;
287 2783 439 2854 aliquando
455 2783 507 2838 fuit
519 2794 629 2854 tempus
648 2783 799 2854 paciencie,
819 2781 874 2836 iam
888 2799 961 2836 nunc
975 2782 1097 2836 vindicte
1104 2781 1130 2836 ³!
1169 2784 1255 2836 Porro

98 2863 220 2918 ministri
239 2863 364 2934 sacrilegi
377 2883 441 2920 cum
458 2865 581 2934 muliere,
595 2877 724 2920 sanctum
741 2865 840 2934 iugiter
856 2865 1013 2932 inuocante,
1026 2865 1071 2918 vix
1083 2867 1119 2919 ab
1137 2865 1255 2920 ecclesia

97 2946 202 3017 pedem
226 2948 398 3003 extulerant:
427 2959 455 3003 et
479 2965 545 3003 ecce
569 2959 682 3018 repente
706 2948 872 3013 vicecomes,
898 2946 944 3017 qui
969 2946 1026 3000 iam
1054 2947 1125 3001 infra
1152 2947 1254 3001 atrium

98 3028 224 3097 basilice,
245 3030 343 3085 habita
364 3030 488 3086 stacione
509 3031 546 3085 ad
566 3032 737 3100 sepulturam
757 3030 902 3085 cuiusdam
926 3030 1016 3084 Bundi
1042 3029 1197 3098 presbiteri,
1217 3031 1254 3084 ad
1268 3048 1301 3098 30

98 3111 368 3182 condempnandum
398 3130 462 3167 eam
489 3130 552 3167 cum
580 3113 711 3168 vniuersa
738 3113 872 3167 concione
894 3113 1086 3179 descenderat,
1108 3129 1254 3182 possessus

98 3211 118 3248 a
144 3194 272 3261 demone,
301 3195 473 3250 alienacione
502 3196 605 3250 mentis
634 3207 661 3250 et
691 3193 837 3250 amencia⁶
861 3195 1008 3250 crudeliter
1037 3197 1196 3264 vexabatur,
1226 3207 1255 3251 et

98 3277 185 3333 elisus
203 3277 231 3332 in
252 3289 364 3346 terram,
380 3297 494 3350 spumas
513 3297 561 3334 ore
579 3280 692 3334 trahens
707 3279 892 3350 dentibusque
915 3277 1044 3346 stridens,
1061 3296 1111 3348 per
1132 3280 1254 3349 plateam

98 3361 252 3416 rotabatur.
289 3360 336 3417 Fit
357 3363 489 3417 confusus
508 3363 600 3433 populi
621 3364 736 3430 clamor,
752 3364 887 3417 aduolant
906 3362 1044 3430 vniuersi3
1075 3362 1175 3432 quibus
1194 3379 1255 3433 per·

98 3444 297 3513 strepentibus,
323 3454 459 3499 tortorum
480 3445 610 3500 manibus
629 3446 725 3515 elapsa
746 3446 783 3500 ad
803 3445 865 3500 asili
884 3445 927 3499 sui
948 3445 1062 3500 recurrit
1081 3445 1181 3499 mulier
1200 3448 1255 3500 leta
1269 3463 1300 3514 35

97 3524 264 3598 presidium.
299 3526 324 3586 M
356 3529 484 3598 Cumque
512 3527 605 3581 infelix
636 3527 681 3581 ille
712 3527 867 3581 vicecomes
898 3527 945 3581 diu
976 3538 1158 3598 torqueretur,
1183 3527 1256 3583 inter

98 3619 241 3666 tormenta
261 3609 392 3664 miseram
410 3609 540 3666 emittens
556 3627 662 3678 vocem,
678 3611 805 3681 spiritum
828 3611 955 3678 exalauit‚
972 3611 1144 3681 traditusque
1164 3613 1255 3682 sepul·

98 3705 171 3754 ture,
187 3691 261 3762 cepit
281 3693 423 3748 nocturnis
444 3694 520 3748 horis
540 3693 568 3748 in
591 3693 693 3748 vicinia
718 3703 927 3748 commanentes
953 3693 1115 3763 inquietare,
1136 3711 1186 3764 per
1202 3695 1255 3748 hoc

98 3773 234 3830 nimirum
247 3775 389 3846 propriam
407 3785 435 3832 et
455 3775 515 3846 ipse
534 3773 723 3847 protestatus⁶
743 3775 982 3847 inquietudinem;
1004 3775 1091 3846 [cum]
1103 3775 1112 3805 ⁷
1126 3787 1155 3831 vt
1174 3775 1254 3831 fateri

97 3857 175 3926 licet,
201 3874 258 3912 non
286 3858 354 3927 ipse,
374 3868 416 3912 set
443 3859 545 3912 demon
573 3859 600 3912 in
626 3859 686 3914 eius
712 3859 803 3926 effigie
828 3860 918 3913 minus
944 3859 1069 3914 eruditos
1096 3858 1123 3911 in
1147 3858 1209 3928 fide,
1226 3869 1254 3914 et
1267 3879 1300 3928 40

98 3957 151 3996 eos
173 3956 258 4009 quam
280 3941 401 3996 maxime
424 3941 469 4011 qui
493 3941 633 4011 prestigiis
654 3943 794 4010 falluntur,
816 3943 971 3997 seduceret.
1015 3942 1060 3994 Ad
1083 3951 1254 4010 postremum

98 4033 198 4078 autem
217 4033 291 4077 terra
308 4025 433 4092 auulsus,
453 4025 542 4079 culleo
564 4023 671 4079 insutus
693 4035 792 4093 stagno
813 4022 1070 4093 immergitur—qui
1092 4023 1199 4077 vtinam
1217 4024 1255 4078 ad

98 4107 156 4161 hoc
169 4105 205 4161 sit
217 4106 336 4162 traditus
349 4105 377 4160 in
390 4105 513 4177 presenti
527 4107 652 4173 sathane,
666 4118 696 4161 ut
708 4106 821 4178 spiritus
833 4107 893 4162 eius
903 4107 931 4161 in
945 4106 1047 4161 iudicio
1060 4106 1154 4159 saluus
1167 4106 1214 4160 fiat
1227 4109 1233 4160 l

146 4225 156 4256 ¹
173 4226 231 4276 Tib.
244 4241 339 4276 acervo.
416 4225 425 4254 ¹
442 4227 496 4276 MS.
510 4242 567 4275 cum
579 4242 615 4291 ps.
628 4236 652 4276 et
665 4226 706 4276 let.
720 4234 913 4291 prosternuntur.
987 4225 1027 4254 Μ
1045 4225 1108 4274 This
1119 4240 1223 4289 passage
1234 4225 1256 4274 is

99 4291 162 4356 only
173 4292 249 4341 found
261 4293 286 4340 in
298 4291 352 4342 MS.
365 4291 432 4343 Trio.
444 4291 511 4342 Coll.
526 4293 628 4341 Dubliu.
712 4292 721 4320 ⁴
739 4293 795 4342 MS.
808 4291 965 4341 inbellicitas.
1042 4293 1052 4321 ⁵
1069 4291 1122 4341 MS.
1134 4291 1254 4341 ameneio.

99 4357 109 4385 ⁸
128 4357 182 4407 MS.
195 4363 341 4421 prostratus.
440 4355 450 4386 ²
467 4357 522 4409 MS.
535 4364 635 4419 tamem
653 4357 703 4408 Tit.
717 4373 782 4419 eum,
795 4357 881 4421 falsely
893 4373 956 4407 corr.
968 4364 995 4407 tn
1006 4363 1096 4407 tamen.

137 4463 205 4504 vor.
219 4463 250 4504 11.
654 4460 674 4513 Q
687 4465 705 4520 q
