3028 4894
259 299 334 396 tlt
358 297 522 389 soom
548 295 715 396 ttboma
742 296 1043 402 scoternam.
1151 303 1221 396 383

45 519 124 559 eas
139 503 307 572 destruere,
323 503 392 559 ideo
404 509 434 559 te
446 518 531 559 reum
544 499 666 575 periurii
679 501 814 570 dicimus,
822 509 854 557 et
863 499 984 574 periuro
997 499 1224 574 archiepiscopo

46 592 109 647 de
131 599 234 647 cetero
258 606 318 646 non
337 589 522 646 obediemus.
561 588 692 661 Ideoque
710 589 747 644 ad
767 587 950 661 presentiam
969 605 1047 662 pape
1067 597 1098 645 te
1121 589 1225 662 appel·

53 679 183 747 lamus,
196 695 290 751 super
302 675 359 734 hiis
371 678 606 750 responsurum.¹
645 675 683 732 Et
699 676 779 733 diem
799 684 940 732 statuunt.
977 675 1109 732 ‘Audio’
1129 677 1225 749 inquit

51 766 327 839 archiepiscopus.
401 753 524 822 Extunc
543 763 693 837 principes
711 773 741 820 et
761 766 847 836 regni
868 764 997 820 maiores
1017 765 1173 838 periurum
1194 772 1225 820 et

56 855 260 927 proditorem
278 854 514 926 archipresulem
533 851 708 909 iudicarunt.
745 851 856 908 Comes
877 868 949 908 vero
975 851 1137 908 Leicestrie
1156 861 1254 912 cums

58 941 181 998 multis
199 941 334 1014 perrexit
350 943 387 997 ad
406 956 484 1008 eum,
503 941 624 997 dicens:
645 939 786 996 ‘Mandat
807 939 860 996 tibi
881 956 937 995 rex
955 947 986 995 vt
1002 938 1106 995 venias
1125 940 1225 996 reddi·

57 1040 163 1085 turus
184 1027 330 1084 rationem
350 1044 444 1100 super
464 1027 604 1098 obiectis;
626 1026 756 1100 alioquin
773 1027 842 1083 audi
861 1025 1002 1083 iudicium
1020 1030 1121 1084 tuum!
1159 1027 1225 1083 ‘lu-

60 1116 205 1186 dicium,’
218 1116 313 1190 inquit
330 1115 582 1189 archiepiscopus,
596 1124 626 1171 et
640 1114 771 1171 surrexit
784 1114 888 1171 dicens
901 1134 907 1170 :
921 1117 929 1144 ⁴
941 1113 1045 1184 Immo,
1059 1115 1102 1171 fili
1114 1132 1225 1184 comes,

61 1215 103 1261 et
124 1213 159 1260 tu
177 1203 261 1276 prius
279 1205 357 1260 audi.
396 1203 463 1260 Non
482 1212 512 1260 te
531 1204 610 1272 latet,
623 1203 674 1271 fili,
687 1219 777 1276 quam
795 1202 893 1258 fidelis
909 1201 1016 1259 fuerim
1035 1203 1120 1276 regi:
1142 1203 1226 1260 cuius

64 1292 120 1348 rei
147 1292 243 1364 gratia
265 1307 314 1347 me
339 1291 370 1346 in
394 1291 652 1364 archiepiscopum
671 1290 829 1363 promouit,
852 1291 928 1347 deus
946 1291 1002 1347 scit
1024 1308 1073 1348 me
1096 1292 1226 1349 nolente.
1242 1303 1272 1340 ¹⁰

67 1380 159 1436 Nota
176 1379 256 1436 enim
274 1379 328 1435 suit
344 1378 417 1435 mihi
435 1379 594 1435 infirmitas
611 1396 686 1446 mea,
700 1387 729 1435 et
742 1379 838 1451 magis
850 1395 906 1451 pro
918 1396 983 1448 suo,
996 1397 1086 1452 quam
1099 1397 1156 1453 pro
1168 1379 1226 1448 dei,

66 1484 182 1524 amore
194 1465 435 1540 acquieui—ideo
448 1468 525 1523 deus
537 1477 567 1522 ct
581 1484 615 1522 se
631 1466 704 1522 mihi
717 1466 873 1534 subtrahit,
886 1475 916 1522 et
929 1467 1028 1538 ipsum
1042 1484 1153 1540 regem.
1193 1467 1227 1524 ln

68 1553 225 1612 electione
243 1571 362 1627 quoque
383 1571 451 1610 mea
470 1555 597 1611 liberum
619 1571 669 1610 me
691 1553 760 1611 fecit
779 1563 809 1611 et
830 1555 962 1626 quietum
984 1555 1023 1610 ab
1042 1555 1125 1610 omni
1147 1572 1227 1611 nexu

69 1642 198 1698 curiali:
225 1659 281 1699 nec
300 1658 393 1715 super
406 1641 453 1698 his
470 1659 488 1698 a
503 1641 611 1714 quibus
629 1659 696 1698 sum
717 1641 868 1712 liberatus,
887 1650 1000 1710 teneor,
1019 1658 1075 1698 nec
1092 1643 1168 1710 volo,
1182 1659 1228 1699 re-

71 1731 240 1802 spondere.
277 1729 396 1799 Quanto
409 1729 489 1785 enim
503 1728 621 1801 dignior
632 1737 678 1785 est
690 1729 791 1786 anima
803 1746 892 1802 quam
906 1746 1023 1801 corpus,
1036 1738 1119 1785 tanto
1132 1730 1228 1802 magis
1245 1743 1273 1794 15

72 1819 138 1874 deo
157 1827 187 1872 et
205 1815 278 1873 mihi
297 1815 409 1873 teneris
428 1817 551 1874 obedire
569 1833 659 1890 quam
678 1825 800 1873 terreno
819 1817 890 1889 regi.
929 1817 992 1874 Nec
1012 1817 1061 1873 lex
1082 1835 1136 1875 nec
1154 1820 1229 1876 ratio

74 1905 226 1978 permittit
245 1911 276 1960 vt
295 1903 348 1960 filii
369 1912 485 1978 patrem
504 1903 636 1960 iudicent
656 1913 707 1961 aut
724 1906 956 1978 condempnent.
993 1905 1081 1962 Vnde
1100 1906 1181 1978 regis
1198 1916 1230 1964 et

74 1993 205 2050 aliorum
228 1991 346 2047 declino
364 1991 509 2061 iuditium,
530 1993 588 2048 sub
607 1994 664 2049 deo
684 1993 750 2049 solo
771 2010 789 2048 a
809 1992 931 2048 domino
950 2010 1028 2066 papa
1046 1993 1229 2066 iudicandus,

75 2080 166 2138 cuius
184 2079 367 2152 presentiam
386 2079 523 2152 appello;
543 2088 573 2135 ct
588 2079 689 2136 omnia
708 2098 776 2137 mea
792 2082 848 2137 sub
865 2081 915 2137 dei
932 2083 1115 2153 protectione
1128 2090 1159 2139 et
1175 2099 1238 2152 sua¹

75 2185 172 2242 pono,
190 2174 221 2223 et
239 2165 304 2223 eius
321 2166 495 2223 auctoritate
514 2167 646 2223 munitus
663 2165 732 2223 hinc
745 2169 871 2224 recedo?
941 2156 1117 2226 Abeuntem
1130 2179 1229 2226 autem
1246 2183 1277 2219 20

76 2254 344 2330 prosequebantur
360 2253 488 2310 curiales
506 2253 553 2310 et¹
571 2254 758 2312 contumeliis
773 2263 804 2311 et
816 2254 932 2312 iniuriis
948 2257 1118 2313 lacessitum
1128 2258 1146 2326 ²,
1160 2275 1231 2330 pro·

76 2343 210 2400 ditorem
221 2351 252 2398 et
260 2342 412 2415 periurum
423 2342 631 2398 acclamantes.
663 2335 800 2398 Occurrit
810 2343 837 2400 ei
845 2341 1002 2400 multitudo
1015 2346 1145 2402 maxima
1158 2362 1232 2418 pau·

77 2447 191 2505 perum
204 2439 234 2486 et
246 2429 433 2486 infirmorum
451 2429 674 2486 acclamantium
692 2439 722 2486 et
734 2430 915 2488 dicentium:
936 2431 1134 2488 ‘Benedictus
1147 2435 1231 2502 deus,

78 2519 133 2593 qui
158 2517 267 2590 en'puit
291 2534 413 2574 seruum
438 2534 526 2573 suurn
550 2535 569 2574 a
592 2516 668 2574 sacie
692 2516 880 2574 inimicorum
904 2521 1045 2576 suorum!
1082 2520 1193 2593 Sicque
1213 2537 1231 2576 a

79 2607 172 2664 turba
185 2615 215 2662 et
228 2606 307 2662 clero
320 2604 492 2678 perducitur
504 2606 542 2661 ad
558 2605 774 2662 monasterium
791 2605 886 2662 sancti
904 2606 1036 2664 Andree.
1075 2607 1113 2664 Et
1132 2608 1172 2664 ait
1187 2610 1234 2665 vir
1248 2621 1277 2671 ²5

80 2693 133 2752 dei
152 2693 347 2766 sequentibus
366 2709 417 2750 se:
438 2692 551 2762 ‘Quam
571 2693 699 2766 gloriosa
717 2693 870 2766 processio
890 2711 945 2750 nos
966 2694 1103 2752 conducit
1122 2714 1140 2752 a
1158 2696 1233 2753 facie

81 2780 272 2840 tribulantis!
292 2780 386 2837 Sinite
403 2797 553 2853 pauperes
565 2797 672 2836 omncs
686 2780 813 2851 intrare,’
826 2781 928 2855 inquit,
942 2785 987 2838 ‘vt
1001 2784 1032 2838 in
1045 2783 1167 2839 domino
1181 2786 1235 2841 adi

82 2869 215 2928 inuicem
236 2868 425 2941 epulemur’:
452 2877 482 2924 et
504 2867 626 2940 implete
648 2877 717 2925 sunt
741 2869 848 2924 domus
872 2877 902 2926 et
926 2869 1021 2926 atria⁸
1044 2869 1234 2929 discumben-

82 2959 166 3014 tium.
222 2955 316 3012 Nocte
340 2972 413 3012 vero
437 2954 487 3011 illa
508 2973 608 3011 coram
634 2955 725 3012 altare
750 2973 818 3012 cum
837 2957 946 3028 paucis,
965 2967 1082 3030 septem
1101 2959 1235 3030 psalmos

86 3062 155 3102 cum
175 3043 285 3100 letania
304 3042 416 3112 cecinit,
430 3045 467 3099 ad
484 3043 668 3115 singulorum
684 3052 855 3100 sanctorum
875 3043 997 3100 nomina
1015 3044 1147 3118 singulas
1166 3047 1235 3103 fecit
1248 3062 1280 3112 30

86 3131 330 3206 genuflectiones.
369 3131 486 3187 Deinde
508 3147 566 3204 per
586 3133 733 3203 posticum
759 3141 874 3187 secrete
899 3131 1013 3202 exiens,
1035 3149 1141 3206 parum
1166 3144 1235 3192 ante

87 3219 268 3294 gallicinium
287 3219 501 3276 clandestinam
520 3217 583 3274 iniit
598 3218 707 3290 sugam.
782 3205 864 3275 Ecce
883 3218 1024 3290 fugitiuus
1043 3220 1091 3276 ille
1111 3221 1236 3280 heritius

88 3311 127 3364 de
143 3326 202 3381 quo
220 3306 362 3364 diaconus
379 3307 501 3380 quidam
513 3306 586 3362 vidit
604 3307 634 3361 in
647 3306 772 3363 visione.
811 3306 887 3362 Nam
901 3323 972 3380 rege
985 3307 1154 3381 Anglorum
1168 3327 1236 3368 cum

88 3395 237 3454 vniuersis
249 3395 397 3451 nobilibus
409 3403 439 3451 et
452 3393 576 3467 prelatis
588 3403 717 3450 venante
731 3394 761 3449 in
774 3394 839 3450 loco
852 3394 903 3467 qui
915 3395 1022 3451 dicitur
1033 3395 1208 3470 Wanberge
1216 3399 1235 3469 ⁴,

90 3482 181 3540 exiliit
200 3481 323 3539 beritius
339 3484 378 3538 de
399 3481 498 3538 medio
516 3481 660 3554 ipsorum,
679 3490 821 3555 tanquam
840 3483 969 3539 tumultu
987 3483 1161 3541 venantium
1183 3503 1236 3543 ex·
1250 3496 1281 3550 35

90 3572 203 3628 citatus,
240 3569 338 3640 Quem
357 3569 454 3626 cuncti
473 3568 610 3626 videntes
622 3569 735 3641 agitare
754 3569 933 3626 clamoribus
948 3579 978 3627 et
996 3569 1236 3630 insultationibus

91 3666 241 3731 ceperunt.
281 3657 350 3730 lpse
368 3675 429 3712 non
445 3657 475 3713 in
491 3657 636 3714 directum
650 3657 705 3713 sed
717 3674 774 3728 per
787 3657 937 3714 flexuosas
953 3658 1052 3726 calles,
1066 3669 1190 3732 portans
1205 3661 1236 3718 in

91 3749 179 3803 dorso
192 3763 247 3802 suo
260 3745 368 3801 librum
381 3744 560 3801 intitulatum
571 3744 680 3801 ‘Actus
691 3745 914 3816 apostolorum‚'
922 3747 959 3801 ad
972 3763 1056 3803 mare
1069 3746 1236 3804 festinabat.

93 3835 188 3892 Nemo
209 3842 308 3890 autem
330 3849 433 3890 eorum
454 3832 504 3905 qui
529 3834 732 3906 sequebantur
757 3841 821 3888 erat
841 3832 908 3890 sine
929 3833 1001 3890 vitio
1025 3834 1159 3907 corporis
1181 3838 1236 3903 sui,

92 3923 146 3980 sed
164 3931 214 3978 aut
232 3939 321 3978 cecus
335 3931 386 3978 aut
404 3921 506 3978 luscus
524 3930 576 3977 aut
593 3921 716 3978 claudus
735 3929 784 3976 aut
803 3920 890 3977 labiis
908 3921 1061 3978 mutilatus
1076 3931 1126 3978 aut
1143 3923 1237 3980 nas0⁸
1250 3937 1283 3986 4ο

92 4011 255 4068 videbatur.
292 4009 428 4066 Tandem
441 4025 509 4066 cum
527 4008 652 4065 hen'tius
664 4009 797 4066 venisset
814 4009 851 4064 ad
865 4025 956 4078 mare,
970 4009 1050 4066 misit
1064 4027 1098 4066 se
1110 4011 1141 4065 in
1155 4010 1236 4080 illud,

93 4107 123 4156 et
145 4096 268 4154 vlterius
298 4114 358 4153 non
387 4097 559 4169 comparuit.
608 4096 695 4167 Quod
719 4096 857 4154 videntes
881 4096 932 4169 qui
963 4114 1032 4154 eum
1064 4099 1237 4170 persequuti

95 4184 385 4260 [fuerant,reucrsi]⁸
398 4194 477 4242 sunt.
516 4183 553 4241 Et
571 4201 642 4242 ecce
661 4186 782 4242 suborta
801 4192 848 4242 est
866 4185 976 4241 nebula
993 4186 1089 4242 densa
1106 4195 1137 4242 et
1154 4194 1237 4244 tene·

127 4317 321 4380 ¹Q.etinuidi.
387 4315 607 4379 'soQ.,a1.om.
672 4315 729 4369 ¹1¹3.
741 4318 814 4367 atrie.
882 4315 1239 4383 ‘Q.inluco..Wabcrge.

94 4383 148 4435 ¹1.
159 4392 202 4434 aut
213 4384 280 4434 aimo
291 4399 315 4436 v.
330 4397 408 4446 naso;
424 4383 454 4433 T.
466 4392 511 4434 aut
522 4398 587 4434 naso
597 4399 622 4437 v.
687 4381 814 4433 ‘fuerant
825 4383 925 4433 reuersi
937 4397 987 4434 om.
999 4383 1067 4436 iuli.
1222 4391 1238 4402 ''
