3012 4898
278 295 350 366 304
588 274 721 361 mma
745 270 936 376 [tamus
962 272 1113 378 unnim
1293 293 1440 360 [uer-r.

275 475 369 524 mentis
380 475 473 537 quibus
484 474 583 525 animas
594 476 727 526 excoriare
739 475 781 526 uel
793 475 922 526 decollare
933 475 976 526 uel
988 477 1088 527 findere
1100 476 1142 526 uei
1154 484 1275 528 tnrncare
1289 479 1440 542 (poterant,

276 554 302 602 in
320 555 405 603 medio
422 555 577 603 flammarum
595 559 715 615 stantes),
727 563 753 605 et
771 556 830 616 (sub
841 555 970 618 ma)nibus
982 571 1071 605 eorum
1082 556 1271 606 multitudinem
1288 559 1440 608 animarum

276 633 323 680 bec
335 632 421 680 omnia
438 633 632 683 sustinencium.
667 633 744 694 Quod
756 636 848 683 uidens
865 634 1005 692 Tundalus,
1018 635 1083 684 dixit
1094 635 1127 684 ad
1139 635 1275 696 angelum:
1293 639 1301 661 ⁴
1313 636 1440 686 Obsecro

275 711 388 770 domine,
405 711 427 759 si
444 711 536 773 placet,
554 712 654 760 abhoc
671 713 727 762 solo
748 713 813 776 (mle
828 712 908 762 libera
924 714 1059 776 supplicio,
1075 721 1102 762 et
1121 713 1285 774 ceterisque
1304 724 1369 775 post
1387 715 1440 764 hee

247 796 410 850 succurrent
433 805 474 838 me
496 791 587 851 tradi)
607 789 740 840 concedo.'
774 792 822 841 Cui
845 791 968 853 angelus:
991 792 1067 842 ‘Hoc
1088 793 1149 856 (est)
1172 792 1252 842 maius
1275 793 1438 856 supplicium

277 867 395 917 omnibus
417 883 469 930 que
492 869 617 918 hactenus
640 869 735 928 uidisti,
752 877 793 919 set
810 871 894 920 adhuc
918 870 1016 920 uidebis
1039 886 1116 920 unum
1138 871 1226 920 maius
1264 871 1341 919 Intra
1366 872 1439 920 istud

275 946 434 1010 supplicium,
453 947 513 1008 quis
524 962 601 998 canes
613 948 710 1010 rspidi¹
722 955 748 998 te
763 947 918 1012 expectant!
958 949 1090 999 Tundalus
1106 957 1192 998 autern
1210 956 1329 998 tremens
1347 959 1377 998 et
1389 966 1440 1012 pre

275 1025 393 1086 mustis
416 1024 549 1084 deficiens,
572 1027 679 1088 rogabat
701 1042 734 1075 ne
757 1028 873 1088 intraret,
893 1034 934 1076 set
956 1043 1007 1076 non
1029 1026 1145 1090 proiecit.
1189 1027 1327 1076 Demones
1346 1037 1438 1077 autem

274 1103 394 1154 uidentes
422 1119 478 1152 eam
507 1103 557 1153 sibi
585 1119 743 1164 concessam,
770 1121 827 1154 eam
852 1105 1076 1155 circumdederunt
1101 1113 1127 1154 et
1153 1106 1254 1167 magnis
1280 1107 1439 1168 (conuileiis

233 1189 263 1226 ¹⁰
275 1182 468 1245 exprobrantes,
486 1197 543 1231 cum
561 1183 716 1244 supradictis
731 1183 908 1232 instrumentis
925 1184 951 1232 in
969 1183 1049 1234 busta
1065 1185 1265 1246 discerpsenrnt
1303 1184 1439 1233 Dominus

275 1261 352 1310 buius
367 1262 459 1310 domus
473 1260 607 1310 dicebatur
624 1261 803 1313 Phistrinus²t
821 1263 846 1310 in
868 1277 918 1324 qua
936 1270 991 1312 erat
1009 1265 1118 1325 gemitus
1136 1270 1162 1312 et
1177 1263 1295 1322 tristicia,
1315 1264 1396 1312 fletus
1409 1277 1438 1316 et

274 1339 370 1388 stridor
392 1339 519 1397 dencium,
538 1338 624 1388 lentus
642 1340 710 1402 ignis
729 1341 900 1400 extrinsecus,
921 1348 948 1390 et
967 1341 1121 1390 intrinsecus
1140 1349 1240 1390 uastrmr
1263 1341 1440 1400 incendium

274 1418 382 1468 auiditas
394 1418 442 1466 cibi
454 1417 615 1481 inexplebilis
626 1417 661 1467 rbi
672 1425 735 1474 erat,
747 1434 796 1468 nec
811 1419 900 1468 saciari
913 1425 1015 1481 poterat
1026 1419 1146 1468 nimietas
1158 1420 1227 1482 gule,
1245 1421 1368 1468 uerenda
1380 1422 1438 1470 lou

274 1496 407 1546 doloribus
418 1497 595 1546 cnrciabantur
605 1496 781 1559 permaximis,
792 1497 913 1560 pudenda
924 1498 980 1560 ipsa
994 1498 1130 1560 putredine
1142 1505 1264 1560 corrupta
1274 1499 1438 1548 uidebantur

234 1584 262 1634 15
276 1574 400 1623 scaturire
417 1575 554 1634 uermibus,
572 1581 598 1623 et
615 1575 641 1624 in
659 1575 714 1636 ipsa
732 1576 845 1624 uerenda
863 1576 975 1624 uirorum
992 1591 1022 1625 ac
1034 1576 1167 1625 mulierum
1186 1592 1239 1626 non
1255 1578 1347 1626 solum
1364 1594 1437 1627 secu·

275 1653 374 1712 larium,
387 1660 426 1702 set
438 1653 519 1703 eciam
531 1653 708 1714 religiosorum
720 1653 777 1703 dire
784 1655 893 1717 quedam
905 1655 1034 1703 intrabant
1045 1654 1135 1704 bestie.
1170 1653 1208 1703 lbi
1220 1656 1310 1705 enims
1322 1657 1436 1706 Tundali

276 1747 305 1781 se
316 1732 383 1780 iuste
401 1732 454 1793 pati
469 1731 529 1780 talia
544 1731 676 1782 fatebatur.
711 1731 758 1782 Set
775 1734 878 1794 quando
895 1734 946 1782 deo
963 1732 1066 1796 placuit,
1078 1733 1199 1782 nesciens
1216 1749 1268 1796 quo
1287 1736 1394 1794 ordine,
1405 1751 1436 1784 se

275 1817 349 1860 extra
359 1817 488 1860 tormenta
500 1825 559 1860 esse
570 1811 699 1872 cognouit.
735 1809 849 1860 Sedebat
863 1819 949 1860 autem
967 1812 993 1859 in
1005 1811 1119 1860 tenebris
1136 1819 1163 1860 et
1180 1813 1208 1860 in
1226 1813 1319 1862 umbra
1330 1815 1435 1872 mortis

276 1894 303 1938 et
322 1889 415 1938 uidens
431 1889 551 1951 angelum
568 1903 652 1947 suurn,
671 1889 750 1938 dixit:
769 1889 856 1948 ‘Hem
874 1889 980 1939 domine
998 1891 1042 1948 mi,
1060 1889 1102 1938 ubi
1122 1891 1250 1952 estquod
1267 1893 1435 1942 audiuimus:

232 1977 263 2014 to
276 1971 292 1996 ‘⁴
303 1966 477 2017 misericordia
489 1967 586 2017 domini
598 1966 676 2030 plena
687 1974 726 2016 ast
737 1970 825 2018 terrai
835 1965 866 1990 ”’
900 1967 1047 2030 Respondit
1058 1969 1180 2030 angelus:
1199 1974 1206 1998 ⁴
1219 1969 1278 2020 Hec
1296 1971 1436 2020 sentencia

276 2046 371 2096 multos
394 2047 512 2108 decepit:
539 2046 611 2095 Deus
631 2046 709 2104 enim,
729 2045 789 2096 licet
808 2047 842 2095 sit
864 2045 1020 2106 misericors,
1043 2054 1083 2096 est
1104 2054 1191 2096 tamen
1214 2048 1309 2098 iustus.
1353 2049 1436 2098 iluna

275 2123 397 2184 uindicat,
409 2130 451 2173 set
462 2124 534 2186 plura
545 2125 682 2174 condonet.
715 2122 756 2172 Tu
768 2124 834 2173 iuste
846 2139 937 2187 passus
952 2139 989 2186 es,
1007 2131 1048 2174 set
1063 2132 1124 2174 tunc
1138 2127 1233 2187 gratias
1248 2141 1315 2188 ages
1327 2129 1436 2189 quando

276 2202 375 2252 uidebis
387 2218 437 2264 que
449 2209 575 2252 tormenta
584 2218 631 2264 per
642 2200 843 2252 misericordiam
850 2203 893 2251 dei
906 2203 1020 2252 euaristi.
1054 2203 1082 2253 Si
1095 2204 1160 2252 deus
1171 2213 1265 2254 cuncta
1276 2205 1435 2264 dimitteret,

276 2296 322 2330 cur
332 2281 410 2330 homo
422 2281 504 2330 iustus
516 2283 602 2330 esseti
620 2279 685 2330 Etsi
697 2281 822 2343 supplicia
834 2296 886 2329 non
898 2281 1100 2342 pertimesceret,
1112 2297 1193 2344 quare
1204 2298 1317 2344 peccare
1329 2285 1435 2332 timeret

232 2367 261 2418 25
276 2359 345 2408 uela
356 2359 530 2422 uoluptatibus
541 2359 594 2408 suis
605 2373 635 2408 se
645 2362 791 2408 auerterett
826 2357 858 2406 Et
873 2360 933 2420 quid
945 2374 1011 2421 opus
1021 2368 1090 2409 esset
1104 2368 1132 2409 ut
1143 2360 1258 2410 confessi
1270 2363 1433 2423 peniterent,

275 2437 298 2486 si
312 2436 388 2486 deum
408 2453 460 2486 non
475 2437 614 2486 timerent?
652 2436 835 2485 peccatoribus
853 2437 880 2486 in
898 2452 1007 2500 corpore
1026 2436 1198 2500 penitenciam
1217 2453 1271 2488 non
1292 2440 1435 2501 agentibus

276 2515 499 2564 misericorditera
511 2515 561 2564 deo
570 2514 689 2577 parcitur,
701 2521 742 2563 set
754 2521 839 2564 tamen
852 2530 899 2577 pro
911 2515 965 2564 suis
975 2515 1073 2565 meritis
1086 2524 1144 2578 post
1156 2523 1266 2566 mortem
1278 2519 1433 2580 punientur.

276 2592 353 2643 iustis
370 2609 472 2655 quoque
488 2609 535 2656 pro
549 2594 603 2642 suis
620 2593 770 2642 excessibus
786 2593 928 2655 temporale
941 2595 1078 2644 comodum
1096 2595 1124 2642 in
1142 2608 1252 2656 corpore
1273 2597 1436 2658 degentibus

276 2671 342 2721 iuste
361 2671 466 2732 tollitur,
484 2678 525 2721 set
540 2671 607 2721 bona
623 2671 663 2720 eis
679 2671 736 2720 sine
753 2671 805 2720 fine
822 2686 942 2720 mansura
959 2679 1132 2722 rasemantur.
1169 2671 1250 2722 liulta
1267 2675 1338 2724 mala
1352 2691 1436 2738 opera

230 2759 263 2808 3ο
275 2751 405 2799 condonat
422 2750 496 2810 deus,
513 2750 610 2799 nullum
628 2758 713 2800 tamen
732 2765 797 2812 opus
814 2750 908 2799 bouum
926 2750 958 2799 ab
977 2767 1010 2800 eo
1028 2751 1242 2800 irremuneratum
1264 2753 1435 2816 relinquitur.

277 2827 360 2877 Nemo
378 2829 442 2877 liber
460 2837 501 2878 est
517 2844 533 2877 a
551 2837 666 2891 peccato,
684 2843 733 2878 nec
753 2827 838 2876 inians
858 2829 934 2878 unius
954 2829 1033 2889 bore;
1057 2829 1128 2878 multi
1148 2837 1235 2879 tamen
1253 2829 1404 2882 liberantur
1420 2851 1437 2885 a

275 2920 350 2968 pena,
362 2915 391 2956 ut
402 2922 448 2956 eos
460 2922 512 2956 non
524 2913 612 2968 tangat
623 2907 712 2955 rrmbra
724 2907 822 2956 mortis.
848 2907 910 2956 ldeo
919 2913 1005 2956 autem
1013 2908 1123 2970 iustiqui
1133 2923 1214 2970 penas
1225 2923 1279 2956 non
1291 2911 1437 2971 paciuntur

275 2991 468 3047 postmortem,
486 2986 518 3034 ad
537 2985 676 3034 uidendum
692 2991 779 3034 tamen
797 2984 854 3034 illas
869 2985 1003 3045 ducuntur,
1021 2993 1048 3034 ut
1068 2987 1131 3036 uisis
1148 2989 1285 3036 tormentis
1303 3003 1320 3036 a
1338 2990 1436 3050 quibus

275 3078 324 3126 per
340 3063 383 3112 dei
403 3064 513 3125 graciam
534 3063 681 3122 liberantur,
702 3065 783 3124 magis
803 3062 967 3114 inardescant
984 3064 1010 3112 in
1031 3079 1145 3114 amorem
1165 3065 1206 3114 dei
1230 3073 1257 3113 et
1280 3066 1307 3114 in
1328 3067 1434 3119 laudem

231 3150 262 3202 35
275 3141 398 3191 creatoris
413 3142 460 3190 sui.
495 3141 567 3190 Sicut
584 3141 729 3190 econtrario
740 3142 825 3190 anime
842 3142 940 3190 eternis
960 3142 1093 3204 suppliciis
1112 3144 1199 3204 digne,
1212 3144 1284 3205 pn'us
1300 3144 1436 3196 ducuntur

274 3220 307 3270 ad
323 3227 470 3269 sanctorum
487 3220 599 3282 glor-iam,
613 3226 641 3269 ut
658 3220 720 3269 uisis
737 3219 842 3283 premiis
859 3235 909 3282 que
926 3228 1021 3282 sponte
1038 3221 1218 3280 deseruerunt,
1236 3221 1319 3283 magis
1338 3233 1435 3286 postea

274 3298 386 3349 doleant
432 3299 535 3348 Nullum
556 3299 625 3348 enim
643 3307 695 3348 tam
713 3314 792 3360 graue
812 3299 965 3361 supplicium
983 3307 1024 3348 est
1043 3315 1119 3360 quam
1137 3315 1154 3348 a
1172 3300 1214 3348 dei
1232 3305 1258 3348 et
1278 3309 1435 3352 anctorum

275 3377 356 3438 gloria
381 3377 425 3426 et³
448 3377 583 3426 consorcio
608 3377 771 3438 sequestrari.
815 3375 877 3425 Ideo
899 3377 943 3426 ille
965 3377 1094 3439 presbiter
1116 3393 1192 3439 quem
1215 3379 1298 3440 primo
1321 3389 1435 3440 pontem

274 3469 366 3505 secure
385 3457 495 3506 transire
518 3456 613 3514 uidisti,
633 3457 725 3504 ductus
745 3461 785 3504 est
805 3457 838 3504 ad
860 3454 1021 3518 supplicium,
1041 3462 1070 3504 ut
1090 3455 1153 3504 uisis
1173 3457 1247 3519 penis
1264 3457 1434 3523 ard(encius)

230 3543 263 3595 4ο
275 3533 361 3583 laudet
374 3535 443 3582 illurn
456 3535 499 3598 qui
511 3535 614 3583 uocauit
625 3549 684 3583 eum
699 3534 732 3583 ad
746 3534 853 3596 gloriam
868 3548 947 3584 suam.
985 3533 1052 3582 Nam
1065 3533 1150 3583 fidelis
1166 3549 1257 3583 semus
1273 3543 1300 3584 et
1311 3538 1435 3597 prudeus

276 3613 397 3662 inuentus
413 3621 462 3676 est,
476 3619 502 3662 et
518 3614 577 3662 ideo
591 3613 699 3674 accipiet
710 3628 830 3661 coronam
847 3615 908 3672 uite,
921 3627 997 3675 quam
1013 3613 1159 3676 repromisit
1176 3613 1240 3662 deus
1257 3613 1433 3674 diligentibus

274 3705 312 3741 se.
347 3691 394 3740 Set
405 3692 526 3754 quoniam
539 3693 653 3740 nondum
666 3691 752 3740 omnia
763 3691 830 3740 mala
840 3691 936 3748 uidisti,
948 3692 1134 3753 properemus!
1171 3676 1339 3740 Procedente
1353 3696 1436 3756 igitur

275 3769 378 3831 angelo,
390 3769 454 3818 uidit
464 3769 596 3818 Tundalus
606 3770 713 3817 bestiam
726 3769 818 3818 ceteris
836 3784 900 3830 quas
912 3775 973 3817 ante
984 3769 1083 3818 uiderat
1099 3767 1176 3830 longe
1187 3769 1351 3830 dissimilem,
1364 3774 1434 3823 duos

275 3848 357 3910 pedes
374 3856 401 3897 et
417 3849 481 3897 duas
498 3847 551 3896 alas
570 3847 713 3908 habentem,
733 3846 826 3895 collum
843 3846 1019 3908 longissimum
1036 3853 1063 3895 et
1079 3853 1190 3895 rostnrm
1206 3846 1319 3896 sensum
1338 3857 1368 3898 et
1387 3867 1434 3900 un·

229 3941 261 3991 45
275 3926 348 3990 gulas
375 3927 485 3981 ferreas:
515 3927 548 3974 de
571 3925 643 3975 cuius
666 3941 712 3973 ore
734 3925 835 3974 ssmma
858 3924 1061 3986 inextinguibilis
1083 3925 1271 3976 eructuabatur.
1315 3926 1434 3979 Sedebat

275 4013 361 4055 sutem
379 4006 428 4054 hec
444 4003 527 4052 bestia
544 4019 622 4066 super
639 4011 757 4064 stagnum
773 4003 854 4064 glacie
872 4002 1042 4064 condensum,
1058 4009 1084 4052 et
1101 4003 1241 4052 denotabat
1257 4005 1369 4068 animas,
1382 4023 1432 4069 que

275 4083 302 4132 in
320 4091 411 4133 uentre
429 4084 485 4131 eius
502 4097 549 4144 per
566 4082 690 4145 supplicia
707 4081 891 4142 redigebantur
907 4081 939 4130 ad
956 4082 1087 4140 nichilum,
1100 4088 1126 4130 et
1144 4083 1235 4130 iterum
1253 4082 1373 4144 pariebat
1387 4101 1432 4135 ess

276 4162 302 4210 in
324 4169 444 4224 stagnum
467 4160 549 4223 glacie
571 4161 740 4222 congelatum,
763 4159 849 4221 ibique
874 4159 1064 4210 renouabantur
1086 4159 1178 4208 iterum
1200 4159 1234 4208 ad
1262 4167 1431 4213 tormentum.

325 4347 385 4400 ¹al.
397 4347 486 4399 rabidi.
659 4347 884 4400 ¹a1.Phristinus.
1060 4347 1170 4412 ’gloria
1181 4356 1209 4398 et
1220 4363 1272 4399 om.
1284 4349 1383 4402 inVB.
