3036 4878
102 314 170 366 us.
184 313 261 366 nn
276 316 304 367 Β.
319 329 340 365 2-
354 313 389 380 a]
422 295 663 386 desudatio
689 295 749 385 ἦ.
769 295 968 393 euthico.
1197 318 1266 395 725

103 500 212 571 itaque
232 499 395 555 monasterii
415 517 465 571 pro
484 517 517 556 eo
533 500 668 556 instanter
686 511 713 556 et
731 501 833 558 deuote
851 502 1004 570 orantibus,
1023 499 1130 556 meritis
1148 500 1266 570 piissimi

102 584 282 639 confessoris
297 583 385 638 oculis
397 585 457 639 eius
469 583 547 638 uisus
562 585 685 654 pleniore
697 586 758 641 luce
770 585 933 640 refunditur.
972 587 1091 656 Ipseque
1104 585 1140 638 ad
1153 601 1266 638 monas·

104 667 215 722 terium
228 685 309 723 suum
322 685 385 723 cum
398 669 486 722 multa
499 668 667 724 exultatione
676 677 704 724 et
716 669 872 738 graciarum
885 669 995 724 actione
1008 669 1170 738 regreditur.

113 797 182 922 IN
206 798 273 852 villa
290 814 345 869 que
366 796 468 852 dicitur
488 799 574 866 Caua,
591 797 714 869 plebeius
733 797 849 869 quidam
868 799 952 853 homo
970 799 1006 854 de
1026 817 1075 855 sue
1093 799 1264 870 paupertatis

170 881 294 937 exilitate
305 881 353 936 diu
365 881 519 936 nutriuerat
532 891 560 937 et
573 881 794 953 impinguauerat
805 898 931 951 porcum,
940 893 970 936 ut
982 882 1074 952 ipsum
1085 883 1218 938 uenderet
1231 901 1264 937 ac
1278 885 1292 946 5

105 965 147 1021 de
168 965 264 1035 precio
285 965 346 1020 eius
368 982 435 1020 suas
457 965 632 1036 indigencias
654 965 795 1021 releuaret.
842 965 979 1021 Eiusdem
1001 975 1095 1021 autem
1116 966 1181 1020 uille
1201 984 1264 1036 pre·

105 1050 231 1120 positus,
250 1049 336 1103 homo
356 1049 483 1120 improbe
508 1059 536 1102 et
554 1066 685 1119 peruerse
707 1049 817 1116 mentis,
836 1047 865 1103 in
883 1066 998 1119 porcum
1017 1049 1148 1119 pauperis
1168 1050 1264 1103 oculos

106 1133 275 1202 cupiditatis
288 1130 392 1200 iniecit,
406 1133 463 1187 suis
475 1150 540 1187 eum
553 1133 650 1188 uolens
667 1133 763 1187 usibus
776 1132 903 1187 delicatis
916 1142 944 1188 et
956 1132 1100 1203 superfluis
1113 1132 1262 1202 applicare,

106 1233 198 1288 quem
220 1233 326 1287 pauper
346 1216 405 1272 suis
426 1215 641 1272 necessitatibus
665 1217 822 1286 deputarat.
866 1217 985 1272 Porcum
1009 1215 1094 1286 igitur
1117 1227 1201 1270 noctu
1226 1217 1262 1270 de

106 1301 209 1356 casula
228 1319 279 1356 sua
297 1299 483 1356 clamdestina
501 1300 674 1371 surreptione
692 1299 834 1364 adduxit¹,
851 1300 999 1372 ipsumque
1016 1300 1087 1355 inter
1105 1301 1176 1355 duos
1192 1299 1260 1354 emi·
1277 1314 1307 1350 ro

107 1395 213 1439 nentes
238 1395 366 1454 segetum
391 1385 526 1452 cumulos,
548 1400 620 1454 quos
644 1385 795 1454 uulgariter
819 1385 938 1440 ‘melas’
968 1386 1120 1456 appellant,
1144 1384 1262 1440 latenter

106 1467 268 1523 abscondit.
306 1467 362 1522 Die
381 1467 505 1522 crastina
526 1484 634 1537 pauper
653 1468 691 1522 de
710 1468 754 1523 sui
772 1468 849 1539 porci
867 1467 1019 1524 amissione
1038 1467 1179 1535 sollicitus,
1199 1485 1261 1538 pre-

105 1551 241 1622 positum,
251 1568 335 1622 quem
345 1569 395 1622 pre
403 1551 533 1605 omnibus
543 1559 703 1620 suspectum
711 1551 842 1618 habebat,
850 1552 938 1607 adiit:
957 1569 1094 1624 suumque
1106 1553 1260 1622 dampnum

105 1635 320 1690 lacrimabiliter
337 1650 490 1705 exponens,
503 1643 530 1688 et
548 1633 769 1688 misericordiam
787 1644 893 1704 petens,
910 1635 996 1689 nichil
1012 1637 1049 1690 ab
1066 1652 1101 1690 eo
1119 1635 1173 1690 nisi
1192 1651 1259 1690 con·

106 1719 241 1774 tumelias
254 1717 413 1789 reportauit.
450 1716 583 1770 Decreuit
592 1716 687 1787 itaque
695 1718 779 1772 homo
787 1717 833 1772 ille
845 1718 882 1772 ad
895 1718 970 1772 beati
983 1719 1114 1774 Guthlaci
1127 1719 1258 1788 suffragia
1274 1737 1302 1787 ¹5

106 1803 270 1871 conuolare,
295 1819 378 1872 quem
401 1801 488 1855 multa
510 1799 660 1855 deuotione
681 1801 794 1856 amabat
819 1801 966 1872 ipsumque
987 1801 1132 1856 annuatim
1157 1801 1257 1857 uotiuis

108 1885 273 1941 muneribus
285 1885 451 1940 honorabat.
488 1884 533 1938 Ex
552 1884 712 1939 uehementi
724 1901 790 1954 ergo
807 1895 836 1939 et
853 1885 946 1940 ualida
964 1885 1173 1955 presumptione
1191 1901 1257 1940 con-

107 1968 196 2025 iciens
215 1968 291 2040 quod
313 1968 455 2023 maliciose
480 1985 560 2022 suem
580 1968 653 2022 illius
676 1969 834 2038 prepositus
852 1970 1027 2037 occultasset,
1045 1979 1130 2038 atque
1153 1969 1257 2024 furtum

106 2052 259 2108 inficiando
289 2051 403 2122 insuper
433 2051 459 2106 ei
490 2053 637 2106 uerborum
667 2051 782 2106 iniurias
813 2052 972 2122 irrogasset,
1002 2052 1111 2121 rogauit
1141 2051 1256 2108 beatum

107 2137 280 2192 Guthlacum
292 2145 323 2191 ut
337 2153 417 2190 suam
429 2135 580 2204 respiceret
592 2135 780 2203 afflictionem,
792 2145 877 2206 atque
893 2136 969 2206 apud
981 2135 1059 2190 illum
1072 2134 1134 2206 ‘qui
1148 2135 1176 2190 in
1189 2136 1256 2192 celis
1270 2157 1301 2192 ro

106 2221 216 2275 habitat
227 2229 255 2274 et
268 2220 384 2275 humilia
397 2217 527 2289 respicit,'
539 2219 588 2288 qui
602 2219 714 2274 ‘liberat
729 2235 881 2289 pauperem
894 2236 912 2274 a
925 2229 1047 2290 potente,
1059 2228 1087 2274 et
1103 2236 1255 2289 pauperem

105 2305 151 2358 cui
168 2321 225 2358 non
238 2312 297 2359 erat
316 2303 443 2370 adiutor,'
457 2303 493 2356 de
510 2301 585 2358 illato
602 2302 655 2358 sibi
671 2303 794 2373 dampno
806 2311 834 2356 et
846 2302 946 2357 iniuria
958 2312 1099 2373 expeteret
1111 2302 1254 2358 ultionem.

105 2388 162 2442 Vix
179 2387 333 2442 orationem
352 2386 557 2456 compleuerat:
578 2395 606 2440 et
623 2403 690 2441 ecce
708 2386 817 2453 horrea,
835 2403 889 2457 que
908 2386 980 2441 inter
998 2403 1117 2456 magnos
1134 2403 1254 2456 aggeres

105 2481 233 2540 segetum
245 2487 360 2542 porcum
373 2468 531 2540 teneba[n]t
542 2471 749 2538 absconditum,
761 2471 853 2526 subito
865 2470 1052 2542 corripiuntur
1063 2469 1201 2539 incendio,
1215 2471 1254 2524 ita

104 2565 136 2610 ut
149 2554 249 2609 domus
261 2571 374 2625 prorsus
389 2563 570 2609 euanescerct
588 2553 616 2608 in
635 2553 756 2609 cinerem
773 2564 802 2609 et
818 2553 950 2610 fauillam.
989 2557 1092 2610 Porcus
1109 2565 1202 2610 autem
1216 2553 1253 2608 ita
1267 2575 1297 2626 ²5

104 2638 199 2693 illesus
212 2638 342 2694 inuentus
354 2648 404 2706 est,
418 2646 448 2692 ut
461 2653 513 2693 nec
526 2637 638 2692 unicum
651 2637 711 2693 eius
723 2637 810 2708 pilum
828 2639 941 2694 flamme
955 2639 1093 2694 uoracitas
1105 2638 1252 2708 attigisset.

152 2765 218 2819 Nno
233 2763 400 2820 duodecimo
412 2763 485 2832 regis
498 2763 633 2833 Stephani
649 2762 824 2832 Reginaldus
836 2765 872 2819 de
885 2764 1028 2819 Comubia
1045 2763 1251 2818 strenuissimus

202 2847 291 2916 miles,
310 2847 403 2902 socius
423 2845 541 2902 Comitis
561 2845 729 2914 Gandensis,
749 2847 820 2900 adeo
839 2844 953 2901 efferata
971 2845 1048 2900 rabie
1067 2845 1201 2914 seuiebat,
1221 2857 1250 2900 ut

104 2933 193 2990 socios
209 2933 340 2988 dentibus
360 2941 387 2986 et
403 2929 543 3000 unguibus
559 2938 720 2999 appeteret:
747 2929 785 2983 ita
802 2939 833 2983 ut
851 2929 935 2984 etiam
955 2929 984 2984 in
1002 2940 1121 2984 mortem
1139 2929 1249 2999 nepotis

104 3015 154 3084 sui,
173 3017 218 3088 qui
241 3015 266 3072 ei
291 3014 455 3070 familiarius
480 3012 631 3078 assidebat,
652 3013 812 3083 frequenter
835 3012 913 3066 illum
936 3013 1084 3068 demencia
1108 3013 1250 3068 excitaret.
1264 3025 1297 3074 30

106 3100 161 3156 Hic
178 3101 215 3155 ad
235 3099 382 3155 ecclesiam
399 3097 472 3152 beati
496 3095 627 3152 Guthlaci
646 3096 782 3151 aduectus
801 3106 861 3152 est:
888 3096 932 3150 cui
955 3113 1019 3151 cum
1041 3097 1162 3167 quedam
1184 3115 1250 3152 cmx

104 3183 315 3255 processionalis
336 3182 374 3236 ad
393 3180 577 3237 osculandum
597 3190 625 3235 et
646 3179 822 3235 adorandum
842 3179 992 3248 offerretur,
1011 3181 1131 3235 eandem
1149 3179 1249 3236 dissol-

104 3268 188 3323 uisset
210 3266 238 3322 in
258 3267 354 3331 frusta,
372 3264 427 3320 nisi
450 3266 487 3319 de
509 3264 640 3319 manibus
663 3263 723 3319 eius
745 3262 938 3333 tempestiuius
960 3261 1128 3334 raperetur².
1172 3265 1250 3318 Dum

104 3361 196 3406 autem
218 3350 397 3420 euangelium
419 3350 565 3418 legeretur,
588 3348 712 3418 prelatus
733 3346 813 3402 miles
839 3346 931 3402 subito
955 3346 984 3400 in
1004 3347 1058 3401 hec
1078 3348 1165 3401 uerba
1186 3364 1248 3418 pro·

104 3434 220 3505 rumpit:
248 3434 330 3489 ‘Deo
347 3431 473 3503 gracias3
499 3431 549 3486 tibi
568 3430 676 3501 gracias
695 3448 757 3500 ago,
776 3431 862 3486 deus!
900 3432 1027 3502 Cumque
1045 3429 1246 3502 aliquantulum
1262 3445 1292 3494 35

104 3517 260 3589 quieuisset,
274 3534 323 3573 sue
334 3515 422 3572 menti
439 3514 601 3586 plenissime
617 3515 768 3581 restitutus,
781 3523 923 3570 reuertens
937 3515 974 3570 ad
992 3515 1104 3586 propria
1120 3532 1151 3570 se
1168 3533 1247 3571 sanc-

103 3614 192 3658 torum
202 3602 318 3656 fratrum
330 3599 460 3672 precibus
472 3599 613 3654 humiliter
624 3599 841 3655 commendauit.

110 3729 168 3856 IN
187 3726 254 3782 uilla
273 3743 327 3797 que
342 3725 443 3781 dicitur
460 3727 614 3793 Coueham,
630 3735 740 3796 preerat
760 3725 887 3780 eiusdem
905 3724 959 3780 loci
978 3724 1096 3780 ecclesie
1115 3725 1247 3779 sacerdos

174 3810 290 3882 quidam
314 3808 535 3864 conuersationis
557 3811 683 3865 honeste.
730 3809 787 3864 Iste
811 3809 933 3878 quadam
958 3807 1073 3876 speciali
1098 3807 1246 3863 affectione

104 3898 211 3952 beatum
237 3893 406 3948 Guthlacum
432 3891 488 3962 iugi
514 3893 650 3948 memoria
673 3893 823 3957 recolebat,
842 3892 918 3946 vnde
937 3891 975 3945 ad
998 3891 1133 3947 honorem
1158 3891 1245 3961 ipsius
1259 3905 1295 3958 40

104 3979 242 4035 basilicam
261 3975 382 4031 mirabili
401 3975 519 4031 artificio
540 3986 714 4042 construens,
734 3975 875 4045 usquead
893 3973 1060 4045 positionem
1080 3973 1145 4029 tecti
1166 3974 1245 4030 edili-

104 4063 171 4119 cium
184 4069 398 4116 consummarat.
437 4061 524 4114 Porro
536 4060 602 4131 quia
614 4057 758 4131 prouincia
771 4059 819 4112 illa
830 4059 962 4113 exuberat
980 4058 1094 4128 quidem
1110 4057 1243 4126 frugibus,

105 4147 150 4202 sed
166 4145 304 4214 lignorum
323 4142 442 4197 materia
459 4160 516 4197 non
533 4143 695 4198 habundat:
721 4142 861 4197 conducta
881 4158 954 4196 naue
972 4141 1110 4196 thrum
1129 4140 1244 4195 fluuium

104 4229 214 4296 transiit,
231 4242 389 4296 nauemque
405 4225 496 4296 lignis,
510 4225 620 4296 incepto
632 4225 743 4282 edificio
756 4225 988 4296 competentibus,
1000 4223 1135 4280 onerauit.
1172 4225 1244 4280 Cum

193 4353 202 4381 ¹
219 4367 238 4402 r.
250 4351 361 4402 abduxit.
467 4351 477 4382 ²
495 4350 563 4401 Here
573 4351 634 4402 ends
645 4351 688 4402 the
700 4357 753 4403 text
764 4351 790 4402 in
803 4351 877 4415 uolt,
889 4351 931 4404 the
943 4359 991 4402 rest
1002 4351 1075 4417 being
1087 4351 1144 4401 lost
