3036 4878
97 311 369 382 insenuisse]
471 295 576 385 ititu
599 293 659 387 ὗ.
679 295 916 396 ituuunui.
1179 305 1258 395 697

99 497 217 566 gracias
242 499 309 570 agit.
355 500 487 572 Quinque
511 499 550 557 ihi
576 499 734 557 habitantes
764 500 925 556 sacerdotes
955 497 1033 571 petit,
1056 497 1098 554 rei
1121 509 1254 555 euentum

98 581 305 652 nescientibus,
326 595 354 639 et
375 601 426 654 pre
444 585 548 655 gaudio
570 585 618 640 uix
643 585 757 640 credere
777 583 945 651 uolentibus,
965 599 1000 638 ex
1024 581 1122 638 ordine
1145 583 1253 653 pandit.

102 666 173 734 Quo
193 664 289 720 audito
314 683 413 723 omnes
434 686 490 723 vna
514 668 673 734 deuotione,
694 669 856 722 thesaurum
878 666 1036 736 preciosum
1058 665 1184 721 inuenire
1206 682 1254 721 cu·

100 747 217 816 pientes
237 750 461 819 progrediuntur,
474 761 502 806 et
518 751 640 806 ductoris
659 750 700 805 sui
718 749 835 819 uestigia
852 765 939 820 usque
954 749 992 803 ad
1008 749 1101 804 locum
1118 748 1252 804 diuinitus

100 841 344 900 premonstratum
366 834 552 902 comitantur;
571 836 663 888 locum
677 832 822 899 effodiunt,
834 831 956 886 martiris
971 832 1142 887 Freemundi
1160 833 1253 902 sepul·
1268 847 1283 899 5

99 913 205 967 chrum
218 913 371 972 inueniunt.
409 917 492 985 Quod
505 933 569 972 cum
581 916 743 986 peregrinus
756 915 802 970 ille
816 914 1004 980 Ethelbertus,
1017 915 1096 971 cuius
1109 911 1255 971 brachium

99 997 251 1067 hucusque
263 998 383 1067 angelici
397 1008 488 1057 tactus
505 1000 629 1070 dampna
647 997 786 1066 sustinuit,
799 997 828 1052 iu
844 1007 924 1067 parte
940 997 1083 1052 defossum
1098 998 1168 1053 letus
1187 1015 1254 1054 con·

101 1078 205 1148 spexit,
224 1097 289 1134 mox
306 1080 345 1136 ad
363 1081 447 1138 deum
465 1093 493 1138 et
511 1083 548 1137 ad
567 1082 689 1154 martiris
707 1081 749 1136 sui
768 1097 869 1151 corpus
889 1096 982 1150 genua
1002 1079 1087 1148 flexit,
1105 1097 1202 1151 preces
1219 1097 1254 1136 ex

101 1160 208 1216 intimo
225 1163 310 1219 corde
328 1164 435 1232 effudit,
452 1166 556 1222 doloris
574 1165 730 1221 remedium
747 1163 880 1234 expetiit:
902 1172 930 1218 et
949 1163 1045 1218 statim
1063 1180 1113 1234 per
1130 1163 1253 1219 martiris

101 1244 152 1299 dei
178 1245 355 1309 Freemundi
372 1247 472 1303 merita
496 1248 626 1319 gloriosa,
651 1248 705 1303 deo
729 1247 889 1315 miserante,
914 1245 1021 1302 brachii
1046 1245 1196 1303 sanitatem
1219 1263 1253 1301 ex
1269 1264 1300 1300 ιο

101 1327 216 1396 integro
246 1330 376 1400 suscepit
420 1332 485 1400 Quo
514 1331 610 1386 audito
641 1332 784 1396 miraculo,
814 1329 939 1400 languidi
972 1329 1187 1401 circumquaque
1215 1329 1253 1384 ad

102 1411 247 1481 sepulchri
267 1413 359 1468 locum
376 1414 565 1486 recuperande
580 1413 678 1470 salutis
694 1414 790 1484 gracia
808 1413 971 1481 adueniunt,
989 1429 1126 1480 cecorum,
1139 1411 1254 1468 claudo·

101 1511 178 1561 rum,
190 1495 345 1550 arridorum
358 1506 386 1551 et
404 1509 544 1553 mutorum
558 1497 751 1553 multitudines
769 1507 944 1563 concurrunt,
957 1505 985 1551 et
1002 1496 1133 1552 inuocato
1149 1496 1253 1552 Christi

101 1577 221 1632 nomine
243 1595 293 1649 per
311 1579 432 1635 martiris
453 1581 552 1636 merita
573 1581 717 1652 sospitatis
741 1580 866 1651 graciam
890 1579 1053 1650 suscipiunt.
1091 1581 1162 1635 Cum
1186 1597 1254 1636 uero

100 1661 246 1730 sepulchri
266 1664 358 1718 locum
379 1664 462 1719 altius
483 1663 628 1733 effodiunt,
650 1663 720 1719 sicut
745 1663 894 1734 peregrino
915 1662 955 1717 illi
976 1662 1133 1733 predictum
1154 1663 1253 1732 isserat,
1267 1686 1277 1721 r
1284 1685 1299 1736 5

101 1744 256 1813 scropham
278 1761 364 1800 vnam
388 1763 452 1801 cum
476 1747 626 1803 tresdecim
649 1747 752 1802 fetibus
777 1745 968 1816 prosilientem
988 1745 1122 1801 mirantes
1146 1746 1254 1816 prospi-

100 1825 198 1893 ciunt;
217 1828 267 1883 sed
277 1845 373 1884 comm
385 1829 541 1899 ingressum
554 1831 599 1886 uel
611 1829 715 1886 exitum
728 1829 853 1885 inuenire
865 1845 922 1883 non
934 1837 1093 1898 potuerunt.
1128 1829 1254 1884 Extenso

102 1909 190 1978 igitur
213 1911 334 1982 desuper
357 1913 507 1983 papilione,
529 1913 694 1969 sacerdotes,
714 1923 770 1968 tres
793 1927 893 1982 corpus
912 1911 1034 1966 martiris
1055 1911 1083 1965 in
1106 1912 1253 1980 sepulchro

100 1993 250 2048 conditum
274 1994 375 2051 deuote
400 1996 569 2064 custodiunt,
594 1996 650 2051 duo
674 2012 740 2051 vero
767 2012 831 2050 cum
859 1995 1026 2049 Ethelberto
1054 1994 1091 2048 ad
1120 1993 1253 2049 Berisum

102 2075 278 2146 episcopum,
296 2087 364 2134 tunc
385 2079 519 2150 temporis
540 2080 616 2150 apud
635 2078 776 2134 ciuitatem
795 2094 850 2148 que
872 2077 1076 2132 Dorchecestre
1099 2078 1254 2132 uocabatur
1267 2103 1299 2140 20

101 2159 265 2230 presulatus
277 2162 345 2217 sede
357 2162 546 2231 sublimatum,
559 2163 598 2217 rei
616 2163 698 2217 huius
715 2172 847 2216 euentum
862 2160 996 2230 episcopo
1014 2160 1150 2215 narraturi
1167 2161 1251 2215 adue·

101 2242 195 2296 niunt.
231 2243 414 2300 Ethelbertus
433 2245 519 2314 igitur
533 2245 628 2316 apices
640 2246 676 2300 de
689 2261 775 2299 manu
790 2242 896 2298 domini
913 2259 986 2313 pape
1003 2241 1165 2312 susceptas¹
1178 2243 1252 2313 epis-

99 2341 176 2394 copo
183 2327 317 2394 legendas
326 2328 456 2385 tradidit:
469 2337 616 2398 susceptas
626 2327 701 2398 legit,
709 2327 748 2382 rei
759 2327 913 2383 nouitatem
922 2325 975 2380 sibi
984 2323 1122 2395 apertius¹
1130 2324 1251 2381 intimari

100 2407 238 2479 precepit.
275 2411 379 2464 Narrat
392 2411 438 2466 ille
453 2429 507 2483 que
521 2412 638 2478 uiderat,
651 2429 706 2483 que
721 2410 848 2481 angelico
865 2410 979 2464 oraculo
995 2409 1149 2465 didicerat:
1170 2408 1252 2464 mira·

100 2501 149 2546 tur
166 2491 316 2562 episcopus
334 2494 372 2548 ad
390 2494 508 2563 singula,
528 2495 615 2550 credit
633 2494 739 2561 audita,
757 2504 786 2550 et
807 2492 912 2549 Christi
934 2493 961 2547 in
981 2491 1035 2548 hiis
1053 2509 1107 2564 que
1125 2493 1253 2549 audierat
1268 2522 1298 2573 ²5

99 2574 209 2630 extollit
227 2577 367 2645 preconia
405 2579 493 2633 Mane
512 2577 594 2648 igitur
611 2578 694 2646 iacto,
714 2594 768 2648 que
786 2577 915 2632 audierat
932 2576 996 2632 uisu
1014 2576 1122 2647 plenius
1144 2577 1254 2634 discere

102 2657 229 2728 cupiens,
245 2675 308 2712 cum
328 2660 386 2715 suis
404 2661 441 2716 ad
460 2661 600 2731 sepulchri
618 2661 711 2716 locum
729 2661 836 2716 tendit:
856 2671 884 2716 et
902 2677 957 2732 que
975 2660 1110 2728 audierat,
1123 2661 1254 2722 uniuersa

103 2741 169 2797 uisu
187 2752 332 2809 annotata,
350 2759 415 2797 cum
434 2744 607 2799 mirabilibus
630 2761 685 2817 que
705 2745 742 2799 ibi
765 2743 861 2799 diuina
883 2744 1012 2814 potencia
1032 2744 1159 2811 iaciebat,
1182 2745 1254 2799 letus

102 2823 257 2894 conspexit.
291 2827 398 2895 Aperto
416 2826 499 2896 igitur
515 2830 671 2898 sepulchro,
691 2844 791 2898 corpus
812 2826 925 2897 gloriosi
944 2826 1065 2881 martiris
1084 2829 1107 2880 F
1108 2826 1252 2882 reemundi

102 2906 178 2962 intus
198 2907 371 2964 aromatibus
390 2911 542 2979 conditum,
557 2920 586 2966 et
600 2911 732 2966 decenter
750 2911 850 2981 pannis
871 2909 1034 2977 inuolutum,
1049 2909 1252 2963 admirantibus
1265 2930 1298 2981 30

102 2990 213 3046 cunctis
230 2991 345 3060 inuenit,
359 3002 386 3047 et
403 2993 430 3048 in
448 2995 549 3048 eodem
568 2995 724 3065 sepulchro,
738 2994 819 3048 simul
835 3009 899 3048 cum
916 3009 1041 3062 corpore,
1058 2991 1145 3061 ipsius
1165 2991 1251 3046 uitam

102 3085 132 3129 et
154 3073 316 3145 passionem
338 3076 458 3146 anglicis
479 3077 607 3148 apicibus
628 3087 793 3133 annotatam
815 3075 945 3146 repperit.
983 3075 1151 3130 conuocatis
1169 3073 1254 3144 igitur

101 3158 319 3228 circumquaque
338 3159 476 3229 religiosis
493 3161 628 3231 personis,
645 3170 710 3231 post
728 3159 860 3216 ieiunium
880 3157 1047 3226 triduanum,
1064 3157 1110 3212 die
1127 3157 1251 3212 denomi-

102 3250 180 3309 nato,
200 3251 228 3296 et
252 3241 402 3297 multorum
423 3243 540 3313 collegio
564 3245 696 3312 adunato,
715 3244 864 3315 episcopus
882 3241 999 3296 Berinus
1024 3250 1052 3295 et
1070 3242 1252 3296 Ethelbertus

102 3323 268 3394 peregrinus
281 3341 345 3380 cum
358 3335 476 3396 quatuor
488 3327 555 3382 uiris
566 3326 703 3396 religiosis
719 3327 896 3397 sepulchrum
913 3342 976 3379 cum
992 3341 1109 3395 corpore
1121 3323 1252 3380 manibus
1264 3349 1297 3402 3⁵

102 3407 276 3478 suscipiunt:
308 3419 337 3464 et
364 3408 403 3464 ad
427 3409 551 3465 uicinum
578 3409 779 3466 monasterium
807 3409 914 3466 deferre
940 3408 1076 3476 uolentes,
1100 3410 1137 3464 ad
1161 3409 1251 3464 locum

103 3492 246 3562 quendam
264 3491 311 3562 qui
328 3493 484 3563 appellatur
497 3492 599 3549 Ridic³
615 3503 818 3564 peruenerunt:
839 3493 889 3548 sed
906 3493 974 3547 illud
990 3493 1028 3547 ab
1044 3509 1079 3548 eo
1097 3493 1160 3548 loco
1176 3494 1253 3547 nulla

102 3574 217 3630 racione
237 3591 351 3630 mouere
374 3587 531 3646 potuerunt.
569 3577 653 3646 Quod
675 3593 793 3632 cernens
813 3576 971 3647 episcopus,
992 3585 1021 3631 et
1042 3577 1177 3646 quidnam
1199 3575 1252 3630 sibi

101 3658 263 3714 laciendum
284 3669 358 3714 esset
376 3670 531 3730 suspectus,
550 3661 683 3716 homines
698 3661 879 3731 quamplures
897 3659 935 3715 ad
953 3659 1122 3730 portandum
1143 3675 1252 3714 ammo-

101 3742 178 3798 nuit:
206 3741 258 3798 sed
280 3741 309 3796 iu
330 3743 384 3797 hoc
405 3753 507 3798 conatu
528 3743 614 3799 nichil
636 3744 768 3814 prolicere
790 3743 886 3814 potuit.
922 3743 968 3797 Ad
989 3740 1148 3795 oracionem
1169 3740 1252 3808 igitur
1264 3756 1299 3806 40

101 3841 255 3881 conuersus
272 3825 420 3898 episcopus
437 3826 532 3883 diuine
546 3827 698 3882 uoluntatis
716 3825 841 3896 graciam
857 3823 983 3896 quesiuit,
997 3823 1064 3893 quid
1080 3823 1116 3878 de
1130 3823 1251 3880 martiris

101 3907 144 3964 sui
169 3925 287 3978 corpore
311 3909 367 3964 deo
392 3910 451 3966 lieri
480 3910 623 3980 placuerit.
668 3910 773 3964 Diuino
797 3908 881 3976 igitur
908 3905 1036 3978 prodigio
1065 3905 1252 3961 commonitus

100 3991 250 4062 episcopus
274 3992 350 4048 hunc
373 3994 465 4048 locum
490 3995 580 4048 solum
605 3991 658 4049 sibi
683 3990 826 4047 martirem
850 3989 1058 4045 Freemundum
1081 3989 1251 4059 preelegisse

101 4075 252 4144 intellexit3
273 4085 300 4130 et
318 4077 393 4145 quod
409 4076 516 4132 martiri
532 4076 675 4147 placuerit,
691 4074 820 4130 omnibus
836 4089 930 4128 coram
949 4072 1086 4127 stantibus
1103 4070 1251 4128 intimauit.

102 4157 239 4227 Ligneam
252 4158 335 4228 igitur
351 4159 481 4214 cellulam
500 4159 528 4214 in
547 4159 663 4215 articulo
679 4157 813 4228 temporis
832 4172 916 4226 super
932 4153 1054 4210 martiris
1072 4154 1250 4225 sepulchrum
1263 4166 1296 4217 45

101 4242 232 4312 componi
246 4241 378 4313 precepit,
390 4253 418 4298 et
432 4242 500 4298 illud
514 4258 564 4313 pre
579 4243 680 4299 ceteris
697 4241 862 4296 Ethelberto
878 4249 906 4296 et
923 4238 1046 4311 quinque
1060 4237 1251 4296 sacerdotibus

205 4347 597 4417 ¹L.suseeptos...legeudoa
697 4347 777 4400 'Ma
789 4347 878 4414 aptius.
979 4344 1143 4400 'Munus
