3012 4898
289 343 360 412 ²92
600 319 732 406 moos
757 314 948 421 [motta
972 315 1125 420 ambo.

285 522 493 588 ascenderent,
504 519 603 593 imago
615 519 728 576 domini
741 519 771 576 in
782 519 915 592 predicta
928 537 1017 577 cruce
1029 537 1064 577 se
1076 519 1214 578 excussit
1230 529 1307 578 toto
1320 537 1444 595 corpure¹

285 609 362 666 adeo
373 619 405 666 vt
417 608 556 666 diadema
570 607 635 665 eius
652 606 846 680 interregem
858 616 888 664 et
901 608 1078 680 episcopum
1090 608 1210 664 uinctis
1222 609 1445 668 amirantibus

285 696 431 753 cecidisse
449 697 547 754 visum
566 705 621 754 est.
659 693 804 768 inquisito
823 705 923 752 autem
941 713 959 752 a
977 705 1082 752 sancto
1096 695 1267 754 Dunstano
1288 715 1368 770 rege
1385 695 1444 769 quid

285 783 428 856 cogitaret
446 783 493 840 vel
515 783 586 856 quid
608 799 698 856 agere
716 783 816 849 vellet,
835 780 993 839 consessus
1010 781 1063 839 luit
1082 784 1163 856 quod
1185 783 1219 840 in
1240 787 1364 842 eadem
1383 785 1444 840 bora

257 869 426 942 scogitauit
438 879 469 927 vt
488 870 652 927 monachos
669 872 709 928 de
727 871 833 928 eodem
853 871 1036 926 monasterio
1053 872 1092 927 ad
1110 871 1205 926 afium
1226 872 1339 929 locum
1358 883 1444 928 nans

286 957 378 1015 ferret
390 967 420 1014 et
432 957 674 1015 sanctimoniales
692 957 804 1014 ibidem
819 966 1025 1030 congregaret.
1062 957 1131 1028 Quo
1145 976 1164 1015 a
1176 960 1274 1015 beato
1291 959 1444 1016 lamam

285 1043 416 1116 benigne
428 1045 590 1118 increpato,
604 1055 633 1102 et
646 1045 703 1102 hoc
715 1046 773 1102 deo
785 1062 974 1118 nequaquam
988 1046 1107 1118 placere
1120 1057 1302 1114 asserente,
1317 1049 1380 1104 tale
1397 1063 1442 1101 rer

284 1133 472 1206 propositum
492 1149 561 1190 cum
581 1133 664 1189 omni
687 1131 853 1189 humilitate
878 1133 1037 1190 reuocauit.
1108 1121 1215 1192 ¹Cum
1239 1135 1334 1191 enim
1359 1136 1442 1191 abbas

284 1219 479 1290 Ailaardus²,
499 1221 611 1293 elapsis
637 1229 705 1294 post
729 1221 843 1276 obitum
865 1219 975 1293 Edgari
999 1220 1080 1294 regis
1103 1221 1196 1278 anuis
1220 1223 1337 1279 multis
1345 1223 1366 1290 ⁸,
1387 1224 1442 1278 eins

242 1325 271 1362 ιο
283 1309 431 1365 tumulum
448 1307 609 1377 effodisset,
622 1307 736 1365 inuenit
755 1325 865 1380 corpus
884 1307 963 1380 regis
982 1309 1093 1364 nullius
1112 1309 1187 1365 labis
1204 1311 1384 1379 conscium,
1397 1311 1442 1366 sed

284 1395 427 1452 illibatum
440 1405 471 1452 et
488 1395 646 1468 integrum.
684 1396 781 1466 Quod,
795 1413 863 1451 cum
881 1413 950 1452 eum
968 1397 1006 1452 ad
1024 1398 1231 1454 reuerentiam
1250 1397 1385 1456 flectere
1400 1400 1442 1453 de·

283 1483 407 1550 buissel,
420 1485 459 1540 ad
475 1483 625 1540 audatiam
642 1483 748 1540 erexit.
786 1481 864 1538 Nam
877 1482 947 1555 quia
962 1483 1094 1553 locellus,
1106 1500 1198 1556 quem
1212 1495 1442 1559 preparauerat,

282 1569 434 1627 difficilem
458 1588 513 1644 pre
536 1571 742 1644 magnitudine
760 1571 899 1644 corporis
920 1571 1091 1628 minabatur
1111 1570 1304 1644 ingressum,
1329 1574 1442 1647 regales

282 1657 408 1714 exuuias
432 1656 511 1714 ferro
535 1657 704 1714 temerauit.
739 1656 828 1714 Vnde
852 1657 993 1714 continuo
1017 1658 1140 1730 ungris
1159 1661 1305 1718 undatim
1331 1665 1441 1726 exiens

238 1765 267 1816 ¹⁵
282 1745 442 1802 astantium
456 1746 547 1802 corda
559 1763 672 1818 pauore
686 1744 845 1802 concussit.
883 1745 992 1802 Postea
1004 1763 1077 1802 vero
1092 1746 1209 1819 regium
1224 1765 1350 1822 corpus
1366 1752 1440 1807 iuxta

281 1831 373 1888 altare
398 1832 562 1890 honorifice
581 1833 757 1890 collocatum
779 1841 826 1890 est
850 1832 882 1890 in
907 1833 1019 1890 scrinio
1040 1833 1139 1892 eidem
1160 1835 1297 1894 ecclesie
1318 1839 1361 1895 ab
1380 1839 1441 1910 ipso

280 1919 396 1977 collato.
433 1919 661 1979 Temeratorem
677 1938 751 1978 vero
769 1920 847 1978 sacri
867 1921 1003 1993 corporis
1025 1939 1096 1978 mox
1114 1921 1238 1980 animus
1260 1925 1399 1999 reliquit,
1415 1935 1441 1979 et

280 2006 373 2064 fracta
385 2007 522 2065 ceruice‘
534 2025 680 2066 corruens
692 2007 848 2080 expirauit
885 2009 933 2065 Ad
947 2009 1037 2066 buius
1051 2009 1176 2080 [enim]‘
1189 2011 1273 2084 regis
1287 2014 1439 2070 tumulum

280 2093 411 2152 furiosus
430 2103 462 2152 et
483 2113 571 2153 cecus
596 2105 718 2168 recepta
738 2097 866 2152 sanitate
884 2095 996 2168 gratias
1016 2097 1067 2154 leti
1088 2107 1214 2170 agentes
1236 2101 1301 2156 deo
1324 2103 1367 2158 ad
1390 2117 1438 2157 sua

236 2205 266 2242 so
281 2181 425 2239 redibant
465 2183 531 2240 llec
556 2185 638 2240 enim
664 2182 805 2256 superius
829 2183 942 2240 inserta
962 2185 1001 2240 de
1022 2184 1107 2242 libris
1128 2184 1235 2258 prelati
1257 2187 1438 2246 monasterii

279 2257 618 2344 excerpsi—Scribit
632 2271 713 2326 enirn
727 2269 811 2329 Beda
819 2261 1002 2328 venerabilis
1014 2273 1053 2328 de
1066 2272 1159 2344 gestis
1170 2273 1353 2345 Anglorum
1367 2277 1438 2332 libro

279 2357 366 2415 tertio
391 2359 520 2432 capitulo
541 2359 782 2428 vicesimosexto,
804 2359 884 2433 quod
910 2359 1074 2416 Colmanus
1098 2359 1352 2421 lindisfarnensis
1378 2364 1438 2437 epi·

279 2463 398 2519 scopus,
415 2462 527 2519 genere
547 2445 664 2514 Scotus,
679 2445 703 2502 F
704 2445 785 2502 inani
803 2463 970 2514 successor,
983 2457 1013 2504 et
1031 2449 1069 2504 ab
1082 2447 1201 2504 Aidano
1217 2449 1346 2522 tertius,
1360 2469 1437 2509 anno

278 2533 470 2607 episcopatus
492 2533 538 2590 sui
557 2535 645 2591 tertio
670 2543 787 2607 partem
813 2534 927 2590 ossium
949 2535 1060 2592 Aidani
1081 2553 1185 2593 secum
1206 2541 1387 2612 assumpsit
1409 2539 1436 2594 in

234 2641 263 2692 ²5
279 2621 410 2678 Scotiam
425 2639 592 2694 regressus,
605 2631 722 2696 partem
735 2621 851 2679 veroin
864 2622 992 2679 ecclesia
1009 2623 1236 2681 lindisfarnensi
1253 2623 1285 2680 in
1299 2627 1437 2685 sacrario

278 2709 366 2766 condi
388 2709 531 2784 precepit
606 2697 738 2767 Inferius
758 2717 857 2766 autem
879 2709 909 2766 in
927 2709 988 2766 vita
1008 2711 1104 2768 sancti
1123 2711 1281 2768 Cuthberti
1303 2713 1437 2772 habetur

277 2797 450 2870 quodcirca
467 2813 579 2854 annum
597 2797 710 2853 domini
727 2798 989 2869 nongentesimum
1006 2799 1191 2855 tricesimum
1208 2801 1361 2860 sacerdos
1374 2805 1435 2876 qui·

277 2887 348 2942 dam
368 2884 491 2940 nomine
512 2883 660 2952 Eliredus,
679 2884 758 2942 bone
778 2883 904 2940 actionis
921 2885 976 2952 vir,
989 2885 1092 2942 diuino
1109 2885 1283 2943 admonitus
1300 2891 1434 2956 oraculo,

279 2972 392 3044 elapsis
409 2980 477 3046 post
494 2970 611 3028 cladem
629 2981 658 3028 et
673 2970 827 3028 Danorum
841 2971 1037 3030 vastationem
1050 2973 1197 3045 prefatam
1214 2974 1321 3031 multis
1339 2994 1434 3034 anno·

232 3077 264 3126 ³0
279 3077 346 3116 rum
354 3059 517 3126 curriculis,
526 3077 596 3116 ossa
606 3069 779 3115 sanctorum
787 3059 884 3116 Acce·
893 3059 1037 3133 episcopi,
1048 3060 1133 3117 Ebbe
1143 3061 1305 3131 abbatisse,
1317 3063 1433 3128 Boisili

279 3147 361 3204 Bede
383 3148 550 3220 presbiteri,
572 3148 611 3203 dc
633 3146 707 3203 locis
732 3148 796 3205 suis
820 3155 850 3203 et
874 3147 1044 3219 sepulchris
1068 3165 1173 3204 secum
1197 3165 1376 3220 assumas,
1396 3153 1431 3210 ad

276 3235 435 3293 ecclesiam
454 3235 684 3292 dunelmensem
704 3233 822 3290 nouiter
841 3233 1009 3291 institutam
1030 3235 1191 3292 transtulit
1266 3225 1340 3310 Ego
1359 3258 1432 3298 vero

277 3323 307 3379 in
330 3322 506 3396 prescriptis
530 3332 560 3379 et
580 3321 688 3390 dubiis,
709 3330 739 3378 et
765 3320 795 3376 in
820 3322 1017 3394 sequentibus
1037 3323 1198 3393 nonnullis,
1218 3327 1430 3386 auctoritatem

276 3410 474 3468 discutiendi¹
492 3419 522 3468 ct
540 3409 706 3468 diffiniendi
726 3409 799 3464 mihi
821 3426 882 3464 non
901 3425 1056 3481 presumo,
1075 3411 1131 3467 sed
1149 3420 1296 3484 tanquam
1319 3416 1433 3473 relator

232 3523 262 3572 35
276 3499 417 3572 simplex,
431 3517 490 3572 que
505 3501 535 3554 in
554 3497 683 3555 diuersis
702 3496 785 3552 libris
804 3506 834 3552 ct
852 3497 925 3554 locis
944 3515 1013 3554 cum
1032 3499 1185 3554 laboribus
1202 3509 1233 3555 et
1252 3500 1430 3561 difficultate

277 3587 400 3644 sedulus
412 3587 568 3658 indagator
585 3585 719 3658 reperire
733 3583 824 3658 potui,
837 3586 930 3642 ardua
943 3585 1049 3658 peritis
1061 3587 1236 3644 ventilanda
1250 3589 1429 3664 relinquens

276 3677 342 3734 sine
355 3675 475 3744 inuidia,
487 3673 676 3731 communico
685 3673 702 3730 ⁹¹.

309 3780 317 3810 ¹
334 3779 406 3830 Will.
420 3780 505 3830 blalm.
519 3795 577 3842 324,
592 3779 646 3829 lob.
660 3779 701 3828 Gl.
715 3793 740 3840 p.
754 3791 808 3838 153.
893 3776 903 3807 ¹
922 3777 966 3828 lG.
979 3775 1157 3840 Egelwardus.
1240 3779 1251 3809 ³
1266 3797 1306 3833 sc.
1317 3799 1341 3834 a.
1357 3800 1427 3848 105²·

274 3849 283 3877 ⁴
304 3847 450 3897 Eser-uice.
520 3845 577 3897 δΕ.
590 3845 688 3904 sancti;
705 3844 734 3895 T.
748 3845 824 3892 enim.
889 3841 947 3894 ⁸13.
959 3851 1025 3895 acte.
1090 3843 1147 3894 1Τ.
1158 3845 1335 3900 discudiendi.

307 3910 525 3962 'CollectinT.:

310 3977 389 4041 Deus
404 3987 448 4049 qui
461 3993 576 4035 sanctam
592 3984 665 4034 nobis
680 3983 756 4033 huius
772 3983 824 4032 diei
839 3982 1046 4046 solempnitatem
1064 3985 1090 4032 in
1107 3984 1207 4033 honore
1222 3989 1309 4037 uncti
1326 3988 1426 4040 Patricii

273 4054 433 4108 confessoris
450 4053 487 4101 tui
502 4059 580 4114 atquc
595 4050 722 4112 pontificis
738 4051 904 4111 consecrasti,
917 4051 1010 4099 adesto
1021 4049 1114 4098 familie
1129 4058 1173 4099 tue
1188 4053 1313 4113 precibus
1325 4065 1352 4106 et
1366 4057 1424 4120 (fae)

273 4131 301 4173 ut
313 4122 388 4174 cuius
398 4120 464 4169 festa
474 4119 640 4175 celebramus,
651 4116 707 4165 eius
719 4115 810 4166 merito
821 4120 847 4165 et
859 4151 945 4166 .....
958 4131 975 4166 o
986 4116 1157 4176 subleuemur,
1169 4131 1228 4178 per.

309 4187 473 4250 Benedictus
490 4193 522 4240 sit
538 4191 655 4240 dominus
672 4191 859 4250 uniuersorum,
872 4189 915 4251 qui
931 4203 1004 4238 suam
1019 4189 1131 4238 uisitauit
1147 4189 1250 4251 plebem
1262 4207 1311 4254 per
1325 4195 1424 4245 burm

274 4262 428 4314 Patricium:
446 4260 518 4309 cuius
533 4272 610 4320 prece
625 4255 788 4305 absolusmur
802 4270 818 4305 a
832 4255 941 4305 uinculis
957 4255 1100 4317 criminum,
1112 4261 1139 4304 et
1156 4256 1247 4319 requie
1265 4261 1424 4321 perfruamur
1486 4315 1487 4320 ,

273 4345 331 4380 curn
343 4328 387 4378 illo
398 4327 537 4375 beatorum.
573 4323 604 4372 V.
624 4323 677 4372 Ora
688 4337 736 4384 pro
748 4321 831 4370 nobis.
1486 4343 1487 4360 ;

306 4393 487 4465 Omnipotens
498 4397 657 4462 sempiterne
668 4396 734 4446 deus
742 4397 768 4447 tl
779 4394 844 4461 (rest
855 4395 1031 4459 unreadable).
