3036 4878
108 297 330 362 namnam
366 280 439 398 Dc
463 279 522 368 b.
541 281 757 366 domums
780 295 874 384 tene
898 289 937 368 rt
959 290 1162 386 mnttptc.‘
1186 292 1254 380 671

110 515 165 567 ΒΕ
184 525 377 571 cnuuurnus
400 527 440 570 Er
459 528 595 572 miurus
614 529 674 572 nnn
693 519 897 574 Wrnusnnunt
917 521 1062 575 Noawrcr
1084 531 1261 575 EPISCOPUM

186 609 389 655 nronnsnnnro
411 612 522 654 sancrr
544 601 702 656 Eouuunr
726 615 845 658 rnmrrs
866 616 906 657 nr
926 615 986 657 asa
1007 615 1129 657 unnim
1148 614 1261 658 sanent

186 681 343 737 Euuunur
363 695 565 739 urnacuuosa
585 697 708 740 rrnrrrs.

117 802 224 928 Erret
242 803 444 858 monasterium
464 804 553 859 sancti
574 806 717 860 Edmundi
731 823 795 861 curn
808 807 882 876 villa,
895 807 1033 877 personis,
1047 809 1128 862 rebus
1148 817 1175 862 et
1194 807 1263 862 locis

218 887 289 941 inira
301 897 421 956 quatuor
433 905 531 942 cruces
543 905 594 958 per
606 905 692 943 vnum
705 889 812 944 miliare
824 892 861 945 ab
874 891 955 945 altari
971 890 1119 961 principali
1136 891 1263 944 eiusdem

113 970 275 1026 monasterii
289 969 481 1037 existentibus,
494 981 553 1024 tam
565 988 615 1041 per
627 971 772 1043 priuilegia
788 973 893 1043 regalia
905 983 933 1029 et
947 974 1110 1044 apostolica,
1124 991 1208 1044 quam
1227 975 1263 1028 de

114 1053 319 1110 consuetudine
336 1053 493 1125 prescripta
509 1063 538 1108 et
554 1072 572 1109 a
583 1066 710 1125 tempore
723 1055 801 1110 cuius
816 1057 948 1111 contrarii
967 1057 1101 1111 memoria
1119 1057 1264 1110 hominum

115 1155 176 1192 non
195 1136 296 1203 existit,
315 1137 397 1191 suerit
417 1146 446 1192 et
466 1138 501 1193 sit
519 1149 679 1209 exemptum
698 1141 735 1194 ab
754 1140 830 1194 omni
849 1139 1046 1195 iurisdiccione
1065 1141 1263 1211 cuiuscumque
1280 1150 1293 1198 5

113 1220 257 1287 ordinarii,
276 1230 303 1274 et
323 1220 485 1275 immediate
507 1221 566 1276 sedi
586 1223 740 1293 apostolice
761 1223 923 1291 subiectum,
943 1241 976 1279 ac
994 1225 1084 1278 eciam
1103 1241 1120 1277 a
1138 1223 1264 1292 predicta

114 1305 184 1359 sede
194 1303 398 1373 priuilegiatum
408 1303 460 1358 :-¹
473 1303 657 1373 (Edmundus
666 1305 727 1376 rex)
737 1305 865 1362 videlicet
875 1307 950 1377 quod
959 1307 1114 1377 predictum
1124 1317 1263 1360 monaste-

114 1388 188 1442 rium
202 1403 266 1442 curn
278 1388 408 1443 omnibus
424 1404 479 1457 que
492 1388 530 1443 ad
542 1388 618 1442 illum
632 1389 724 1443 locum
741 1389 889 1459 pertinent,
902 1400 961 1444 tam
974 1390 1002 1444 in
1015 1389 1124 1458 magnis
1137 1406 1221 1458 quam
1235 1389 1263 1442 in

114 1471 235 1526 modicis
256 1471 339 1524 rebus
361 1471 398 1525 ab
417 1471 495 1524 omni
520 1471 653 1526 mundiali
675 1472 820 1526 obstaculo
844 1483 872 1528 et
896 1473 1091 1543 episcopomm
1117 1471 1263 1541 Estanglie

116 1553 312 1609 dominacione
328 1564 355 1608 et
374 1553 569 1609 iurisdiccione
583 1554 619 1609 sit
634 1555 771 1609 liberum:
793 1557 935 1622 (Canutus
946 1573 1006 1622 rex,
1020 1557 1182 1610 Edwardur
1202 1555 1263 1622 rex)
1283 1569 1312 1602 10

117 1639 163 1692 lta
175 1637 250 1706 quod
269 1637 360 1692 nullus
379 1638 528 1708 episcopus
548 1639 574 1691 N
578 1637 742 1693 orthlolchie
756 1639 799 1693 vel
813 1639 993 1706 Suthfolchie,
1004 1638 1126 1709 ipsiusve
1139 1638 1265 1694 minister

115 1721 216 1790 aliquis
235 1737 284 1774 seu
303 1721 520 1788 commissarius,
534 1722 636 1776 habeat
649 1738 781 1793 vmquam
801 1731 968 1793 potestatem
987 1723 1108 1792 aliquam
1122 1724 1166 1776 vel
1185 1721 1265 1776 iuris·

115 1804 272 1858 diceionem
294 1803 322 1857 in
341 1804 510 1858 monasterio
529 1805 617 1860 sancti
638 1805 783 1859 Edmundi
796 1807 840 1859 vel
860 1805 931 1859 inira
949 1805 1019 1858 lines
1038 1805 1164 1859 eiusdem
1179 1804 1263 1872 ville;

116 1888 260 1955 (Canulus
277 1893 305 1940 et
322 1903 375 1940 rex
390 1887 579 1955 Eduuardus)
597 1889 634 1940 Et
654 1889 730 1958 quod
749 1887 824 1942 idem
842 1887 1042 1942 monasterium
1060 1889 1095 1942 sit
1114 1905 1164 1959 per
1181 1905 1265 1942 omne

116 1986 201 2024 euurn
225 1969 379 2036 monachis,
404 1981 432 2024 et
456 1986 514 2024 non
538 1970 599 2024 aliis
626 1970 761 2040 personis,
781 1973 945 2041 deputatum
970 1971 1007 2025 ad
1031 1971 1264 2038 inhabitandum
1282 1987 1311 2035 ¹5

117 2053 362 2122 (Hardecanutus)
377 2055 448 2107 Item
466 2053 542 2124 quod
561 2054 652 2108 nullus
668 2053 940 2124 archiepiscoporum
953 2056 997 2108 vel
1010 2054 1203 2124 episcopomm
1217 2065 1265 2109 aut

115 2136 213 2206 aliqua
243 2136 332 2190 sancti
363 2135 469 2197 ordinis
502 2152 598 2190 eorum
629 2136 817 2207 disciplinatui
851 2138 1050 2194 adherencium
1081 2153 1264 2206 personarum

117 2230 260 2290 presumat
281 2219 432 2290 quicquam
450 2219 661 2274 consuetudinis
679 2220 740 2275 siue
759 2221 964 2276 dominacionis
983 2221 1011 2275 in
1030 2220 1131 2274 eodem
1153 2237 1264 2274 monas·

117 2303 189 2357 terio
208 2313 237 2357 et
255 2303 321 2357 villa
341 2319 424 2372 super
443 2305 606 2370 monachos,
623 2302 739 2357 clericos
758 2313 805 2357 aut
824 2303 910 2358 laicos
929 2304 1110 2373 proclamare,
1123 2319 1265 2372 usurpare,

117 2385 258 2440 iusticiam
271 2385 394 2455 aliquam
406 2386 506 2452 facere,
514 2395 562 2440 aut
572 2385 674 2440 missas
684 2386 835 2453 celebrare,
844 2385 899 2441 nisi
909 2386 1031 2442 monitus
1043 2395 1092 2440 aut
1104 2385 1266 2441 licenciatus
1284 2402 1314 2436 20

116 2469 199 2525 suerit
223 2470 260 2523 ab
285 2469 372 2539 ipsius
396 2469 449 2523 loci
473 2468 598 2536 abbate;
628 2485 665 2522 ne
690 2468 758 2524 inibi
789 2469 904 2524 domino
928 2469 1097 2524 famulantes
1127 2469 1266 2536 cenobite,

117 2563 262 2624 pastorum
282 2551 531 2608 ecclesiasticorum
545 2562 595 2606 aut
606 2551 643 2606 ad
656 2569 686 2606 se
699 2553 903 2622 pertinencium
922 2569 1105 2623 personarum
1118 2554 1174 2608 vllo
1187 2553 1266 2607 dein-

118 2653 185 2706 ceps
204 2645 330 2705 tempore
348 2635 475 2690 molestia
493 2637 657 2706 quaciantur
674 2647 722 2690 aut
741 2637 924 2707 oppressione
937 2636 1125 2706 inquietentur
1137 2647 1165 2692 et
1178 2637 1266 2707 irnpe-

117 2719 238 2774 diantur.
275 2719 458 2784 (Edmundus
488 2719 549 2784 rex)
588 2717 618 2774 Si
646 2719 709 2788 quis
739 2736 806 2773 vero
836 2731 1012 2789 posterorum
1042 2720 1093 2774 has
1124 2719 1266 2775 libertates

117 2802 243 2874 quolibet
261 2811 362 2856 conatu
380 2801 477 2856 nititur
496 2801 645 2870 infringere
658 2803 702 2856 vel
714 2813 830 2868 mutare,
844 2802 915 2858 sciat
933 2821 963 2856 se
982 2804 1077 2872 procul
1096 2803 1182 2857 dubio
1201 2813 1266 2858 ante
1284 2817 1312 2865 25

118 2885 242 2942 tribunal
265 2884 382 2939 districti
403 2884 503 2940 iudicis
528 2885 695 2941 titubantem
719 2886 989 2955 tremebundamque
1011 2883 1152 2940 racionem
1172 2885 1266 2940 reddi-

118 2980 219 3036 turum,
241 2968 392 3038 (canutus)
416 2969 453 3022 Et
475 2968 511 3024 sit
529 2967 658 3024 addictus
680 2967 836 3039 captiuitati
858 2977 954 3024 eterne
975 2985 1074 3024 carens
1096 2968 1267 3038 sempiterna

118 3053 256 3120 libertate,
275 3062 359 3122 atque
379 3052 555 3121 mancipatus
574 3051 692 3106 seruicio
711 3051 825 3116 diaboli,
843 3053 958 3123 eiusque
976 3051 1117 3106 consortio
1136 3051 1170 3106 sit
1190 3053 1267 3106 inex·

118 3134 291 3190 tricabilibus
321 3134 402 3204 penis
432 3135 607 3202 constrictus,
634 3133 868 3202 (Hardecanutus
895 3140 922 3188 et
949 3141 1064 3188 sanctus
1090 3135 1266 3203 Edwardus)

121 3219 286 3288 Prolateque
311 3217 454 3273 subiaceat
473 3217 766 3286 excommunicacioni,
789 3229 816 3272 et
835 3218 864 3273 in
889 3219 1009 3273 iehenna
1028 3218 1102 3287 ignis
1122 3218 1267 3274 demersus
1282 3231 1314 3280 30

120 3319 184 3356 cum
205 3302 274 3356 luda
296 3301 438 3371 proditore
460 3301 533 3370 ignis
552 3303 667 3357 tartarei
684 3319 772 3373 penas
791 3301 982 3356 indesinenter
1000 3303 1057 3356 luat
1074 3312 1102 3357 et
1121 3303 1267 3370 sustineat,

120 3384 173 3439 nisi
187 3384 263 3455 prius
277 3385 305 3438 in
319 3386 371 3439 hac
382 3383 440 3439 vita
452 3384 539 3453 digne
550 3384 731 3454 satisfecerit;
753 3383 996 3454 (Hardecanulus)
1017 3387 1055 3439 Et
1068 3384 1181 3455 insuper
1193 3387 1269 3455 regio

121 3469 189 3522 fisco
207 3469 332 3539 tngrinta
352 3470 423 3522 aun'
441 3467 550 3521 talenta
561 3469 718 3536 persoluat.
756 3471 794 3523 Et
813 3485 898 3539 super
915 3479 1126 3524 conseruatores
1144 3471 1269 3540 predicte

120 3551 258 3606 libertatis
277 3550 371 3606 ueniat
388 3550 435 3606 dei
454 3550 626 3618 benediccio,
639 3551 809 3606 adiutorium
828 3562 855 3606 et
875 3551 1035 3606 consolacio
1048 3551 1113 3620 vite,
1127 3563 1156 3608 et
1175 3571 1268 3609 rerum

121 3652 244 3704 congrua
258 3633 452 3704 tranquillitas,
465 3634 589 3704 corporis
600 3645 628 3688 et
641 3635 743 3689 mentis
757 3635 829 3704 iugis
844 3635 996 3704 proteceio,
1010 3636 1085 3690 salus
1097 3645 1126 3690 et
1140 3637 1248 3691 sanitas
1260 3653 1266 3702 ;
1284 3647 1313 3696 35

122 3727 152 3773 vt
171 3728 199 3772 et
219 3718 265 3772 hic
284 3733 448 3787 prosperam
466 3716 552 3772 vitam
570 3718 675 3772 ducant
695 3735 758 3772 cum
776 3718 868 3772 fructu
887 3718 940 3772 deo
958 3719 1123 3787 placitorum
1144 3735 1268 3788 operum,

122 3811 207 3872 atque
237 3809 301 3871 post
332 3799 422 3854 carnis
453 3799 560 3854 obitum
585 3810 751 3870 perpetuum
775 3801 869 3855 diuine
900 3799 1149 3869 contemplacionis
1173 3802 1268 3872 adepti

122 3883 254 3953 gaudium
271 3883 388 3950 feliciter
407 3882 435 3936 in
454 3893 527 3938 sorte
546 3893 681 3937 maneant
699 3893 728 3938 et
749 3881 894 3937 consorcio
915 3893 1084 3937 sanctorum
1123 3885 1186 3942 Has
1203 3901 1268 3953 pre-

122 3967 212 4022 dictas
224 3966 367 4022 libertates
384 3982 435 4035 per
447 3975 538 4021 cartas
554 3965 647 4035 regias
664 3965 834 4021 monasterio
850 3964 939 4019 sancti
954 3965 1097 4019 Edmundi
1110 3983 1269 4034 concessas,

123 4051 215 4121 plures
240 4048 361 4103 Romani
386 4049 531 4118 pontifices
555 4065 605 4119 per
635 4049 724 4104 bullas
755 4065 820 4102 suas
845 4047 1082 4102 confirmauerunt
1107 4047 1203 4116 (Alex.
1227 4050 1270 4116 II,
1284 4060 1316 4109 40

122 4134 274 4188 Adn'anus
286 4133 358 4187 IIII
365 4137 392 4184 et
403 4131 488 4186 Alex.
502 4139 555 4201 3¹¹⁸,
575 4131 702 4186 Vrbanus
713 4137 765 4200 3⁰⁵,
782 4132 916 4186 Celestius
932 4137 984 4199 3¹¹¹,
1002 4137 1030 4184 et
1045 4131 1202 4185 Nicholaur
1215 4139 1269 4201 3¹¹¹)

122 4216 272 4272 adiciendo
290 4226 319 4270 et
337 4216 527 4284 specificando
540 4216 614 4286 quod
627 4214 833 4269 monasterium·
846 4213 936 4269 sancti
954 4214 1098 4268 Edmundi
1111 4215 1271 4286 predictum

335 4351 344 4380 ¹
362 4351 417 4403 The
429 4350 544 4402 Charters
554 4365 596 4401 are
606 4349 679 4415 given
691 4351 716 4400 in
730 4351 838 4402 Monost.
851 4349 926 4416 Angl.
941 4351 989 4402 111.
1004 4361 1058 4416 137.
