3012 4898
403 296 478 391 bo
501 295 666 386 omno
692 295 873 399 tultum.
1140 321 1214 394 323

57 494 230 569 prostrauit
247 513 282 554 se
300 498 338 554 ad
357 497 453 570 pedes
474 497 568 554 sancti
588 497 698 568 Pirani,
717 506 748 556 et
764 496 884 556 veniam
903 505 1022 571 petens,
1040 497 1216 570 alumpnam

58 583 173 642 matris
184 601 240 642 sue
253 584 382 642 reddidit
395 584 431 642 ei.
469 584 578 643 Postea
588 603 662 643 vero
674 586 782 644 dolens
794 603 850 643 rex
862 587 943 659 quod
955 603 1023 643 eam
1035 584 1198 643 dimisisset
1208 605 1216 656 3

58 689 135 728 eum
154 689 223 729 eam
242 689 350 746 rapere
367 673 467 743 vellet,
486 672 568 730 illam
586 682 734 730 mortuam
753 673 877 731 inuenit.
913 672 952 731 Et
970 673 1105 730 offensus
1118 673 1218 740 valde,

61 758 179 816 Pirano
191 759 283 817 dixit:
304 759 408 830 ‘Quia
420 758 523 833 inquit,
536 777 662 818 vxorem
680 777 779 818 meam
795 760 938 829 occidisti,
950 760 982 816 in
998 761 1064 818 loco
1081 759 1138 818 isto
1155 777 1217 817 non

60 846 225 916 habitabis,
240 849 295 906 sed
314 848 385 906 inde
404 848 555 921 expellam
573 850 621 905 te!
660 848 698 906 Et
715 847 784 906 ille:
804 847 866 904 ‘Tu
885 864 946 905 non
964 865 1000 906 es
1018 850 1104 919 deus,
1117 855 1245 920 nequet

60 934 152 990 locus
169 934 226 993 iste
238 944 309 992 tuus
324 944 380 1004 est,
393 937 448 992 sed
461 935 527 993 dei:
548 946 577 993 et
595 954 653 1008 ego
669 936 701 992 in
717 936 774 992 hoc
791 936 856 993 loco
873 937 1017 993 manebo.³
1056 935 1093 993 Et
1109 936 1217 993 exiens

60 1039 123 1078 rex
142 1039 211 1079 cum
230 1023 275 1080 ira
293 1032 324 1080 et
342 1023 443 1080 lurore
461 1039 580 1096 magno,
596 1023 670 1081 vidit
689 1040 789 1080 mecm
809 1041 904 1093 suam,
919 1041 987 1080 cum
1007 1023 1146 1081 domibus
1164 1024 1218 1079 ad·

61 1109 242 1179 iacentibus,
258 1109 389 1168 flammis
405 1111 484 1184 ignis
500 1112 735 1169 comburentem.
780 1111 900 1186 Regina
919 1120 1021 1169 autem
1043 1113 1120 1169 duos
1138 1109 1218 1170 filios

62 1199 195 1266 habens,
213 1198 309 1256 filium
328 1199 473 1256 cariorem
493 1199 524 1255 in
542 1199 632 1256 domo
650 1198 749 1268 oblita,
769 1198 847 1256 llens
866 1209 897 1256 et
915 1199 1033 1258 eiulans
1051 1199 1144 1256 dixit:
1164 1197 1217 1254 ‘In

61 1302 178 1342 manus
201 1286 280 1344 beati
303 1287 403 1344 Pirani
427 1286 638 1344 charissimum
661 1289 840 1344 commendo
865 1287 960 1344 filium
984 1289 1105 1344 meum!
1141 1287 1263 1344 Totam

62 1383 170 1430 autem
184 1375 274 1432 domo
286 1374 356 1448 igne
369 1374 489 1447 penitus
502 1383 688 1447 consumpta,
702 1374 781 1432 filius
794 1375 897 1448 regine
911 1392 1004 1432 sanus
1016 1384 1046 1432 et
1058 1374 1218 1432 incolumis

62 1461 226 1533 reperitur.
263 1462 348 1518 Tunc
367 1478 423 1520 rex
438 1462 636 1520 vehementer
653 1461 815 1531 admirans,
829 1471 858 1520 et
877 1464 915 1520 ad
930 1463 1073 1520 Piranum
1085 1464 1169 1520 venit
1187 1472 1218 1520 et

61 1566 249 1623 quecunque
272 1550 408 1623 precepit
433 1559 574 1622 prompta
604 1559 707 1607 mente
731 1549 877 1623 impleuit,
908 1559 938 1608 et
969 1551 1048 1607 duos
1073 1549 1150 1608 filios
1179 1551 1218 1607 ad

63 1636 265 1694 seruiendum
283 1638 341 1694 deo
363 1638 419 1694 sub
437 1636 594 1710 disciplina
613 1638 678 1694 eius
699 1638 813 1695 obtulit.
851 1637 1026 1695 Recedente
1042 1655 1114 1695 vero
1136 1655 1219 1710 rege,

63 1723 204 1781 oratione
224 1724 325 1781 Pirani
346 1724 480 1782 Bruneta
498 1727 603 1782 matris
628 1742 682 1781 sue
706 1725 849 1798 alumpna
867 1743 885 1782 a
906 1735 1005 1782 morte
1022 1725 1093 1782 viua
1120 1732 1286 1794 resur-15·

64 1811 158 1868 rexit
229 1811 239 1844 ¹
250 1799 323 1870 Rex
333 1813 455 1886 quidam
468 1813 590 1870 nomine
603 1812 775 1886 Cohingus²
787 1822 905 1885 septem
917 1812 1086 1869 citharistas
1102 1811 1133 1868 in
1153 1822 1218 1869 arte

65 1916 125 1956 sua
148 1899 263 1957 habens
287 1900 409 1974 peritos,
429 1901 482 1974 qui
506 1900 537 1957 in
559 1901 633 1957 vrbe
653 1899 751 1956 vicina
774 1917 793 1957 a
817 1900 906 1972 plebe
931 1899 1021 1957 occisi
1046 1908 1134 1970 sunt;
1162 1917 1219 1973 pro

64 2003 200 2059 quorum
221 2004 307 2044 mora
327 2005 382 2046 rex
400 1989 529 2045 multum
551 1987 692 2055 solicitus,
711 1987 842 2061 quesiuit
860 2005 879 2043 a
897 1987 1007 2044 Pirano
1026 1988 1098 2060 quid
1117 1988 1155 2044 de
1174 1988 1219 2044 cis

64 2074 181 2132 sactum
198 2075 312 2132 luisset
351 2075 409 2146 Qui
427 2077 484 2134 ait:
506 2074 595 2146 ‘Viri‚
607 2075 713 2149 inquit,
724 2075 768 2132 illi
784 2093 802 2132 a
819 2076 908 2148 plebe
923 2074 1013 2132 occisi
1030 2073 1060 2132 in
1074 2089 1219 2148 aquarum

65 2171 179 2234 stagno
197 2162 321 2235 proiecti
339 2172 419 2234 sunt,
438 2163 560 2220 citharis
578 2180 684 2220 eorum
703 2180 796 2236 super
814 2163 912 2236 ripam
930 2162 1030 2236 stagni
1053 2162 1085 2219 in
1110 2163 1265 2219 arboreto

65 2250 248 2322 suspensis!
294 2250 413 2324 Rogatu
438 2260 538 2307 autem
563 2250 644 2323 regis
671 2251 798 2308 Piranus
825 2268 894 2308 cum
918 2249 1021 2308 multis
1051 2252 1089 2307 ad
1119 2250 1218 2307 locum

66 2355 223 2412 pergens:
255 2337 344 2395 trium
371 2337 489 2395 dierum
513 2339 634 2411 expleto
658 2337 778 2406 ieiunio,
802 2337 964 2396 arefactum
993 2346 1039 2395 est
1069 2346 1219 2411 stagnum,

66 2425 247 2498 corporibus
264 2433 448 2482 mortuorum
464 2426 496 2481 in
512 2425 605 2482 fundo
619 2425 756 2498 repertis.
795 2425 888 2496 Quos,
901 2425 969 2483 licet
982 2443 1089 2482 mense
1102 2424 1221 2498 integro

66 2514 129 2571 sub
149 2530 227 2586 aqua
245 2514 343 2586 stagni
361 2513 472 2570 mortui
489 2513 661 2582 iacuissent,
680 2513 755 2570 lusis
774 2514 811 2571 ad
830 2514 920 2570 deum
939 2514 1080 2586 precibus
1098 2521 1220 2570 sanctus

68 2601 202 2658 Piranus
223 2600 323 2657 statim
346 2601 544 2658 resuscitanit.
582 2600 729 2674 Stagnum
748 2618 821 2657 vero
839 2599 913 2657 illud
931 2617 1027 2674 vsque
1045 2600 1135 2657 hodie
1154 2599 1219 2657 sine
1235 2623 1265 2674 ²⁵

67 2687 170 2761 aqua⁸
181 2689 335 2746 remansit.
409 2676 568 2745 Prefectus
581 2687 923 2761 cuiusdam⁴regiscum
931 2688 1036 2763 viginti
1051 2689 1114 2745 suis
1130 2687 1221 2746 sociis

67 2792 197 2851 porcum
216 2776 274 2833 viri
293 2775 342 2833 dei
363 2775 495 2849 rapiens,
515 2774 603 2832 cum⁵
621 2775 784 2850 iugulatum
804 2793 897 2850 super
917 2777 1019 2850 ignem
1037 2775 1220 2849 posuissent,

68 2865 218 2938 ⁸porcum
232 2863 355 2920 omnino
366 2864 470 2921 videre
489 2881 550 2920 non
565 2872 736 2936 potuerunt.
773 2863 969 2937 Fugientibus
980 2881 1053 2921 vero
1071 2863 1221 2934 omnibus,

68 2954 102 3010 in
120 2961 233 3008 terram
252 2952 361 3008 mortui
379 2961 558 3008 corruerunt
566 2951 585 3008 ⁸.
622 2950 689 3021 Quo
702 2950 863 3021 intellecto,
877 2951 1006 3009 Piranus
1019 2952 1168 3007 accedens
1180 2949 1222 3007 ait

69 3039 241 3098 defunctis:
270 3038 323 3095 ‘ln
344 3039 467 3096 nomine
491 3037 582 3096 lhesu
603 3038 724 3109 Christi,
744 3038 867 3111 surgite,
889 3049 919 3096 et
940 3041 979 3096 ad
998 3039 1097 3095 locum
1118 3054 1220 3095 meum
1235 3048 1267 3099 ³⁰

69 3144 192 3185 mecum
201 3125 321 3184 venite!
357 3126 497 3197 Quicum
511 3126 611 3184 statim
624 3143 643 3182 a
654 3135 751 3183 morte
763 3128 801 3184 ad
813 3126 905 3182 vitam
918 3124 1167 3196 resurrexissent,
1177 3125 1220 3182 vi·

71 3213 728 3288 densPiranusporcum,suscitauitetillum.
772 3202 847 3270 Alio
855 3223 991 3287 tempore
999 3214 1130 3271 eundem
1140 3212 1222 3286 regis

73 3302 241 3376 prefectum
260 3303 426 3375 aquodam
445 3300 587 3370 occisum,
599 3318 690 3375 prece
706 3302 810 3358 vxoris
830 3318 884 3358 sue
903 3311 1024 3358 sanctus
1038 3301 1164 3358 Piranus
1182 3302 1221 3358 ad

73 3391 166 3447 vitam
179 3389 244 3447 suis
255 3388 372 3446 meritis
384 3391 545 3447 reuocauit
592 3388 603 3422 ⁷
615 3377 737 3448 Seruus
749 3390 828 3447 beati
837 3388 937 3446 Pirani
950 3406 1061 3462 equum
1071 3390 1222 3462 quendam

75 3477 225 3548 occidens,
246 3496 265 3535 a
285 3493 358 3550 rege
377 3477 513 3551 Cohingo
533 3477 564 3534 in
582 3475 709 3534 vinculis
731 3477 937 3534 detinebatur:
964 3494 1054 3550 quem
1074 3494 1143 3533 cum
1163 3476 1221 3534 nisi
1237 3485 1268 3536 ³5

74 3564 178 3640 precio
190 3565 381 3638 redemptum
395 3564 524 3622 Piranus
540 3565 653 3622 habere
667 3582 727 3621 non
740 3574 854 3636 posset,
866 3581 1008 3638 magnum
1021 3565 1141 3638 pondus
1157 3563 1222 3622 auri

76 3662 107 3710 et
118 3652 235 3725 argenti
247 3651 330 3709 dedit
345 3651 418 3725 regi.
455 3652 566 3709 Pirano
578 3669 651 3710 vero
666 3669 735 3709 cum
752 3652 870 3725 captiuo
886 3653 1056 3721 recedente,
1069 3669 1176 3709 aurum
1192 3661 1222 3710 et

75 3750 234 3814 argentum
247 3749 434 3797 euanuerunt
447 3757 644 3813 necunquam
657 3750 764 3814 postea
772 3739 867 3798 videri
877 3750 1048 3814 potuerunt.
1078 3739 1223 3798 Offensus

75 3828 165 3903 igitur
176 3845 232 3884 rex
242 3827 326 3886 venit
338 3829 376 3885 ad
390 3828 543 3898 Piranum,
555 3826 678 3884 dicens:
698 3827 814 3898 ‘Quare
826 3829 973 3886 seduxisti
985 3832 1055 3885 me?
1091 3825 1138 3884 Da
1150 3827 1223 3884 mihi
1306 3868 1308 3874 .

75 3932 183 3974 aurum
197 3932 299 3972 meum
318 3925 349 3972 et
365 3923 532 3988 argentum,
551 3931 622 3972 nam
640 3915 812 3989 omniaque
830 3915 940 3974 dedisti
957 3915 1029 3972 mihi
1045 3915 1224 3975 fantasmata
1236 3927 1271 3976 40

75 4004 312 4062 erantetvana'
350 4001 514 4076 Multisque
525 4004 627 4060 verbis
645 4001 762 4076 asperis
779 4003 921 4076 loquutus
937 4001 1129 4060 estvirodei.
1166 4001 1223 4060 Cui

76 4091 205 4150 Piranus
229 4089 287 4148 ait:
314 4089 392 4147 ‘Pro
416 4107 491 4148 auro
509 4099 562 4148 tuo
580 4099 610 4146 et
634 4100 769 4163 argento,
782 4091 974 4148 maledictum
996 4088 1147 4162 portabis·
1185 4089 1224 4146 Et

76 4178 177 4238 statim
196 4195 251 4236 rex
268 4177 404 4236 tenebris
422 4178 633 4246 circumdatus,
648 4176 679 4234 in
698 4186 811 4236 terram
831 4179 944 4236 cadens
962 4175 1119 4250 expirauit.
1155 4176 1225 4249 Quo

109 4313 327 4377 ¹Colg.cap.1·1.
359 4311 450 4376 ’Colg
460 4312 576 4376 Aengus‚
585 4328 633 4362 rex
642 4311 782 4364 umente.
814 4311 969 4376 ’uultque
1001 4311 1101 4375 ‘eotg
1109 4312 1225 4376 predicti

74 4381 86 4414 ⁸
96 4381 128 4434 E.
139 4395 207 4432 eum.
231 4377 272 4412 Η
281 4379 355 4443 Colg.
367 4378 464 4430 inimici
469 4379 509 4431 aui
519 4379 648 4429 irruerunt
658 4393 738 4444 super
747 4393 794 4430 eoa
801 4385 828 4430 et
839 4379 995 4431 occiderunt
1013 4375 1108 4443 'Colg
1120 4393 1175 4444 cap.
1186 4381 1225 4432 16.

630 4475 682 4518 Π
