3028 4894
247 309 322 396 464
560 302 691 390 motu
717 299 907 404 [tumltu
931 299 1084 404 aucte.

247 503 413 577 Cupientes
428 511 528 560 autem
549 520 621 560 eum
637 511 742 561 tenere
761 503 908 572 manibus,
925 503 1055 561 eleuauit
1075 520 1110 561 se
1129 503 1271 561 dominus
1291 503 1405 562 ihesus

247 590 386 648 Christus
403 593 433 648 in
449 591 587 660 nubibus,
603 591 725 649 dicens:
745 591 833 648 ‘Nou
852 609 901 648 me
917 591 1087 661 erubuistis,
1108 593 1188 649 serui
1210 593 1280 662 mei,
1293 593 1325 648 in
1348 610 1405 649 an·

246 679 353 752 gustiis
366 679 452 747 meis,
469 697 525 736 nec
537 695 594 752 ego
606 681 782 736 erubescam
795 696 850 736 vos
864 677 896 735 in
915 697 1008 752 regno
1024 679 1120 752 patris
1132 673 1208 736 mei'
1238 679 1405 738 Hereditas

246 775 347 824 vestra
365 784 484 824 mecum
502 775 563 838 est,
590 775 620 824 et
639 766 697 824 hiis
717 767 769 841 qui
789 766 884 824 vestri
908 767 939 822 in
960 767 1023 824 suis
1042 766 1227 824 orationibus
1248 785 1404 826 memores

219 853 366 924 afuerint,
383 855 465 912 salus
484 855 514 912 in
532 872 626 928 regno
644 858 729 912 meo!
766 853 836 911 Hiis
851 853 949 924 dictis,
967 855 1005 910 ab
1024 854 1117 912 oculis
1135 871 1241 911 eorum
1259 866 1405 928 receptus

246 943 345 1000 estin
369 942 477 1000 celum.
514 941 680 1016 stupefacti
704 951 804 998 autem
829 941 910 1000 serui
934 941 984 999 dei
1009 941 1210 999 laudauerunt
1234 944 1403 1012 dominum,

246 1039 277 1087 et
292 1031 398 1088 beatus
410 1028 616 1088 winwaloeus
635 1029 693 1086 ait:
715 1029 799 1086 ‘Hoc
815 1029 874 1086 tuis
894 1029 1018 1099 meritis,
1038 1029 1130 1086 frater
1150 1029 1276 1103 Egbine,
1292 1031 1404 1088 accidit

247 1118 342 1184 nobis,
367 1119 417 1190 qui
436 1127 518 1175 tante
543 1135 578 1174 es
603 1116 777 1175 humilitatis
802 1125 832 1174 et
856 1116 1035 1186 obedientie,
1055 1126 1087 1175 vt
1108 1117 1246 1190 quicquid
1268 1118 1404 1176 humana

247 1205 348 1278 lingua
367 1205 524 1279 precipere
543 1214 652 1278 potest,
673 1213 706 1262 tu
725 1205 816 1262 corde
839 1205 968 1262 deuoto¹
987 1204 1154 1278 adimplere
1177 1205 1322 1262 festinas'
1363 1205 1402 1262 Et
1500 1269 1501 1284 χ

203 1311 235 1348 ιο
248 1291 314 1350 ille:
336 1293 422 1349 ‘Non
438 1293 478 1350 ita
494 1302 549 1360 est,
562 1301 666 1366 pater;
685 1293 739 1350 sed
752 1301 793 1362 tu,
810 1291 861 1364 qui
879 1292 1011 1367 quotidie
1028 1310 1150 1350 carnem
1167 1302 1197 1349 et
1216 1293 1399 1367 sanguinem

249 1379 338 1436 ihesu
355 1379 464 1438 Christi
483 1379 630 1450 immolas,
646 1379 782 1438 meruisti
798 1379 897 1453 ipsum
915 1379 1017 1436 videre
1031 1379 1062 1436 in
1082 1397 1137 1437 suo
1156 1397 1291 1453 corpore,
1307 1399 1399 1454 quem

248 1467 369 1524 assidue
380 1467 411 1524 in
425 1467 525 1524 animo
537 1470 641 1524 tenes!
728 1456 828 1525 Erant
839 1476 940 1524 autem
952 1467 983 1523 in
995 1467 1130 1540 partibus
1143 1467 1200 1524 illis
1212 1477 1276 1524 tres
1289 1467 1401 1528 fratres

248 1554 312 1612 suis
324 1555 487 1612 latrociniis
499 1557 593 1612 multa
605 1555 683 1612 mala
696 1554 839 1612 facientes
852 1575 859 1612 ε
876 1555 927 1629 qui
939 1573 1007 1613 cum
1020 1555 1150 1628 qua[rto]
1165 1555 1246 1628 ali[0]
1255 1555 1267 1588 ¹
1276 1573 1400 1614 monas-

246 1641 313 1698 terii
333 1651 419 1715 septa
442 1653 530 1700 nocte
554 1642 692 1716 ingressi,
713 1642 855 1700 horreum
879 1652 1025 1716 apertum,
1044 1652 1076 1700 et
1099 1643 1223 1700 ordeum
1244 1642 1277 1698 in
1298 1644 1401 1701 medio

204 1752 232 1806 ¹5
247 1733 377 1803 positum
391 1729 578 1788 inuenerunt
616 1729 653 1787 Et
665 1729 797 1804 impletis
811 1729 906 1788 saccis
920 1731 984 1786 suis
1002 1747 1070 1787 cum
1086 1730 1188 1804 egredi
1201 1731 1325 1799 vellent,
1338 1732 1401 1804 pri-
1500 1739 1501 1742 ’

248 1835 314 1874 mus
334 1817 470 1891 protinus
491 1817 521 1874 in
540 1827 652 1878 terram
671 1827 845 1892 prostratus,
862 1835 938 1874 coxa
956 1817 1021 1874 eius
1043 1818 1135 1875 fracta
1156 1827 1186 1874 et
1203 1818 1400 1890 comminuta,
1500 1833 1501 1846 *

247 1906 340 1963 miser
352 1907 518 1979 depressus
531 1907 587 1963 sub
602 1923 695 1963 onere
713 1905 835 1964 iacebat
871 1905 959 1963 Alter
974 1923 1046 1964 vero
1063 1907 1264 1978 subsequens,
1278 1906 1350 1964 fixis
1367 1909 1400 1964 in

246 2001 357 2050 terram
376 1993 504 2066 pedibus
518 1994 600 2050 nullo
618 1995 707 2050 modo
720 2011 755 2052 se
768 2011 890 2050 mouere
901 1993 1016 2063 valens,
1029 1993 1097 2050 licet
1113 1993 1225 2050 inuitus
1244 1994 1276 2050 in
1288 1996 1400 2051 eodem

246 2081 311 2138 loco
332 2089 413 2138 stare
434 2083 602 2154 cogebatur.
638 2081 759 2138 Tertius
783 2081 907 2139 cecitate
931 2080 1103 2155 percutitur.
1149 2081 1286 2150 Quartus
1309 2083 1397 2155 quasi

202 2190 234 2226 ao
246 2168 423 2226 insaniendo
440 2187 549 2242 magna
568 2187 641 2226 voce
661 2169 814 2226 clamabat
851 2167 963 2242 Sicque
977 2168 1118 2224 omnibus
1129 2167 1261 2225 diuersis
1276 2169 1400 2227 calami·

246 2257 355 2314 tatibus
371 2256 509 2327 astrictis,
522 2274 610 2314 mane
628 2257 665 2314 ad
682 2274 736 2314 eos
747 2257 874 2314 veniens
892 2255 1022 2312 famulus
1036 2255 1084 2312 dei
1096 2257 1155 2312 ait:
1176 2255 1294 2326 ‘Quam
1307 2257 1399 2314 stulte

245 2345 370 2417 egistis?
403 2345 511 2402 Nonne
524 2344 605 2402 enim
618 2345 714 2418 magis
727 2344 851 2402 decebat
864 2361 902 2400 ex
916 2343 1040 2400 fratrum
1052 2343 1153 2399 labore
1166 2343 1280 2416 aliquid
1292 2353 1399 2416 postu·

246 2431 317 2501 lare,
329 2442 360 2490 et
375 2450 413 2489 ex
427 2432 627 2505 permissione
640 2434 720 2506 quod
737 2431 874 2488 sufficere
891 2440 996 2504 posset
1014 2431 1178 2502 suscipere,
1190 2447 1283 2503 quam
1300 2433 1333 2488 iu
1348 2431 1397 2489 dei
1500 2495 1501 2498 Ἴ

245 2519 371 2578 famulos
384 2519 519 2577 fraudem
532 2519 662 2577 illicitam
680 2521 876 2594 perpetrare?
904 2518 965 2575 Sed
982 2535 1061 2574 nunc
1074 2519 1139 2590 ipse
1151 2517 1203 2590 qui
1215 2535 1272 2575 vos
1286 2518 1397 2592 ligauit,

202 2630 232 2679 ²5
247 2607 355 2664 ihesus
374 2607 512 2665 Christus
530 2607 670 2664 dominus
690 2617 803 2676 noster,
817 2607 854 2664 ab
874 2606 929 2662 hac
951 2606 1039 2678 plaga
1058 2605 1181 2662 liberet’
1219 2605 1291 2662 iliis
1310 2606 1398 2664 dictis

245 2695 402 2754 confestim
422 2697 460 2754 ab
479 2695 561 2752 omni
580 2693 727 2768 corporali
749 2693 837 2768 plaga
857 2692 947 2750 soluti
966 2702 1045 2750 sunt
1082 2692 1120 2749 Et
1141 2693 1251 2750 adiecit
1269 2693 1395 2752 dicens:

245 2784 368 2842 ‘Tollite
394 2784 463 2842 hinc
487 2783 641 2840 vobiscum
666 2798 759 2840 onera
781 2789 902 2839 vestra:
933 2789 964 2838 et
987 2780 1127 2854 quotiens
1150 2798 1280 2838 necesse
1307 2781 1397 2840 fuerit

245 2871 337 2945 petite
355 2891 372 2930 a
391 2873 487 2942 nobis,
506 2881 536 2928 et
554 2889 610 2928 nos
629 2870 819 2928 incuntanter
833 2869 1019 2939 tribuemus3
1039 2877 1070 2925 et
1089 2869 1180 2924 nolite
1199 2879 1327 2942 propter
1344 2888 1396 2928 res

244 2959 429 3016 transitorias
445 2967 475 3016 et
491 2960 618 3016 caducas
637 2958 753 3014 animes
769 2965 887 3014 vestras
904 2957 1049 3029 perdere.'
1087 2955 1187 3012 Atilii
1204 2956 1308 3013 statim
1325 2975 1396 3014 con-

200 3069 232 3118 30
244 3046 334 3116 uersi,
346 3063 443 3120 usque
461 3047 498 3102 ad
516 3045 700 3120 decrepitam
716 3053 827 3102 etatem
844 3045 875 3100 in
892 3043 979 3102 bonis
997 3042 1139 3116 operibus
1151 3044 1209 3100 deo
1224 3047 1397 3102 sentiemes
1500 3101 1501 3104 ,

244 3151 312 3192 cum
330 3133 395 3191 viro
412 3135 460 3191 dei
477 3135 568 3190 vitam
585 3151 671 3190 suam
690 3134 849 3190 duxerunt.
924 3120 1011 3190 Dum
1023 3133 1152 3204 quadam
1167 3142 1256 3188 nocte
1273 3141 1397 3190 sanctus

244 3222 293 3279 dei
306 3223 388 3279 solus
406 3223 437 3278 in
453 3221 581 3278 oratorio
594 3229 792 3296 pernoctaret,
805 3228 952 3277 astantem
968 3219 1024 3276 sibi
1036 3219 1110 3276 vidit
1123 3220 1265 3293 angelum
1279 3220 1396 3277 domini
1500 3247 1501 3250 ¹

244 3310 532 3384 splendidissimum,
551 3310 635 3366 cuius
656 3309 755 3382 fulgor
775 3309 893 3366 lucebat
912 3318 944 3365 vt
963 3308 1018 3379 sol,
1039 3317 1070 3364 et
1091 3307 1167 3364 dixit
1188 3307 1235 3364 ei:
1260 3307 1396 3366 ‘Sancte

243 3398 494 3465 dciWinwaloee,
508 3407 624 3454 mature
641 3397 753 3470 segetis
765 3406 796 3453 et
808 3397 887 3454 bone
899 3395 992 3469 frugis
1002 3413 1091 3468 quarn
1105 3393 1263 3452 seminasti
1272 3403 1396 3470 tempus

199 3500 229 3550 35
243 3486 333 3543 instat
349 3486 533 3559 colligende.'
555 3485 610 3542 Cui
627 3486 694 3543 ille:
713 3484 770 3542 ‘Vt
786 3494 836 3542 tua
848 3485 995 3554 voluntas,
1007 3483 1051 3540 sic
1063 3501 1132 3540 mea
1144 3483 1212 3539 fiat’
1277 3471 1396 3540 Illumi-

243 3583 313 3631 nata
329 3573 483 3630 cuiusdam
503 3573 636 3630 mulieris
651 3573 774 3630 cecitate
786 3592 793 3644 ;
813 3571 952 3646 apparuit
965 3571 993 3629 ei
1005 3571 1130 3644 angelus
1143 3569 1257 3627 domini
1269 3572 1395 3629 diceus:

243 3662 366 3718 ‘Frater
386 3663 568 3731 venerande,
585 3661 741 3719 conciuem
766 3660 821 3718 sibi
841 3667 1010 3733 exposcunt
1031 3668 1061 3715 te
1080 3658 1211 3726 celicola,
1227 3667 1259 3715 et
1278 3658 1339 3715 cito
1358 3659 1396 3716 ab

243 3750 331 3808 huius
344 3751 448 3822 agonis
467 3749 568 3807 labore
580 3748 772 3806 liberaberis!
809 3747 868 3819 Qui
881 3748 982 3806 statim
995 3745 1166 3804 conuocatis
1179 3746 1323 3803 fratribus
1335 3747 1394 3804 ait:

242 3833 422 3907 ‘Preparate
441 3851 496 3890 vos
518 3833 615 3903 hodie,
633 3834 702 3907 quia
722 3844 879 3907 postquam
901 3832 1027 3888 missam
1048 3839 1207 3886 cantauero
1228 3839 1260 3886 et
1281 3847 1394 3904 corpus

194 3945 229 3994 40
243 3931 273 3980 et
288 3922 465 3996 sanguinem
478 3917 588 3978 Christi
605 3939 757 3994 recepero,
770 3931 856 3978 sexta
873 3919 961 3976 huius
978 3918 1037 3976 diei
1056 3918 1129 3974 hora
1144 3918 1182 3974 ab
1194 3917 1253 3974 isto
1266 3935 1394 3991 corpore

243 4010 386 4084 suscipiet
406 4027 454 4066 me
473 4009 612 4065 dominus
637 4011 757 4066 noster.’
794 4008 951 4066 Celebrate
970 4006 1069 4080 itaque
1089 4005 1192 4073 missa,
1212 4014 1297 4062 stans
1322 4016 1393 4062 ante

242 4100 335 4155 altare
351 4099 429 4154 inter
443 4098 519 4154 duos
537 4097 701 4154 monachos
715 4095 785 4153 hinc
802 4097 873 4153 inde
892 4103 1084 4164 sustentatus,
1096 4110 1156 4150 vna
1171 4109 1239 4149 cum
1253 4091 1393 4150 fratribus

242 4186 386 4260 psallens,
401 4185 532 4242 animam
551 4185 608 4242 deo
627 4184 765 4253 reddidit,
781 4192 843 4240 tam
866 4200 884 4240 a
904 4181 1049 4256 corporali
1067 4180 1235 4254 egritudine
1252 4180 1392 4237 intactam

242 4291 332 4348 quam
345 4291 362 4330 a
375 4273 537 4348 pollutione
550 4273 661 4329 carnali
672 4274 824 4330 mundam.
852 4271 934 4328 Obiit
946 4280 1045 4327 autem
1058 4271 1162 4342 quinto
1175 4285 1272 4327 nonas
1281 4267 1390 4336 marcii,

466 4387 475 4420 ¹
495 4387 523 4438 E.
537 4388 639 4438 deuota.
803 4385 813 4416 ¹
829 4385 858 4436 T.
872 4385 899 4435 F„
913 4400 969 4435 eum
981 4391 1090 4448 quatuor
1101 4383 1166 4434 aliis.
