3028 4894
264 321 339 394 454
568 297 708 384 tuoto
734 293 923 399 imatus
949 295 1100 400 flnntta

266 484 340 555 Fuit
362 497 409 556 vir
434 496 556 572 quidam
580 497 721 554 diuturna
745 496 917 555 infirmitate
941 499 1089 567 detentus,
1110 505 1232 570 totoque
1257 497 1414 556 imbecillis

264 603 390 659 corpore
409 586 518 642 iacens.
557 585 787 660 lngtauescente
808 587 929 642 tandem
952 585 1047 641 morbi
1066 587 1203 658 angustia
1227 585 1260 642 in
1287 587 1415 642 extasim

263 683 376 747 raptus,
396 674 520 748 ¹angelo
538 675 614 730 duce
633 690 688 747 per
706 673 771 730 loca
788 673 916 740 diuersa,
932 673 1053 730 horrida
1070 681 1100 729 et
1118 690 1234 741 amena,
1247 674 1416 731 deducitur.

265 761 518 818 Innumerabilem
537 779 609 818 vero
627 763 745 818 turbam
763 761 892 817 diuersis
911 760 1034 818 cntciari
1055 761 1142 833 penis
1163 761 1324 834 conspicit,
1344 779 1416 818 non·

236 867 251 916 5
265 849 371 917 nullos,
383 867 460 922 quos
473 850 503 905 in
513 851 573 906 vita
585 858 775 922 cognouerat,
788 848 869 916 vidit,
882 848 932 921 qui
946 848 1100 905 familiaria
1112 849 1242 921 quedam
1255 859 1289 905 et
1301 860 1417 906 secreta

264 939 292 994 ei
316 939 468 994 tradentes
493 936 676 1008 intersignia,
701 935 880 1010 quibusdam
910 935 1008 993 adhuc
1031 935 1200 993 virentibus
1226 953 1286 1009 per
1315 937 1417 1010 ipsum

265 1026 435 1081 mandando
451 1024 602 1082 notificant
619 1025 743 1081 eosdem
759 1024 818 1080 illis
831 1031 1010 1097 preparatos
1025 1023 1172 1080 cruciatus
1184 1024 1242 1079 nisi
1255 1025 1297 1080 ab
1317 1024 1379 1080 hiis
1391 1037 1418 1079 et

263 1111 323 1169 illis
344 1113 513 1186 penitentes
535 1111 709 1168 criminibus
730 1111 883 1168 desistant
922 1111 1105 1184 florigeram
1128 1111 1418 1185 amenissimamque

264 1199 430 1274 ingreditur
441 1201 603 1271 regionem,
612 1199 800 1255 innumeram
813 1199 853 1255 ibi
866 1198 1019 1255 hominum
1030 1199 1146 1272 copiam
1159 1199 1188 1254 in
1203 1199 1302 1271 glorie
1315 1201 1418 1256 inesti-

220 1305 252 1342 ιο
265 1287 383 1344 mabilis
397 1287 506 1360 gaudio
523 1287 651 1360 positam
668 1286 779 1357 cemit;
799 1294 829 1343 et
843 1285 914 1342 inde
931 1303 986 1359 per
998 1286 1077 1342 viam
1090 1287 1218 1344 diuersis
1232 1297 1418 1345 constratam

234 1362 238 1374 “
264 1373 387 1432 floribus
412 1375 592 1447 digrediens,
616 1384 686 1432 ante
711 1375 867 1431 sedentem
898 1373 929 1430 in
963 1374 1072 1430 throno
1102 1374 1258 1430 dominum
1294 1378 1417 1432 tandem

264 1463 409 1520 adductus
424 1463 563 1532 constitit,
576 1471 664 1535 atque
678 1463 708 1518 in
722 1463 867 1518 chorusce
882 1461 957 1518 lucis
972 1460 1088 1534 fulgore
1102 1462 1202 1518 defixo
1220 1462 1332 1519 intuitu
1346 1464 1418 1519 vidit

264 1551 427 1618 dominum,
439 1551 549 1607 throno
562 1567 654 1607 aureo
670 1551 826 1607 sedentem
840 1549 988 1622 lapidibus
1002 1548 1144 1621 preciosis
1157 1559 1272 1618 ornato,
1286 1561 1319 1606 et
1331 1567 1417 1607 sanc·

263 1647 360 1694 torum
374 1639 455 1695 milia
466 1647 536 1696 ante
548 1655 626 1695 eum
662 1635 751 1694 Videt
764 1655 883 1710 quoque
896 1653 914 1693 a
926 1636 1041 1692 dextris
1058 1636 1088 1692 in
1106 1637 1261 1694 maiestate
1280 1641 1418 1696 sedentis

221 1741 250 1790 ¹5
263 1727 382 1782 beatam
407 1726 553 1800 virginem
583 1726 719 1796 Mariam,
744 1735 773 1782 et
798 1725 836 1781 ad
859 1725 955 1799 pedes
979 1724 1090 1780 domini
1115 1741 1243 1796 puerum
1268 1727 1417 1800 conspicit

264 1815 350 1887 quasi
372 1815 571 1882 duodennem,
595 1813 725 1870 scabello
750 1829 841 1869 aureo
866 1811 1066 1869 residentem:
1093 1812 1178 1870 cuius
1203 1813 1325 1871 habitus
1347 1816 1417 1870 niue

264 1901 427 1972 candidior,
440 1911 471 1958 et
482 1903 582 1958 vultus
597 1901 783 1974 splendidior
800 1900 872 1968 sole,
885 1901 957 1972 etin
971 1901 1068 1973 capite
1083 1900 1147 1957 eius
1160 1918 1271 1957 corona
1284 1902 1416 1976 fulgebat

264 2007 363 2058 aurea,
384 1989 613 2064 preciosissimis
636 1989 767 2062 undique
788 1987 935 2062 lapidibus
957 1987 1112 2061 insignita:
1144 1989 1191 2044 cui
1210 1989 1325 2062 pariter
1344 2009 1416 2047 con·

264 2077 489 2151 gratulabantur
499 2087 669 2134 sanctorum
678 2075 768 2146 chori,
777 2093 906 2149 eumque
920 2078 1050 2132 maxime
1057 2076 1280 2132 venerabantur
1292 2079 1415 2135 ordines

220 2182 251 2219 ao
263 2165 398 2238 angelici.
435 2165 551 2236 Quibus
564 2163 638 2222 visis
655 2164 762 2238 angelo
778 2163 835 2220 ait:
856 2162 950 2233 ‘Quis
968 2172 1014 2219 est
1033 2163 1089 2233 hic,
1101 2162 1233 2232 domine,
1246 2165 1294 2220 cui
1314 2175 1414 2221 tantus

265 2252 359 2309 honor
372 2253 587 2326 impenditurl'
624 2251 662 2308 Et
675 2251 741 2308 ille:
762 2251 837 2307 ‘Hic
856 2259 903 2307 est
921 2249 968 2307 cui
987 2250 1083 2306 honor
1100 2249 1227 2307 debetur
1240 2263 1414 2325 perpetuus.

264 2357 354 2412 quem
368 2341 399 2396 in
413 2341 546 2397 derisum
559 2339 706 2397 dominice
720 2338 868 2413 passionis
881 2347 911 2394 et
924 2338 1117 2410 obprobrium
1132 2338 1189 2394 hiis
1202 2341 1298 2396 sacris
1308 2341 1413 2397 diebus

265 2425 348 2483 ludei
374 2427 575 2484 norwicenses
599 2435 808 2500 peremerunt;
836 2424 962 2497 eiusque
987 2425 1113 2481 debetur
1137 2425 1253 2482 meritis
1273 2428 1354 2499 quod
1377 2429 1414 2482 ad

264 2515 457 2588 sepulchrum
470 2515 550 2571 illius
563 2514 729 2571 remedium
747 2512 911 2586 suscipies¹
923 2512 1074 2568 sanitatis!
1111 2511 1149 2569 Et
1162 2513 1220 2570 hiis
1233 2513 1331 2578 dictis,
1344 2515 1413 2571 inde

221 2621 249 2670 25
265 2603 406 2660 continuo
436 2603 608 2672 assumitur,
632 2612 663 2658 et
693 2619 748 2658 suo
778 2599 895 2673 corpori
928 2599 1099 2657 restituitur.
1150 2599 1319 2659 Remeante
1342 2621 1414 2659 vero

264 2690 365 2748 anima
388 2691 486 2748 subito
511 2707 600 2748 omne
625 2705 734 2762 corpus
759 2688 946 2757 contremuit,
966 2697 996 2744 et
1018 2687 1171 2744 rediuiuus
1192 2689 1343 2761 apparuit,
1367 2689 1414 2746 et¹
1506 2735 1507 2764 ,

264 2779 380 2836 cunctis
393 2779 524 2836 seriatim
538 2795 597 2851 que
609 2779 724 2834 viderat
737 2777 903 2833 enarrauit:
926 2775 1095 2832 Nonvicum
1112 2775 1192 2844 adiit,
1205 2785 1236 2832 et
1255 2777 1413 2834 sanitatem
1506 2771 1507 2816 l

265 2865 332 2923 sine
343 2883 427 2923 mora
439 2866 561 2940 recepit
612 2853 712 2922 Multa
725 2863 998 2937 insupermiracula
1012 2880 1067 2936 pro
1079 2880 1134 2920 suo
1148 2865 1271 2922 martire
1283 2865 1414 2938 glorioso
1506 2917 1507 2937 ,

264 2953 403 3010 dominus
428 2954 588 3010 ostendere
613 2953 753 3026 dignatus
777 2960 842 3008 est:
871 2951 950 3007 inter
971 2969 1030 3023 que
1050 2968 1138 3008 cecos
1157 2961 1293 3023 quatuor,
1316 2963 1413 3010 mutos
1506 2941 1507 2980 l

220 3055 252 3104 50
264 3042 405 3114 quinque,
419 3041 600 3114 hydropicos
613 3041 697 3108 duos,
710 3039 902 3096 demoniacos
914 3048 984 3107 tres,
997 3045 1027 3094 et
1039 3038 1223 3111 epilenticos,
1237 3050 1414 3106 contractos,

266 3130 384 3198 surdos,
404 3128 557 3201 naufragio
571 3128 783 3201 periclitantes,
802 3126 997 3199 compeditos,
1015 3127 1164 3199 gibbosos,
1177 3144 1212 3184 ac
1230 3127 1305 3184 alios
1325 3129 1415 3185 variis

265 3217 379 3274 morbis
391 3226 421 3272 et
433 3215 574 3290 periculis
587 3215 719 3285 afflictos,
733 3215 857 3283 sanauit,
870 3213 1015 3284 liberauit,
1027 3231 1063 3271 ac
1075 3213 1172 3272 soluit.

731 3391 756 3452 tl
773 3389 912 3448 Narratio
918 3390 937 3446 ⁴.

301 3484 482 3572 Stephanus
520 3496 641 3570 quidam
673 3513 729 3570 per
759 3513 855 3553 annos
885 3493 1042 3567 sexaginta
1073 3495 1239 3552 monachus
1270 3496 1416 3562 existens,

264 3594 380 3642 tantum
398 3585 500 3642 habuit
515 3585 545 3641 in
561 3585 762 3641 discernenda
777 3599 878 3640 rerum
895 3583 1087 3655 ambiguitate
1102 3582 1253 3651 iudicium,
1267 3593 1298 3639 vt
1315 3585 1417 3641 nullus

220 3688 251 3739 55
264 3674 302 3730 ad
328 3673 427 3747 ipsum
451 3691 491 3730 ex
520 3689 698 3746 quacunque
722 3689 812 3728 causa
836 3671 929 3728 tristis
953 3670 1069 3727 veniret
1095 3669 1145 3742 qui
1170 3687 1231 3727 non
1255 3680 1326 3745 post
1351 3674 1417 3729 eius

263 3761 411 3819 visionem
424 3770 513 3834 atque
526 3776 698 3816 sermonem
711 3759 788 3815 letus
801 3759 985 3815 abscederet.
1028 3757 1158 3814 Sanctus
1171 3758 1252 3814 enim
1268 3758 1416 3832 Euagrius

264 3859 293 3906 et
314 3846 515 3905 Ammonius⁸
535 3855 566 3904 et
593 3847 644 3920 qui
672 3864 740 3904 cum
771 3845 815 3902 eis
839 3855 933 3916 erant,
954 3846 1113 3918 aliquando
1137 3845 1309 3902 referebant
1335 3850 1415 3920 quod

264 3938 448 3994 inuenerunt
466 3953 536 3992 eum
555 3934 586 3991 in
604 3934 746 3991 verendis
768 3942 874 3990 nature
892 3933 1022 4006 quodam
1044 3933 1149 3989 morbo
1169 3933 1368 4004 laborantem,
1387 3947 1416 3991 et

265 4041 341 4098 opus
367 4023 488 4097 quidem
513 4022 651 4078 manibus
676 4021 739 4078 suis
765 4020 931 4091 facientem,
956 4022 986 4078 id
1010 4031 1058 4076 est
1087 4021 1126 4076 de
1156 4020 1299 4092 palmulis
1329 4022 1416 4079 funes

164 4101 169 4104 ’
219 4131 253 4183 40
264 4119 463 4185 torquentem,
481 4109 731 4167 sermocinantem
750 4126 869 4182 quoque
889 4108 1038 4178 fratribus,
1053 4115 1168 4164 ceteras
1186 4125 1259 4164 vero
1280 4111 1416 4183 corporis
1506 4141 1507 4164 t

265 4209 367 4273 partes
396 4197 513 4255 medico
542 4197 682 4270 ferroque
710 4197 904 4269 prebentem
935 4196 1011 4252 adeo
1036 4211 1166 4267 namque
1191 4213 1249 4269 per
1272 4197 1415 4269 patientie

298 4312 354 4361 ¹E.
368 4318 395 4359 et
406 4328 428 4360 a.
528 4311 582 4361 ΙΤ.
598 4309 628 4361 E.
641 4309 774 4373 suspicias.
882 4309 985 4360 'sve
1083 4308 1237 4360 ‘ExVine
1251 4309 1317 4361 Bell.
1332 4310 1414 4361 lell.

265 4377 299 4425 80
312 4375 373 4439 (vit.
389 4376 457 4424 Patr.
471 4390 496 4437 p.
512 4377 596 4440 1131).
694 4378 705 4406 ¹
720 4391 751 4425 so
763 4375 835 4438 VB.;
852 4375 881 4426 T.
893 4375 1030 4434 Antonius,
1043 4373 1071 4425 E.
1085 4375 1242 4426 Anthonius.
