3046 4902
277 363 350 448 614
731 341 933 446 apparuit
961 341 1012 420 ll.

275 559 368 630 palem
377 551 589 618 constituereet
599 549 628 607 in
636 567 687 607 suo
696 565 760 607 eum
766 547 893 604 dominio
901 545 1048 615 subiugare
1056 541 1222 613 temptabat.
1240 541 1439 596 Hommus

276 637 558 707 wchriiiacdrsasti
578 631 798 704 Thesorderrers]
817 633 939 704 episcopi
946 629 963 684 ¹.
1014 629 1135 683 Volebat
1155 625 1287 696 redigere
1314 623 1437 678 consilio

276 739 389 778 suorum
399 722 427 775 in
437 717 776 789 seruitutem,qubdreges
786 733 820 770 ac
829 715 872 770 sui
885 713 1095 784 predecessores
1108 710 1291 764 firmauerant
1305 709 1336 763 in
1349 707 1438 762 liber·

276 815 370 862 tatem.
410 803 522 858 Partem
538 819 587 857 sue
605 800 733 868 diocesis,
752 801 843 855 locum
857 797 970 852 dicebat
984 811 1048 850 esse
1066 791 1268 865 preciosissimi
1286 791 1437 846 martiris:

248 907 263 957 3
277 903 398 960 querens
413 885 515 940 iniuste
531 883 626 955 pocius
641 899 762 954 preesse,
776 898 861 953 quarn
874 879 1028 936 secundum
1041 877 1124 931 deum
1137 885 1166 930 vt
1178 875 1277 930 debuit
1286 874 1438 944 prodesse.
1510 933 1512 946 Ι

279 969 473 1026 lnsectabatur
484 967 541 1038 lupi
554 983 631 1022 more
643 966 731 1022 caulis
743 965 847 1032 ouium,
856 963 959 1018 scilicet
969 960 1046 1030 gregi
1056 959 1261 1013 monachorum
1274 959 1438 1012 aduersaris

278 1053 380 1123 inique,
394 1051 467 1106 intro
479 1049 603 1120 gestiens
615 1065 719 1120 ponere
732 1047 832 1118 pedem
844 1045 975 1117 primum,
988 1044 1028 1098 sic
1036 1053 1066 1098 rt
1078 1042 1205 1112 ingerere
1216 1051 1318 1112 posset
1332 1039 1439 1096 deinde

278 1153 380 1206 corpus
398 1145 495 1190 toturn.
534 1135 639 1187 Contra
657 1131 732 1203 quod
750 1129 839 1185 abbas
858 1127 1018 1183 Bnldwinus
1035 1143 1124 1197 pauca
1140 1125 1298 1194 respondit,
1319 1137 1438 1178 securus

279 1233 376 1287 regum
389 1215 541 1286 priuilegiis
553 1214 606 1270 sibi
619 1231 653 1268 ac
665 1213 723 1268 suis
738 1211 980 1284 predecessoribus
998 1208 1264 1279 successoribusque
1283 1206 1439 1262 concessis

237 1321 266 1358 ro
281 1297 366 1371 [Nec]
376 1295 387 1330 ¹
399 1309 513 1370 propter
527 1297 582 1352 hoc
599 1297 704 1368 quieuit
721 1297 879 1367 episcopus,
890 1289 999 1349 lactus⁸
1015 1293 1078 1347 loco
1096 1291 1206 1360 locique
1225 1290 1440 1360 pertinenubns

280 1383 453 1452 inportunus.
490 1379 679 1434 Grassabatur
690 1379 718 1433 in
728 1377 869 1434 maliciam
883 1377 976 1431 modis
988 1375 1126 1440 omnibus,
1135 1373 1238 1428 nullius
1251 1375 1367 1429 habens
1377 1373 1438 1443 epi·

279 1463 357 1533 scopi
370 1463 412 1517 sui
426 1461 560 1532 scriptum
573 1461 817 1528 antecessoris,vel
829 1460 1024 1530 cirographum
1037 1455 1247 1512 testimonium*
1255 1475 1308 1512 sue
1318 1456 1439 1512 oelarni·

279 1542 372 1600 tatis⁸.
392 1544 503 1599 Deinde
515 1543 590 1614 regis
602 1543 720 1599 licencia
731 1545 863 1599 baculum
875 1543 1017 1614 quendam
1025 1541 1213 1612 episcopalem
1227 1540 1383 1596 cuiusdam
1395 1537 1437 1594 sni
1510 1531 1512 1548 '

278 1626 462 1683 antecessoris
481 1645 498 1682 a
516 1626 685 1682 monasterio
703 1627 804 1696 rapuit,
817 1637 919 1696 putans
938 1624 979 1679 sic
997 1641 1047 1694 per
1059 1623 1188 1678 baculum
1207 1623 1262 1678 sibi
1281 1623 1439 1678 vendicare

237 1733 265 1784 ¹5
279 1711 349 1766 tanti
371 1709 424 1764 loci
446 1708 632 1780 participium.
667 1709 832 1763 Martianus.
853 1711 924 1764 Orta
944 1706 1027 1777 igitur
1046 1707 1095 1760 tali
1116 1723 1150 1761 ex
1173 1723 1262 1761 causa
1286 1707 1367 1762 inter
1389 1723 1439 1762 eos

280 1793 359 1863 graui
379 1791 560 1847 contencione
581 1802 609 1847 et
632 1789 710 1861 graui
736 1791 942 1846 controuersia:
970 1789 1129 1844 baldwinus
1149 1789 1241 1844 abbas
1261 1790 1387 1846 consilio
1411 1799 1440 1844 ct

279 1875 382 1931 auxilio
393 1875 467 1944 regis
480 1873 612 1929 Willelrni
625 1873 707 1944 primi
720 1875 842 1929 Romam
862 1873 1001 1944 proiectus
1013 1883 1075 1938 est;
1093 1873 1139 1928 vbi
1152 1889 1170 1926 a
1182 1889 1257 1942 papa
1271 1875 1439 1928 Alexandro

281 1967 426 2028 susceptus
445 1957 606 2026 honorifice,
619 1957 757 2027 presbiter
774 1957 920 2012 ordinatus
937 1967 989 2011 est.
1026 1959 1051 2010 Α
1070 1973 1127 2026 quo
1144 1955 1234 2010 eciam
1254 1956 1438 2026 priuilegium

280 2040 469 2112 exempcionis
479 2039 607 2108 optinuit,
616 2039 644 2093 in
657 2056 712 2111 quo
725 2040 882 2094 continetur
893 2039 965 2094 inter
977 2049 1086 2094 cetera:
1100 2048 1130 2093 vt
1143 2037 1217 2093 idem
1230 2039 1439 2094 monasterium

237 2123 370 2182 rosancti
391 2123 535 2179 Edmundi
560 2123 612 2178 sub
633 2123 745 2178 abbatis
768 2121 903 2192 regimine
927 2121 1131 2192 imperpetuum
1156 2119 1248 2176 ordini
1273 2123 1438 2177 monastico

281 2207 429 2276 desentiat,
453 2223 507 2261 nec
531 2206 625 2278 eliqua
648 2215 774 2276 potestas
799 2204 931 2260 secularis
955 2214 1004 2260 aut
1027 2203 1217 2259 ecclesiastica
1241 2204 1302 2258 iam
1326 2205 1437 2258 dictum
1511 2241 1512 2246 κ

281 2291 374 2345 locum
393 2289 420 2344 in
438 2289 533 2344 sedern
553 2288 739 2358 episcopalem
759 2297 904 2342 conuertat
915 2307 923 2353 l
950 2296 979 2342 et
998 2297 1028 2342 vt
1050 2287 1142 2341 nullus
1160 2303 1216 2351 tex,
1238 2288 1307 2352 dux,
1330 2303 1436 2352 comes,

280 2374 438 2443 episcopus,
451 2372 548 2440 abbas,
559 2389 608 2426 seu
619 2371 714 2442 aliqua
725 2387 847 2441 persona
859 2369 992 2426 secularis
1004 2379 1052 2424 aut
1060 2368 1260 2436 ecclesiastica,
1273 2371 1435 2440 predictum
1511 2433 1512 2439 χ

280 2455 480 2510 monasterium
498 2454 587 2509 sancti
607 2453 749 2509 Edmundi
763 2455 806 2509 vel
824 2455 979 2508 monachos
998 2452 1036 2508 ibi
1050 2453 1104 2508 deo
1122 2451 1276 2508 seruientes
1293 2455 1349 2509 sub
1362 2471 1437 2524 pena

238 2557 268 2607 ²5
280 2537 469 2592 anathematis
487 2535 649 2607 inquietare,
662 2553 714 2592 nec
727 2535 832 2608 aliquid
848 2553 944 2592 eorum
957 2553 1012 2608 que
1024 2553 1098 2592 nunc
1111 2536 1196 2590 habet
1207 2537 1252 2590 vel
1266 2535 1297 2590 in
1310 2537 1436 2592 futurum

280 2617 443 2691 adquisierit
467 2619 596 2689 diripere,
620 2619 762 2687 inuadere,
787 2629 834 2676 aut
857 2619 979 2674 alienare
1003 2630 1151 2690 presumat
1189 2619 1227 2674 Et
1252 2619 1334 2674 dedit
1361 2621 1436 2675 idern

281 2719 357 2774 papa
368 2703 464 2756 abbati
479 2701 641 2758 Baldewino
653 2701 761 2773 virgam
772 2705 940 2773 pastoralem
953 2713 981 2759 et
993 2703 1135 2769 annulum,
1148 2713 1176 2757 et
1194 2704 1284 2757 altare
1304 2703 1435 2774 portatile

280 2801 315 2842 ex
338 2785 432 2857 lapide
455 2785 614 2856 porphirico
636 2785 794 2856 preciosum
820 2795 846 2841 et
869 2785 897 2840 in
922 2787 1028 2842 honore
1049 2797 1146 2841 sancte
1172 2785 1263 2840 Marie
1288 2797 1318 2840 et
1343 2785 1434 2841 sancti

283 2868 426 2924 Edmundi
440 2868 632 2940 sollempniter
648 2868 685 2924 ab
704 2868 766 2940 ipso
783 2879 984 2937 consecratum,
1004 2869 1119 2924 dicens:
1139 2869 1185 2925 ‘Si
1204 2879 1295 2924 totum
1315 2885 1434 2939 regnum

238 2973 270 3022 ,30
283 2953 435 3023 Anglorum
448 2951 542 3022 aliqua
550 2953 849 3008 excommunicacionis
858 2970 943 3008 causa
952 2970 970 3006 a
979 2952 1075 3008 diuino
1084 2963 1203 3008 cessaret
1212 2952 1321 3007 officio:
1335 2969 1433 3024 quam·

282 3037 330 3091 diu
343 3037 430 3091 altare
441 3034 515 3091 istud
528 3035 665 3102 integrum
676 3045 706 3090 et
718 3036 853 3090 illibatum
864 3035 1004 3091 custodire
1016 3036 1149 3106 poteritis,
1158 3051 1302 3106 nunquam
1316 3053 1335 3090 a
1347 3037 1433 3091 sacris
1509 3067 1510 3077 .

283 3118 432 3174 missarum
451 3117 622 3188 sollempniis
641 3135 692 3188 pro
707 3119 801 3190 aliqua
818 3117 1017 3190 prohibicione,
1030 3118 1084 3174 nisi
1103 3135 1176 3189 papa
1194 3119 1249 3173 hoc
1265 3120 1432 3174 nominatim

283 3201 463 3266 interdixerit,
476 3199 639 3256 cessabitis)
676 3203 767 3272 Super
778 3203 855 3274 quod
867 3201 981 3274 quidem
994 3203 1081 3257 altare
1093 3201 1131 3257 hii
1144 3219 1240 3257 versus
1256 3203 1430 3258 scribuntur:

283 3282 405 3338 ‘Altaris
426 3299 553 3338 mensam
573 3300 637 3337 cum
658 3283 783 3356 reliquiis
804 3285 876 3340 bene
895 3295 1036 3355 comptam
1057 3287 1125 3352 Dat,
1151 3295 1243 3340 samat
1262 3287 1340 3340 hanc
1354 3287 1432 3340 uobis

238 3377 269 3430 35
285 3365 446 3420 Baldewino
472 3375 551 3436 pater
574 3365 649 3420 orbis
677 3367 900 3439 Pontificumque
931 3367 1008 3424 sidus
1033 3369 1246 3440 Alexanderque
1275 3371 1433 3425 secundus)
1508 3377 1509 3395 .

282 3445 652 3505 ilHerrnannusarcluiir'ac.
673 3449 920 3522 Arjastr'ept'seopr‘.
942 3451 1429 3522 Postearediitabbasdomumpriui-

283 3529 356 3598 legio
368 3529 492 3585 munitus
504 3533 659 3602 apostolico
671 3533 827 3588 secundum
839 3535 995 3590 libertatern
1014 3552 1032 3589 a
1043 3535 1156 3604 regibus
1168 3545 1268 3590 sancto
1280 3536 1430 3592 Edmundo

283 3629 454 3667 concessam.
477 3613 526 3668 Set
536 3615 629 3684 presul
641 3615 839 3672 nichilominus
848 3616 938 3687 magis
949 3617 1113 3684 exardescit,
1122 3618 1191 3672 iram
1200 3618 1392 3687 multiplicans
1404 3621 1429 3674 in

283 3694 451 3761 tribulando,
464 3695 512 3750 zeli
526 3697 591 3751 mali
604 3697 678 3752 circa
690 3699 782 3754 locum
795 3701 884 3755 sancti
895 3701 1019 3768 gestiens
1028 3701 1261 3768 amaritudinem
1275 3711 1304 3756 et
1318 3715 1431 3758 conatur
1507 3697 1508 3715 ¹

238 3803 272 3851 40
284 3778 375 3834 modis
387 3779 518 3834 omnibus
530 3779 636 3834 ibidem
647 3781 742 3836 sedem
756 3799 836 3838 suam
849 3783 996 3840 collocare.
1011 3784 1072 3838 Nec
1084 3783 1224 3853 preteribo
1234 3783 1328 3840 silenti
1341 3802 1430 3840 casac-

283 3874 350 3932 tere,
363 3861 532 3918 confusionis
544 3864 655 3918 deterso
663 3865 771 3932 rubore,
780 3867 855 3936 quod
867 3865 998 3921 audiente
1010 3881 1056 3920 me
1068 3866 1160 3935 presul
1173 3866 1247 3920 idem
1257 3869 1429 3924 tractrauen't

283 3945 439 4018 sepissime,
452 3957 479 4000 et
492 3945 550 4016 regi
563 3947 688 4016 predicto
704 3957 818 4018 propter
828 3948 946 4002 eandem
956 3948 1103 4003 abbaciam
1113 3949 1149 4002 ad
1162 3949 1258 4002 sedem
1272 3965 1354 4004 suam
1366 3967 1429 4005 con·

284 4029 456 4085 stituendam
474 4047 519 4084 rne
532 4029 847 4102 dictante,dictatasque
860 4031 1008 4098 scribente,
1020 4031 1114 4086 literas
1126 4040 1204 4086 trans
1221 4047 1301 4086 mare
1320 4033 1429 4100 miserit,

283 4111 415 4167 remissas
427 4128 539 4183 quoque
551 4111 664 4182 legerim
680 4115 778 4184 quales
791 4113 882 4184 presul
902 4113 1064 4184 susceperit.
1101 4114 1163 4183 Que
1181 4115 1299 4168 remisse
1317 4115 1428 4170 consilio

239 4215 270 4264 45
285 4195 461 4265 quorundam
481 4195 634 4266 aliquando
654 4195 765 4252 luerunt
785 4197 922 4265 allectiue,
938 4197 1091 4268 aliquando
1111 4195 1202 4252 eciam
1223 4197 1327 4254 virtute
1344 4201 1426 4254 sancti

384 4349 392 4378 ¹
410 4351 449 4401 Cl.
462 4351 519 4401 Tib.
531 4353 574 4402 fol.
587 4367 626 4414 ⁵²·
801 4353 811 4383 ¹
828 4369 876 4406 om.
1049 4354 1060 4384 ⁸
1078 4353 1266 4420 liquiescit..
1280 4392 1287 4405 .
1300 4355 1336 4407 lit.

501 4415 509 4444 ⁴
527 4417 562 4468 H.
575 4419 725 4469 testimonio.
890 4421 900 4452 ⁸
921 4443 943 4462 -
956 4419 1120 4482 clametiouis
1132 4421 1217 4472 claim.

1500 4745 1504 4888 l
