3046 4902
284 315 358 406 596
715 301 918 404 dopmnis
945 301 997 378 11.

281 511 365 567 inicia
378 509 547 580 premiorum
560 509 597 564 de
608 525 695 562 manu
708 505 814 562 domini
827 505 968 576 dupplicia
977 503 1102 575 [sortitus
1114 503 1181 574 est],
1190 507 1300 561 stolam
1313 505 1446 560 videlicet

282 592 431 664 duplicem,
450 591 544 647 anime
560 590 759 647 beatitudinem
775 599 804 643 et
825 589 950 659 corporis
968 589 1230 658 incorruptionem
1253 607 1312 660 que
1330 589 1446 656 quidem

281 677 327 732 hic
349 675 479 730 iniciatur
500 683 543 730 set
565 674 593 728 in
612 674 704 728 futuro
726 671 972 740 consummabitur,
991 671 1057 743 quia
1075 671 1123 726 hic
1141 673 1192 727 dat
1214 673 1292 727 deus
1315 683 1447 727 mactum

281 775 363 814 suum
383 759 566 813 Edmundum
579 773 636 812 nou
649 757 743 811 videre
759 754 976 825 corrupcionem,
989 753 1028 808 ibi
1043 754 1160 810 datrrrus
1172 754 1275 810 videre
1292 754 1448 824 gloriosam

254 851 267 898 t
279 852 309 900 et
320 841 511 913 plenissimam
522 839 583 896 eius
594 839 740 894 visionem.

332 990 382 1044 Da
400 989 545 1044 Aruerno
565 995 720 1042 nouacuo
741 997 785 1038 an
805 995 987 1040 custumiis
1006 996 1116 1040 sarton
1137 985 1308 1040 Euuuum
1332 997 1399 1040 raa

660 1079 836 1124 anscoruu
855 1079 1061 1123 oousrrruro.

764 1199 865 1239 ocessu
897 1183 1032 1256 temporis
1066 1183 1141 1238 circa
1172 1182 1328 1239 martirem
1361 1185 1449 1255 tepuit

772 1267 935 1322 clericorum
954 1266 1079 1332 deuocio,
1092 1283 1145 1322 nec
1160 1267 1233 1321 satis
1252 1268 1366 1332 debite,
1380 1268 1448 1321 duit

317 1221 370 1282 Ex
379 1227 497 1281 cromb's
508 1225 542 1280 de
554 1225 636 1295 Hely.
680 1183 762 1309 PR

284 1353 420 1420 solebant,
431 1351 518 1422 ipsius
529 1351 618 1406 sancti
628 1351 771 1406 benefidis
784 1351 1008 1422 respondebant:
1025 1361 1054 1406 et
1066 1349 1167 1404 iccirco
1180 1349 1341 1420 episcopus
1354 1351 1447 1405 dioce-

283 1451 368 1490 sanus
383 1435 525 1505 quendam
543 1435 625 1489 valde
638 1433 798 1504 religiosum
816 1443 843 1488 et
863 1434 980 1488 honeste
996 1433 1053 1488 vite
1069 1433 1243 1486 monachum
1258 1434 1449 1502 Aeylwynurn

241 1525 270 1564 ¹0
283 1517 395 1572 nomine
407 1516 436 1572 in
449 1517 585 1588 obsequio
597 1517 767 1573 sanctissimi
780 1515 853 1586 regis
865 1527 894 1572 et
907 1515 1029 1570 martiris
1048 1514 1202 1580 Edmundi,
1216 1517 1306 1584 quasi
1323 1535 1377 1571 suo
1391 1519 1448 1570 loco

283 1611 312 1657 et
329 1600 389 1657 vice
408 1599 503 1670 ipsius,
522 1599 680 1654 ministrum
701 1601 806 1655 bouum
826 1609 911 1668 atque
935 1599 1083 1654 custodem
1103 1597 1248 1652 ordinauit
1269 1609 1299 1652 et
1321 1599 1448 1657 instituit.

283 1685 358 1739 circa
370 1701 475 1738 annum
487 1683 581 1737 dcccc
591 1682 660 1736 xcix.
685 1683 825 1754 Sampson
837 1679 913 1735 adh¹
946 1681 1002 1736 Hic
1010 1681 1046 1735 ob
1055 1680 1185 1734 ardorem
1198 1681 1311 1735 amoris
1322 1682 1447 1752 precipui

283 1785 340 1840 quo
358 1777 434 1823 totus
452 1765 479 1820 in
499 1775 627 1820 sanctum
646 1763 691 1820 dei
711 1765 863 1836 flagrabat:
882 1763 956 1819 circa
974 1764 1132 1834 sepulcrum
1151 1763 1214 1818 eius
1235 1764 1285 1818 die
1305 1777 1448 1835 noctuque

285 1851 397 1906 sedulus
421 1849 584 1904 excubabat.
622 1848 673 1902 Cui
697 1850 788 1904 eciam
812 1865 874 1902 mos
899 1847 1051 1902 inoleuerat
1074 1856 1105 1901 vt
1128 1845 1177 1916 pia
1202 1858 1303 1902 motus
1330 1849 1448 1902 audacia

242 1943 271 1994 15
285 1933 479 1988 intemeratum
501 1947 601 2001 corpus
622 1931 682 1986 eius
701 1932 784 1986 certis
803 1930 911 1986 vicibus
929 1947 1003 2000 aqua
1021 1931 1147 1997 dilueret,
1166 1929 1288 1998 pectine
1308 1933 1446 1986 cesariem

284 2025 483 2086 componeret;
509 2013 664 2068 defluentes
684 2015 800 2084 capillos
825 2014 853 2068 in
873 2012 967 2083 pixide
987 2012 1154 2081 diligencius
1174 2014 1354 2069 recondens.
1395 2016 1446 2069 Hic

286 2099 400 2170 insuper
410 2107 490 2152 tanta
503 2097 651 2152 dulcedine
664 2095 826 2152 dileccionis
845 2115 862 2150 a
880 2104 977 2150 sancto
992 2096 1140 2149 fouebatur
1152 2095 1316 2151 Edmuudo
1336 2109 1448 2168 propter

285 2182 356 2236 mire
371 2179 534 2236 deuocionis
549 2179 746 2243 sinceritatem,
759 2189 789 2233 ut
801 2195 851 2249 per
869 2189 1034 2233 nocturnam
1051 2176 1271 2244 reuelacionem,
1287 2197 1365 2250 pene
1383 2197 1445 2251 quo

286 2265 364 2320 ciens
376 2264 467 2330 vellet,
476 2261 501 2317 ei
515 2262 748 2330 confabularetur,
757 2262 904 2332 presertim
913 2262 1027 2333 quando
1040 2279 1089 2332 pro
1101 2261 1321 2317 calamitatibus
1330 2263 1444 2319 diuersis

242 2355 275 2394 ²0
286 2365 351 2404 eum
364 2346 539 2418 interpellem
551 2343 704 2400 consueuit.

349 2481 399 2536 Da
415 2491 656 2536 ranustncrous
674 2490 782 2534 seueri
803 2478 960 2532 Enuuum
980 2489 1023 2532 na
1041 2479 1393 2535 Baoumcasuuonrua

712 2573 757 2616 nu
776 2559 1007 2630 lounou[1au].

605 2679 672 2734 Nno
696 2679 733 2732 ab
756 2675 952 2732 incarnacione
977 2675 1083 2730 domini
1110 2677 1277 2732 Millesimo.
1304 2685 1357 2742 x⁰.,
1382 2691 1442 2734 eta

642 2759 772 2831 passione
780 2758 868 2814 sancti
878 2758 1103 2824 Edmundicxl‘,
1112 2775 1207 2814 comes
1215 2761 1338 2830 quidam
1346 2763 1443 2818 nobilis

288 2845 434 2898 Danorum
453 2843 595 2898 Turlrillus
616 2843 738 2908 nomine,
757 2843 845 2898 multo
866 2841 983 2912 stipatus
1003 2841 1115 2911 agmine
1133 2842 1210 2912 apud
1232 2843 1442 2914 Gippesvicum
1502 2905 1503 2912 ,

286 2925 427 2997 applicuit,
436 2937 464 2980 et
476 2943 527 2996 per
538 2935 625 2981 totam
636 2925 811 2996 Estangliam
822 2925 986 2990 discurrere,
995 2924 1096 2994 predas
1108 2941 1199 2994 agere,
1209 2925 1296 2980 villas
1310 2945 1441 2992 cremare,
1502 2917 1503 2926 ¹

243 3025 273 3076 25
287 3021 314 3066 et
338 3009 466 3064 homines
490 3009 637 3064 crudeliter
660 3025 716 3063 non
741 3007 870 3063 cessabat
893 3007 1039 3062 trucidare.
1084 3007 1196 3062 Deinde
1220 3009 1260 3062 ad
1281 3007 1379 3064 locum
1400 3011 1441 3081 qui

287 3093 388 3149 dicitur
407 3091 584 3162 Ringernere,
600 3091 645 3147 vbi
659 3091 838 3146 Vll'ketellum
857 3091 957 3145 ducem
977 3089 1123 3159 Estanglie
1139 3091 1273 3160 cognouit
1291 3093 1440 3148 exercitum

287 3176 422 3230 aduersus
446 3175 523 3230 illum
548 3191 743 3244 congregasse,
762 3173 890 3244 perrexit,
911 3183 939 3227 et
963 3171 1064 3227 durum
1089 3189 1153 3226 cum
1177 3189 1212 3227 eo
1234 3174 1361 3242 prelium
1386 3177 1442 3247 ‚iij‘t

287 3256 370 3312 nonis
390 3257 459 3313 Maii
479 3257 627 3312 commisit.
676 3257 776 3312 Tercio
795 3255 945 3325 congressi,
963 3255 1084 3310 maxima
1102 3265 1195 3326 strage
1217 3258 1364 3328 profligati
1383 3272 1440 3314 sunt

287 3339 380 3408 Angli.
416 3340 583 3394 Vllketellus
596 3355 662 3394 vero
674 3339 710 3394 de
727 3339 788 3393 loco
805 3339 834 3392 in
851 3340 942 3392 locum
960 3337 1094 3406 fugiendo
1110 3339 1291 3405 delitescens,
1306 3359 1359 3412 spe
1372 3361 1439 3397 suna

244 3433 276 3482 30
288 3422 370 3476 celari
384 3422 541 3492 suspicatus
554 3433 604 3489 est,
617 3439 682 3475 nam
699 3431 895 3491 perscrutatus,
908 3431 1082 3490 prosecutus,
1096 3431 1124 3475 et
1142 3425 1366 3491 comprehensus
1382 3443 1439 3495 per·

287 3513 398 3573 emptus
416 3513 467 3560 est.
504 3505 584 3559 Adeo
602 3521 713 3575 quoque
729 3504 781 3559 luit
799 3503 846 3558 illa
863 3501 1024 3574 persecucio
1042 3505 1189 3572 generalis,
1201 3515 1231 3558 vt
1247 3523 1302 3562 nec
1319 3508 1439 3562 cenobiis

289 3585 401 3656 quidem
427 3603 479 3642 nec
504 3587 590 3642 sacris
615 3587 714 3641 edibus
733 3587 827 3657 aliqua
845 3585 984 3655 religionis
1010 3587 1252 3657 contemplacione
1275 3605 1439 3658 parceretur.

290 3670 372 3739 Quod
385 3669 544 3739 Aeylwinus
556 3669 711 3724 monachus
723 3668 958 3734 animaduertens,
967 3679 995 3723 et
1009 3670 1196 3726 attrocitatem
1206 3671 1343 3729 indomite
1353 3676 1438 3743 gentis

289 3749 436 3822 pauitans:
457 3751 603 3821 presertim
616 3768 681 3805 cum
693 3761 720 3806 et
733 3747 806 3805 ³hoc
819 3761 933 3806 sauctus
943 3751 1108 3820 hortaretur,
1118 3771 1234 3824 capsam
1246 3771 1313 3809 cum
1327 3775 1438 3828 corpore

245 3847 276 3899 35
290 3833 410 3890 martiris
420 3843 578 3889 reuerenter
587 3833 727 3904 excipiens
737 3842 765 3888 et
773 3849 857 3903 super
864 3833 958 3902 bigam
967 3850 1084 3903 ponens,
1092 3852 1143 3905 per
1150 3836 1294 3893 anfractus
1304 3849 1437 3895 tortuosos

290 3930 318 3974 et
339 3918 424 3974 calles
442 3915 540 3972 deuios
558 3933 655 3971 versus
676 3914 850 3970 Londoniam
871 3916 1011 3986 profectus
1029 3927 1089 3986 est;
1115 3919 1208 3974 clerici
1228 3931 1324 3975 tamen
1344 3922 1371 3976 iu
1391 3940 1437 3976 suo

289 4003 353 4057 loco
364 4009 585 4072 permanserunt.
620 3999 639 4049 i
657 4001 786 4070 Cumque
799 3998 850 4054 iter
862 4009 957 4070 ageret
977 3999 1071 4070 sepius
1084 4017 1102 4054 a
1113 4010 1192 4072 tergo
1209 4003 1372 4074 respiciens,
1383 4007 1436 4059 sole

289 4094 386 4140 ruente
404 4084 527 4156 quadam
547 4083 592 4138 die
614 4079 650 4137 ad
669 4082 786 4137 domum
807 4081 954 4137 cuiusdam
975 4082 1121 4152 presbiteri
1146 4085 1263 4140 nornine
1285 4087 1434 4152 Eadbrihti,

290 4167 377 4239 patris
395 4165 506 4221 Aliwini
525 4165 635 4220 abbatis
655 4165 796 4234 Rarnesie,
814 4165 935 4233 diuertit,
954 4175 982 4222 et
1004 4165 1109 4220 ibidem
1130 4167 1291 4238 hospicium
1311 4185 1373 4225 cum
1390 4189 1434 4226 sua

322 4285 331 4315 ¹
350 4285 388 4335 Cl.
403 4285 458 4334 MS.
470 4285 521 4334 Tit.
534 4284 577 4336 iol.
590 4282 630 4334 86.
781 4282 791 4314 ³
808 4283 847 4335 Cf.
862 4284 917 4335 MS.
929 4284 979 4334 Tit.
992 4283 1035 4334 fol.
1048 4283 1101 4350 89⁵,
1113 4286 1196 4337 where
1207 4288 1259 4339 this
1271 4289 1369 4340 follows
1378 4289 1431 4339 aster

289 4349 392 4402 Sweiu's
402 4351 507 4402 murder.
605 4347 616 4382 ⁸
634 4349 684 4400 Tit.
696 4349 737 4400 sd.

292 2718 434 2790 Sampson
445 2713 549 2772 sabbas.²
