3012 4898
268 315 341 404 326
580 309 712 398 illm
736 304 926 411 [tumba
951 305 1102 413 {turha

269 523 324 583 Cui
337 525 430 584 frater
441 541 515 583 suus
527 525 619 584 dixit:
639 525 726 582 ‘Non
740 525 770 582 id
784 525 857 582 mihi
869 525 982 596 dixisti,
995 527 1050 584 sed
1063 543 1181 584 mecum
1197 525 1232 584 in
1248 525 1434 601 peregrina·

269 614 382 670 tionem
394 613 438 671 ire
451 613 634 688 promisisti!
662 613 787 670 Piranus
799 623 899 672 autem
909 614 950 670 ait
958 613 1017 671 illi:
1038 615 1138 672 ‘Deus
1150 614 1232 671 inter
1245 632 1306 672 nos
1316 615 1433 671 iudicet
1489 649 1490 692 ,

270 709 368 757 strum
378 709 476 758 tecum
490 710 589 758 eatan
603 716 722 758 mecum
736 709 872 758 maneat:
891 701 1008 758 Teneat
1019 701 1085 774 ipse
1097 702 1255 759 lucernam
1268 702 1388 758 siccam
1403 701 1433 756 in

270 805 361 844 manu
377 805 432 846 sua
451 787 517 844 sine
538 787 607 862 igne
629 797 659 844 et
677 789 754 859 oleo,
773 797 803 844 et
822 788 848 845 si
867 787 933 861 ipsa
953 788 1075 846 lucerna
1094 806 1222 847 accensa
1241 789 1337 846 fuerit
1356 788 1434 845 flatu
1489 807 1490 820 ³

242 875 331 946 5oris
349 874 437 944 illius,
449 891 568 932 mecum
588 877 726 932 maneat!
762 874 848 932 Tunc
863 874 1027 932 Medardus
1044 877 1197 933 lucernam
1215 876 1248 932 in
1263 895 1362 933 manu
1377 893 1435 932 sua
1489 867 1490 918 ἶ

270 974 379 1022 tenens
403 963 566 1020 insufflanit
597 962 627 1018 in
651 979 737 1020 eam:
770 972 799 1020 et
823 964 924 1020 statim
949 981 1076 1021 accensa
1108 975 1163 1022 est
1210 963 1330 1020 Mansit
1356 981 1436 1036 ergo

272 1051 437 1108 Medardus
461 1067 529 1108 cum
556 1049 673 1119 Pirano,
698 1067 795 1124 vsque
825 1051 863 1107 ad
888 1052 969 1107 diem
997 1053 1102 1109 mortis
1126 1069 1190 1110 sue.
1278 1041 1436 1128 Quedam

271 1149 407 1196 matrona
428 1138 552 1196 nomine
571 1137 691 1194 Ethilde
710 1139 782 1195 dum
801 1139 840 1195 de
858 1156 914 1195 suo
932 1156 1022 1195 curru
1041 1140 1153 1198 cadens
1171 1149 1293 1197 mortua
1310 1139 1437 1202 fuisset,

272 1234 395 1284 sanctus
415 1225 544 1282 Piranus
569 1225 758 1284 resuscitauit
778 1241 845 1282 eam
867 1235 937 1298 post
962 1226 991 1282 iii
1013 1227 1096 1296 dies;
1126 1229 1244 1301 etipsa
1267 1227 1385 1284 obtulit
1408 1229 1435 1282 ei

230 1335 259 1371 ιο
271 1331 378 1388 agrum
391 1331 479 1370 suum
493 1313 544 1386 qui
557 1312 665 1370 dicitur
677 1312 795 1370 ‘Saltus
809 1312 944 1370 Ethiide’
956 1331 1051 1387 vsque
1070 1315 1167 1372 hodie.
1239 1315 1250 1347 ¹
1263 1302 1437 1373 Prefeotus

273 1401 427 1458 cuiusdam
440 1400 522 1474 regis
537 1417 642 1457 cocum
655 1400 751 1458 sancti
766 1399 865 1456 Pirani
879 1400 1051 1458 Cronanum
1064 1401 1225 1475 iugulauit:
1245 1419 1345 1476 quem
1363 1411 1437 1475 post

273 1498 391 1562 septem
405 1488 470 1545 dies
488 1487 587 1544 obitus
604 1487 651 1546 sui
666 1487 795 1545 Piranus
807 1487 999 1556 resuscitans,
1013 1489 1107 1546 dixit:
1127 1489 1198 1546 ‘Vir
1210 1491 1263 1563 qui
1280 1490 1437 1564 iuguiauit

273 1575 456 1642 Cronanum,
470 1584 500 1632 et
512 1575 580 1649 ipse
592 1575 742 1649 iugulatus
755 1575 833 1632 mala
845 1585 941 1632 morte
955 1576 1103 1634 interibit!
1141 1577 1179 1634 Et
1191 1577 1304 1634 factum
1319 1588 1372 1636 est
1386 1579 1436 1634 ita

274 1661 365 1721 Venit
378 1681 450 1737 ergo
464 1680 519 1720 rex
531 1663 568 1720 ad
583 1663 736 1733 Piranum,
747 1673 779 1720 vt
797 1680 885 1720 suum
900 1663 1067 1737 prefectum
1080 1673 1197 1737 peteret
1210 1667 1247 1721 ab
1261 1683 1316 1722 eo:
1338 1683 1437 1738 quem

232 1751 521 1826 15beatusPiranus
540 1753 723 1808 resuscitans
742 1767 846 1808 secum
865 1751 993 1808 retinuit.
1031 1751 1168 1826 Cumque
1187 1769 1242 1810 rex
1260 1752 1313 1810 ille
1327 1753 1437 1811 verbis

275 1839 393 1912 asperis
405 1837 581 1896 offendisset
596 1838 748 1909 Piranum,
762 1838 862 1895 statim
876 1849 976 1895 mutus
988 1839 1113 1896 effectus
1125 1851 1180 1896 est
1216 1839 1306 1897 Tunc
1322 1859 1385 1899 rex
1398 1841 1435 1896 ad

275 1928 370 2000 pedes
383 1927 448 1984 eius
461 1936 638 2000 prostratus,
649 1926 717 1984 feeit
730 1928 811 1999 quod
824 1925 865 1982 illi
878 1927 1005 1999 placuit:
1025 1935 1054 1984 et
1067 1927 1167 2000 lingua
1179 1927 1245 1986 eius
1258 1928 1365 1986 soluta
1378 1940 1437 1986 est.

276 2001 441 2072 Corbanus
456 2014 578 2087 quidam
596 2013 690 2071 laicus
706 2024 736 2071 et
753 2015 918 2071 monachus
931 2014 1032 2070 Pirani
1044 2015 1155 2072 timens
1170 2025 1301 2072 mortem
1313 2015 1437 2090 iugula-
1489 2023 1490 2026 ’

275 2102 373 2169 tionis,
387 2101 503 2175 rogauit
522 2111 658 2159 sanctum
672 2102 814 2158 Piranum
827 2111 857 2159 vt
875 2102 913 2158 ab
932 2101 1054 2159 instanti
1072 2113 1169 2160 morte
1189 2103 1333 2160 liberaret
1352 2121 1437 2160 euin.

233 2213 263 2248 ιο
276 2189 332 2246 Cui
345 2199 466 2247 sanctus
484 2189 542 2247 ait:
562 2189 668 2260 ‘Quod
685 2189 773 2262 petis,
786 2189 947 2263 impetrare
966 2207 1027 2246 non
1046 2207 1181 2264 possum,
1193 2190 1264 2264 quia
1281 2192 1388 2249 exibis
1406 2191 1435 2247 in

278 2277 335 2334 hac
347 2287 452 2347 nocte,
473 2287 503 2334 et
519 2277 665 2350 sanguine
681 2286 733 2335 tuo
745 2276 850 2348 effuso,
863 2277 974 2350 rogabo
986 2295 1042 2350 pro
1058 2287 1088 2335 te
1105 2277 1261 2335 dominum
1279 2296 1392 2336 meum
1405 2289 1436 2334 vt

277 2365 315 2422 ab
328 2364 445 2422 inferno
459 2365 603 2422 liberetur
616 2364 716 2422 anima
729 2367 797 2421 tua!
834 2364 874 2421 Et
885 2365 995 2423 factum
1009 2374 1055 2422 est
1066 2365 1114 2422 ita.
1180 2353 1329 2441 Quadam
1344 2377 1437 2424 nocte

277 2451 371 2509 exiuit
390 2451 517 2509 Piranus
536 2460 566 2508 et
584 2469 692 2525 aquam
711 2452 850 2525 frigidam
870 2452 986 2509 intrans
1003 2462 1035 2509 vt
1053 2454 1144 2509 deum
1163 2462 1283 2524 oraret;
1305 2454 1434 2527 quidam

278 2539 458 2614 peregrinus
481 2539 602 2596 nomine
625 2539 796 2597 Germanus
815 2556 884 2597 cum
906 2558 943 2596 eo
962 2557 1095 2614 pergens
1115 2541 1208 2597 nimio
1227 2539 1343 2614 frigore
1368 2560 1436 2600 cor·

234 2646 263 2695 ²5
279 2626 404 2700 ripitur:
423 2628 477 2684 sed
493 2626 601 2684 Pirano
618 2644 725 2700 aquam
738 2627 944 2697 benedicente,
956 2628 1053 2684 calida
1070 2627 1145 2685 facta
1162 2637 1216 2686 est
1292 2617 1436 2689 Sanctus

278 2722 378 2770 autem
400 2713 528 2770 Piranus
546 2713 577 2770 in
596 2722 657 2770 tota
673 2715 734 2770 vita
752 2730 808 2770 sua
826 2729 978 2787 nunquam
998 2714 1075 2771 lanis
1093 2715 1204 2784 ouium,
1223 2715 1279 2772 sed
1299 2718 1436 2790 pellibus
1489 2723 1490 2794 J

279 2803 418 2874 luporum
431 2801 623 2874 ferarumque
636 2800 758 2858 indutus
770 2811 826 2858 est.
857 2801 886 2857 Α
894 2801 1035 2858 carnibus
1047 2812 1077 2858 et
1090 2803 1259 2860 carnalibus
1269 2803 1436 2862 desideriis

278 2888 404 2946 viriliter
424 2907 458 2947 se
480 2889 633 2959 abstinuit,
653 2899 683 2946 et
708 2897 812 2962 potum
837 2889 1037 2946 inebriantem
1063 2907 1123 2946 non
1145 2889 1237 2961 bibit;
1265 2908 1435 2966 sompnum

278 2977 369 3033 etiarn
381 2994 442 3034 non
454 2977 577 3044 curauit,
591 2976 648 3034 nisi
662 2977 809 3034 modicam
818 2977 960 3050 quietem.
992 2977 1080 3034 Ilium
1091 2986 1190 3035 autem
1203 2980 1305 3053 angeli
1316 2981 1435 3038 crebris

235 3081 266 3128 30
279 3063 498 3121 visitationibus
517 3063 755 3137 frequentabant.
794 3063 1033 3122 Innumerabiles
1052 3065 1247 3139 presbiteros
1260 3068 1436 3143 episcopos,

280 3161 309 3208 et
322 3151 448 3210 clericos
460 3151 619 3209 ordinauit.
651 3152 813 3225 Plusquam
823 3153 904 3210 enim
918 3153 1055 3210 ducentis
1066 3155 1154 3210 annis
1161 3153 1235 3211 vixit
1247 3153 1280 3210 in
1294 3173 1436 3230 corpore,

279 3240 347 3297 sine
359 3239 462 3296 dolore
474 3239 526 3313 qui
543 3257 635 3298 senes
652 3240 828 3297 naturaliter
844 3239 985 3298 infestare
1002 3241 1088 3310 solet,
1101 3250 1132 3298 et
1148 3241 1214 3298 sine
1231 3241 1437 3302 diminutione

280 3336 342 3383 tam
361 3327 496 3385 dentium
515 3344 606 3400 quam
627 3326 702 3384 lucis
720 3327 883 3384 oculorum.
922 3327 992 3401 Ipse
1012 3328 1094 3385 enim
1114 3337 1179 3386 erat
1196 3346 1276 3386 vnus
1298 3347 1341 3388 ex
1361 3333 1437 3390 duo-

281 3415 380 3471 decim
392 3415 500 3488 primis
512 3413 664 3488 episcopis
677 3432 753 3488 quos
766 3414 817 3472 ille
829 3424 952 3472 sanctus
966 3432 1093 3489 magnus
1104 3415 1257 3485 Patricius,
1266 3418 1319 3490 qui
1335 3423 1436 3493 primo

236 3521 265 3570 ³⁵
282 3503 372 3560 fidem
386 3502 415 3559 in
428 3502 574 3560 Hibernia
586 3503 760 3576 predicauit,
769 3504 806 3559 ad
814 3502 1031 3575 predicandum
1040 3503 1231 3576 euangelium
1241 3503 1272 3560 in
1283 3505 1437 3565 Hibernia

281 3590 442 3648 constituit.
487 3590 613 3646 Amicos
635 3590 692 3646 sibi
714 3591 752 3648 de
773 3589 903 3648 inimicis
924 3590 1061 3660 faciebat,
1079 3601 1109 3649 et
1134 3592 1247 3648 bonum
1273 3609 1334 3666 pro
1357 3597 1436 3653 malo

282 3679 435 3735 reddebat.
473 3676 702 3751 Indulgentiam‚
725 3677 971 3749 misericordiam,
996 3687 1026 3735 et
1050 3677 1193 3751 pietatem
1218 3679 1249 3735 in
1274 3683 1436 3753 proximos

282 3766 401 3836 habuit;
430 3765 635 3838 operationem
658 3767 798 3822 manibus
818 3765 961 3836 exercuit,
981 3774 1013 3822 vt
1034 3766 1238 3839 indigentibus
1259 3772 1437 3828 necessaria

282 3855 416 3912 tribuere
428 3862 542 3926 posset.
578 3852 741 3926 Affligebat
757 3853 838 3909 enim
851 3869 972 3910 carnem
989 3870 1076 3910 suam
1093 3853 1211 3911 ieiuniis
1226 3863 1256 3911 et
1268 3855 1393 3930 vigiliis,
1406 3860 1436 3915 in

236 3961 269 4010 40
283 3941 403 4015 frigore,
416 3940 495 3998 fame
508 3949 538 3998 et
555 3939 613 4009 siti,
625 3941 656 3997 in
671 3941 804 3998 nuditate
817 3951 847 3998 et
864 3941 1008 4012 castitate,
1021 3940 1164 3999 charitate
1179 3950 1209 3998 et
1221 3941 1437 4015 hospitalitate

283 4029 312 4086 A
332 4029 460 4103 pueritia
481 4045 535 4086 sua
555 4045 651 4101 vsque
675 4029 713 4085 ad
738 4029 818 4086 diem
844 4027 950 4086 mortis
974 4045 1029 4086 sue
1048 4028 1139 4087 vitam
1162 4045 1247 4086 suam
1269 4028 1302 4086 in
1325 4048 1436 4107 magna

283 4117 434 4176 mundicia
452 4116 545 4185 duxit,
564 4133 664 4187 orans,
682 4116 796 4191 legens,
814 4115 937 4186 faciens,
952 4125 982 4172 et
1000 4117 1130 4187 docens;
1149 4115 1280 4186 humilis,
1297 4118 1435 4190 affabilis,

283 4205 427 4278 prudens,
446 4205 572 4274 sobrius,
589 4212 620 4260 et
639 4203 817 4260 misericors.
856 4203 936 4260 Nihil
958 4205 996 4260 de
1016 4203 1167 4261 mandatis
1186 4204 1236 4261 dei
1257 4208 1435 4277 preteriuit3

283 4291 453 4350 esurientes
475 4292 565 4366 pauit,
585 4291 753 4350 sitientibus
774 4301 878 4365 potunt
899 4290 990 4363 dedit,
1011 4291 1147 4366 hospites
1170 4292 1316 4367 suscepit,
1336 4297 1435 4354 nudos

737 4395 746 4426 ¹
764 4396 837 4460 Colg.
849 4412 870 4446 c.
882 4411 923 4460 3⁰·
935 4411 975 4460 31.
