<?xml version="1.0" encoding="UTF-8"?>
<!DOCTYPE html PUBLIC "-//W3C//DTD XHTML 1.0 Transitional//EN"
    "http://www.w3.org/TR/xhtml1/DTD/xhtml1-transitional.dtd">
<html xmlns="http://www.w3.org/1999/xhtml" xml:lang="en" lang="en">
 <head>
  <title>
</title>
<meta http-equiv="Content-Type" content="text/html;charset=utf-8" />
  <meta name='ocr-system' content='tesseract 3.04.00' />
  <meta name='ocr-capabilities' content='ocr_page ocr_carea ocr_par ocr_line ocrx_word'/>
</head>
<body>
  <div class='ocr_page' id='page_1' title='image "./novalegendaangl00wordgoog/novalegendaangl00wordgoog_0059.png"; bbox 0 0 3044 4894; ppageno 0'>
   <div class='ocr_carea' id='block_1_1' title="bbox 288 270 1126 378">
    <p class='ocr_par' dir='ltr' id='par_1_1' title="bbox 288 270 1126 378">
     <span class='ocr_line' id='line_1_1' title="bbox 288 270 1126 378; baseline -0.01 -12"><span class='ocrx_word' id='word_1_1' title='bbox 288 275 335 366; x_wconf 87' lang='lat'>48</span> <span class='ocrx_word' id='word_1_2' title='bbox 601 273 732 364; x_wconf 67' lang='lat' dir='ltr'>utta</span> <span class='ocrx_word' id='word_1_3' title='bbox 758 270 950 378; x_wconf 68' lang='lat' dir='ltr'>[mauu</span> <span class='ocrx_word' id='word_1_4' title='bbox 975 272 1126 378; x_wconf 66' lang='lat' dir='ltr'>aaut.</span> 
     </span>
    </p>
   </div>
   <div class='ocr_carea' id='block_1_2' title="bbox 211 474 1521 4227">
    <p class='ocr_par' dir='ltr' id='par_1_2' title="bbox 211 474 1521 4227">
     <span class='ocr_line' id='line_1_2' title="bbox 288 474 1516 550; baseline 0.003 -20"><span class='ocrx_word' id='word_1_5' title='bbox 288 475 398 531; x_wconf 89' lang='lat' dir='ltr'>bonam</span> <span class='ocrx_word' id='word_1_6' title='bbox 406 491 475 532; x_wconf 89' lang='lat' dir='ltr'>esse</span> <span class='ocrx_word' id='word_1_7' title='bbox 484 475 547 533; x_wconf 88' lang='lat' dir='ltr'>iere</span> <span class='ocrx_word' id='word_1_8' title='bbox 555 475 584 532; x_wconf 93' lang='lat' dir='ltr'>in</span> <span class='ocrx_word' id='word_1_9' title='bbox 593 474 757 533; x_wconf 90' lang='lat' dir='ltr'>omni¹nisi</span> <span class='ocrx_word' id='word_1_10' title='bbox 766 477 845 549; x_wconf 91' lang='lat' dir='ltr'>quod</span> <span class='ocrx_word' id='word_1_11' title='bbox 856 476 924 534; x_wconf 90' lang='lat' dir='ltr'>odio</span> <span class='ocrx_word' id='word_1_12' title='bbox 933 477 1080 536; x_wconf 87' lang='lat' dir='ltr'>laboraret</span> <span class='ocrx_word' id='word_1_13' title='bbox 1089 477 1219 534; x_wconf 86' lang='lat' dir='ltr'>hostium</span> <span class='ocrx_word' id='word_1_14' title='bbox 1227 495 1306 550; x_wconf 91' lang='lat' dir='ltr'>quos</span> <span class='ocrx_word' id='word_1_15' title='bbox 1314 477 1445 534; x_wconf 81' lang='lat' dir='ltr'>infestos</span> <span class='ocrx_word' id='word_1_16' title='bbox 1515 501 1516 504; x_wconf 41' lang='lat'>¹</span> 
     </span>
     <span class='ocr_line' id='line_1_3' title="bbox 289 563 1444 638; baseline 0.003 -20"><span class='ocrx_word' id='word_1_17' title='bbox 289 563 444 635; x_wconf 76' lang='lat' dir='ltr'>nequiter¹</span> <span class='ocrx_word' id='word_1_18' title='bbox 462 571 625 636; x_wconf 88' lang='lat' dir='ltr'>pateretur,</span> <span class='ocrx_word' id='word_1_19' title='bbox 643 563 857 636; x_wconf 79' lang='lat' dir='ltr'>respondisset,</span> <span class='ocrx_word' id='word_1_20' title='bbox 869 563 1029 637; x_wconf 90' lang='lat' dir='ltr'>episcopus</span> <span class='ocrx_word' id='word_1_21' title='bbox 1048 565 1106 622; x_wconf 88' lang='lat' dir='ltr'>ait:</span> <span class='ocrx_word' id='word_1_22' title='bbox 1128 565 1179 622; x_wconf 90' lang='lat' dir='ltr'>‘Si</span> <span class='ocrx_word' id='word_1_23' title='bbox 1193 582 1250 638; x_wconf 90' lang='lat' dir='ltr'>per</span> <span class='ocrx_word' id='word_1_24' title='bbox 1262 567 1367 622; x_wconf 86' lang='lat' dir='ltr'>omnia</span> <span class='ocrx_word' id='word_1_25' title='bbox 1386 567 1444 622; x_wconf 91' lang='lat' dir='ltr'>deo</span> 
     </span>
     <span class='ocr_line' id='line_1_4' title="bbox 288 650 1444 726; baseline 0.004 -21"><span class='ocrx_word' id='word_1_26' title='bbox 288 650 446 724; x_wconf 85' lang='lat' dir='ltr'>placueris,</span> <span class='ocrx_word' id='word_1_27' title='bbox 472 651 557 710; x_wconf 82' lang='lat' dir='ltr'>facile</span> <span class='ocrx_word' id='word_1_28' title='bbox 582 651 635 708; x_wconf 91' lang='lat' dir='ltr'>tibi</span> <span class='ocrx_word' id='word_1_29' title='bbox 657 651 794 708; x_wconf 85' lang='lat' dir='ltr'>inimicos</span> <span class='ocrx_word' id='word_1_30' title='bbox 815 661 937 724; x_wconf 83' lang='lat' dir='ltr'>pacatos</span> <span class='ocrx_word' id='word_1_31' title='bbox 959 653 1077 720; x_wconf 87' lang='lat' dir='ltr'><strong>efficiet,</strong></span> <span class='ocrx_word' id='word_1_32' title='bbox 1095 661 1145 710; x_wconf 87' lang='lat' dir='ltr'>aut</span> <span class='ocrx_word' id='word_1_33' title='bbox 1166 653 1303 710; x_wconf 88' lang='lat' dir='ltr'>subiiciet</span> <span class='ocrx_word' id='word_1_34' title='bbox 1325 671 1444 726; x_wconf 87' lang='lat' dir='ltr'>expug-</span> 
     </span>
     <span class='ocr_line' id='line_1_5' title="bbox 289 738 1443 814; baseline 0.003 -20"><span class='ocrx_word' id='word_1_35' title='bbox 289 747 384 794; x_wconf 85' lang='lat' dir='ltr'>natos.</span> <span class='ocrx_word' id='word_1_36' title='bbox 419 738 534 796; x_wconf 88' lang='lat' dir='ltr'>Verum</span> <span class='ocrx_word' id='word_1_37' title='bbox 547 738 601 795; x_wconf 90' lang='lat' dir='ltr'>tibi</span> <span class='ocrx_word' id='word_1_38' title='bbox 613 740 781 798; x_wconf 88' lang='lat' dir='ltr'>cauendum</span> <span class='ocrx_word' id='word_1_39' title='bbox 794 749 841 796; x_wconf 91' lang='lat' dir='ltr'>est</span> <span class='ocrx_word' id='word_1_40' title='bbox 849 738 897 796; x_wconf 79' lang='lat' dir='ltr'>vt&#39;</span> <span class='ocrx_word' id='word_1_41' title='bbox 910 741 1022 797; x_wconf 88' lang='lat' dir='ltr'>auctori</span> <span class='ocrx_word' id='word_1_42' title='bbox 1035 751 1086 797; x_wconf 92' lang='lat' dir='ltr'>tuo</span> <span class='ocrx_word' id='word_1_43' title='bbox 1095 740 1125 797; x_wconf 94' lang='lat' dir='ltr'>in</span> <span class='ocrx_word' id='word_1_44' title='bbox 1135 741 1235 813; x_wconf 87' lang='lat' dir='ltr'>aliquo</span> <span class='ocrx_word' id='word_1_45' title='bbox 1248 759 1443 814; x_wconf 86' lang='lat' dir='ltr'>nequaquam</span> 
     </span>
     <span class='ocr_line' id='line_1_6' title="bbox 260 825 1445 902; baseline 0.004 -20"><span class='ocrx_word' id='word_1_46' title='bbox 260 825 449 892; x_wconf 74' lang='lat' dir='ltr'>siniuriosus</span> <span class='ocrx_word' id='word_1_47' title='bbox 469 827 590 894; x_wconf 85' lang='lat' dir='ltr'>existas&#39;,</span> <span class='ocrx_word' id='word_1_48' title='bbox 611 837 662 884; x_wconf 90' lang='lat' dir='ltr'>aut</span> <span class='ocrx_word' id='word_1_49' title='bbox 686 827 717 884; x_wconf 90' lang='lat' dir='ltr'>in</span> <span class='ocrx_word' id='word_1_50' title='bbox 741 827 896 900; x_wconf 82' lang='lat' dir='ltr'>proximos</span> <span class='ocrx_word' id='word_1_51' title='bbox 920 828 1080 902; x_wconf 87' lang='lat' dir='ltr'>quicquam</span> <span class='ocrx_word' id='word_1_52' title='bbox 1102 829 1237 901; x_wconf 89' lang='lat' dir='ltr'>iniquum</span> <span class='ocrx_word' id='word_1_53' title='bbox 1261 829 1445 886; x_wconf 73' lang='lat' dir='ltr'>committas</span> 
     </span>
     <span class='ocr_line' id='line_1_7' title="bbox 290 913 1445 989; baseline 0.002 -19"><span class='ocrx_word' id='word_1_54' title='bbox 290 913 335 972; x_wconf 92' lang='lat' dir='ltr'>De</span> <span class='ocrx_word' id='word_1_55' title='bbox 354 922 383 973; x_wconf 89' lang='lat' dir='ltr'>te</span> <span class='ocrx_word' id='word_1_56' title='bbox 401 931 482 980; x_wconf 87' lang='lat' dir='ltr'>vero,</span> <span class='ocrx_word' id='word_1_57' title='bbox 495 915 574 988; x_wconf 91' lang='lat' dir='ltr'>quod</span> <span class='ocrx_word' id='word_1_58' title='bbox 596 924 712 972; x_wconf 85' lang='lat' dir='ltr'>mestus</span> <span class='ocrx_word' id='word_1_59' title='bbox 732 914 846 988; x_wconf 90' lang='lat' dir='ltr'>loquor,</span> <span class='ocrx_word' id='word_1_60' title='bbox 859 914 918 972; x_wconf 90' lang='lat' dir='ltr'>iam</span> <span class='ocrx_word' id='word_1_61' title='bbox 940 915 1078 989; x_wconf 90' lang='lat' dir='ltr'>publicus</span> <span class='ocrx_word' id='word_1_62' title='bbox 1097 933 1200 972; x_wconf 90' lang='lat' dir='ltr'>rumor</span> <span class='ocrx_word' id='word_1_63' title='bbox 1217 925 1264 972; x_wconf 88' lang='lat' dir='ltr'>est</span> <span class='ocrx_word' id='word_1_64' title='bbox 1282 917 1367 988; x_wconf 91' lang='lat' dir='ltr'>quod</span> <span class='ocrx_word' id='word_1_65' title='bbox 1386 934 1445 972; x_wconf 85' lang='lat' dir='ltr'>nec</span> 
     </span>
     <span class='ocr_line' id='line_1_8' title="bbox 288 1001 1446 1076; baseline 0 -18"><span class='ocrx_word' id='word_1_66' title='bbox 288 1001 416 1058; x_wconf 84' lang='lat' dir='ltr'>maritali</span> <span class='ocrx_word' id='word_1_67' title='bbox 438 1003 525 1058; x_wconf 91' lang='lat' dir='ltr'>thoro</span> <span class='ocrx_word' id='word_1_68' title='bbox 545 1002 636 1059; x_wconf 89' lang='lat' dir='ltr'>fidem</span> <span class='ocrx_word' id='word_1_69' title='bbox 659 1019 774 1070; x_wconf 90' lang='lat' dir='ltr'>seruas,</span> <span class='ocrx_word' id='word_1_70' title='bbox 795 1019 850 1060; x_wconf 89' lang='lat' dir='ltr'>nec</span> <span class='ocrx_word' id='word_1_71' title='bbox 870 1003 1066 1060; x_wconf 89' lang='lat' dir='ltr'>ecclesiarum</span> <span class='ocrx_word' id='word_1_72' title='bbox 1085 1001 1250 1076; x_wconf 85' lang='lat' dir='ltr'>priuilegia,</span> <span class='ocrx_word' id='word_1_73' title='bbox 1268 1002 1299 1058; x_wconf 89' lang='lat' dir='ltr'>in</span> <span class='ocrx_word' id='word_1_74' title='bbox 1321 1003 1446 1076; x_wconf 89' lang='lat' dir='ltr'>prefici·</span> 
     </span>
     <span class='ocr_line' id='line_1_9' title="bbox 289 1089 1445 1162; baseline 0.001 -16"><span class='ocrx_word' id='word_1_75' title='bbox 289 1089 376 1148; x_wconf 90' lang='lat' dir='ltr'>endis</span> <span class='ocrx_word' id='word_1_76' title='bbox 395 1089 526 1148; x_wconf 82' lang='lat' dir='ltr'>maxime</span> <span class='ocrx_word' id='word_1_77' title='bbox 545 1089 710 1146; x_wconf 89' lang='lat' dir='ltr'>rectoribus</span> <span class='ocrx_word' id='word_1_78' title='bbox 728 1105 840 1159; x_wconf 65' lang='lat' dir='ltr'>mmm,</span> <span class='ocrx_word' id='word_1_79' title='bbox 860 1089 970 1146; x_wconf 86' lang='lat' dir='ltr'>illibata</span> <span class='ocrx_word' id='word_1_80' title='bbox 988 1090 1130 1158; x_wconf 86' lang='lat' dir='ltr'>custodis,</span> <span class='ocrx_word' id='word_1_81' title='bbox 1149 1092 1291 1162; x_wconf 88' lang='lat' dir='ltr'>quodque</span> <span class='ocrx_word' id='word_1_82' title='bbox 1311 1091 1445 1162; x_wconf 84' lang='lat' dir='ltr'>pecunie</span> 
     </span>
     <span class='ocr_line' id='line_1_10' title="bbox 289 1176 1445 1250; baseline 0.003 -18"><span class='ocrx_word' id='word_1_83' title='bbox 289 1177 459 1234; x_wconf 90' lang='lat' dir='ltr'>interuentu</span> <span class='ocrx_word' id='word_1_84' title='bbox 472 1178 619 1250; x_wconf 87' lang='lat' dir='ltr'>quosdam</span> <span class='ocrx_word' id='word_1_85' title='bbox 631 1177 669 1233; x_wconf 91' lang='lat' dir='ltr'>ad</span> <span class='ocrx_word' id='word_1_86' title='bbox 682 1176 819 1250; x_wconf 87' lang='lat' dir='ltr'>regimen</span> <span class='ocrx_word' id='word_1_87' title='bbox 837 1177 1004 1234; x_wconf 87' lang='lat' dir='ltr'>animarum</span> <span class='ocrx_word' id='word_1_88' title='bbox 1022 1195 1203 1250; x_wconf 91' lang='lat' dir='ltr'>promouere</span> <span class='ocrx_word' id='word_1_89' title='bbox 1215 1177 1303 1234; x_wconf 90' lang='lat' dir='ltr'>soles.</span> <span class='ocrx_word' id='word_1_90' title='bbox 1342 1177 1445 1248; x_wconf 85' lang='lat' dir='ltr'>Quod,</span> 
     </span>
     <span class='ocr_line' id='line_1_11' title="bbox 245 1263 1445 1338; baseline 0.003 -18"><span class='ocrx_word' id='word_1_91' title='bbox 245 1283 276 1320; x_wconf 88' lang='grc' dir='ltr'>ιο</span> <span class='ocrx_word' id='word_1_92' title='bbox 288 1265 492 1337; x_wconf 86' lang='lat' dir='ltr'>proculdubio,</span> <span class='ocrx_word' id='word_1_93' title='bbox 511 1267 536 1322; x_wconf 91' lang='lat' dir='ltr'>si</span> <span class='ocrx_word' id='word_1_94' title='bbox 555 1281 660 1323; x_wconf 78' lang='lat' dir='ltr'>vetum</span> <span class='ocrx_word' id='word_1_95' title='bbox 682 1272 737 1333; x_wconf 86' lang='lat' dir='ltr'>est,</span> <span class='ocrx_word' id='word_1_96' title='bbox 759 1281 820 1336; x_wconf 86' lang='lat' dir='ltr'>pax</span> <span class='ocrx_word' id='word_1_97' title='bbox 839 1263 891 1321; x_wconf 93' lang='lat' dir='ltr'>tibi</span> <span class='ocrx_word' id='word_1_98' title='bbox 913 1282 930 1321; x_wconf 88' lang='lat' dir='ltr'>a</span> <span class='ocrx_word' id='word_1_99' title='bbox 949 1265 1072 1322; x_wconf 92' lang='lat' dir='ltr'>domino</span> <span class='ocrx_word' id='word_1_100' title='bbox 1092 1265 1217 1322; x_wconf 88' lang='lat' dir='ltr'>concedi</span> <span class='ocrx_word' id='word_1_101' title='bbox 1238 1283 1298 1322; x_wconf 90' lang='lat' dir='ltr'>non</span> <span class='ocrx_word' id='word_1_102' title='bbox 1322 1268 1445 1338; x_wconf 66' lang='lat' dir='ltr'>potest&#39;</span> 
     </span>
     <span class='ocr_line' id='line_1_12' title="bbox 289 1351 1445 1426; baseline 0.001 -17"><span class='ocrx_word' id='word_1_103' title='bbox 289 1351 398 1425; x_wconf 89' lang='lat' dir='ltr'>Sicque</span> <span class='ocrx_word' id='word_1_104' title='bbox 418 1369 521 1426; x_wconf 88' lang='lat' dir='ltr'>regem</span> <span class='ocrx_word' id='word_1_105' title='bbox 534 1352 572 1408; x_wconf 91' lang='lat' dir='ltr'>de</span> <span class='ocrx_word' id='word_1_106' title='bbox 584 1351 676 1408; x_wconf 85' lang='lat' dir='ltr'>variis</span> <span class='ocrx_word' id='word_1_107' title='bbox 688 1351 846 1424; x_wconf 78' lang='lat' dir='ltr'>diligenter</span> <span class='ocrx_word' id='word_1_108' title='bbox 861 1352 1017 1410; x_wconf 82' lang='lat' dir='ltr'>admonuit</span> <span class='ocrx_word' id='word_1_109' title='bbox 1029 1361 1059 1410; x_wconf 89' lang='lat' dir='ltr'>et</span> <span class='ocrx_word' id='word_1_110' title='bbox 1073 1353 1223 1422; x_wconf 85' lang='lat' dir='ltr'>instruxit,</span> <span class='ocrx_word' id='word_1_111' title='bbox 1242 1351 1294 1425; x_wconf 88' lang='lat' dir='ltr'>[et]</span> <span class='ocrx_word' id='word_1_112' title='bbox 1316 1353 1355 1408; x_wconf 89' lang='lat' dir='ltr'>de</span> <span class='ocrx_word' id='word_1_113' title='bbox 1376 1354 1445 1410; x_wconf 82' lang='lat' dir='ltr'>aliis</span> 
     </span>
     <span class='ocr_line' id='line_1_13' title="bbox 288 1438 1445 1513; baseline 0.002 -17"><span class='ocrx_word' id='word_1_114' title='bbox 288 1439 409 1512; x_wconf 90' lang='lat' dir='ltr'>quidem</span> <span class='ocrx_word' id='word_1_115' title='bbox 431 1456 464 1496; x_wconf 86' lang='lat' dir='ltr'>se</span> <span class='ocrx_word' id='word_1_116' title='bbox 489 1438 609 1512; x_wconf 87' lang='lat' dir='ltr'>penitus</span> <span class='ocrx_word' id='word_1_117' title='bbox 633 1447 839 1506; x_wconf 86' lang='lat' dir='ltr'>excusantem,</span> <span class='ocrx_word' id='word_1_118' title='bbox 864 1440 903 1498; x_wconf 88' lang='lat' dir='ltr'>de</span> <span class='ocrx_word' id='word_1_119' title='bbox 927 1439 994 1496; x_wconf 86' lang='lat' dir='ltr'>aliis</span> <span class='ocrx_word' id='word_1_120' title='bbox 1018 1457 1108 1513; x_wconf 92' lang='lat' dir='ltr'>opem</span> <span class='ocrx_word' id='word_1_121' title='bbox 1133 1439 1361 1497; x_wconf 85' lang='lat' dir='ltr'>intercessionis</span> <span class='ocrx_word' id='word_1_122' title='bbox 1389 1459 1445 1498; x_wconf 93' lang='lat' dir='ltr'>sue</span> 
     </span>
     <span class='ocr_line' id='line_1_14' title="bbox 288 1525 1445 1601; baseline 0.002 -17"><span class='ocrx_word' id='word_1_123' title='bbox 288 1527 392 1584; x_wconf 89' lang='lat' dir='ltr'>sedulo</span> <span class='ocrx_word' id='word_1_124' title='bbox 409 1525 600 1600; x_wconf 86' lang='lat' dir='ltr'>flagitantem,</span> <span class='ocrx_word' id='word_1_125' title='bbox 617 1543 686 1585; x_wconf 88' lang='lat' dir='ltr'>cum</span> <span class='ocrx_word' id='word_1_126' title='bbox 707 1527 917 1585; x_wconf 89' lang='lat' dir='ltr'>benedictione</span> <span class='ocrx_word' id='word_1_127' title='bbox 936 1527 1058 1584; x_wconf 88' lang='lat' dir='ltr'>dimisit.</span> <span class='ocrx_word' id='word_1_128' title='bbox 1104 1528 1173 1586; x_wconf 84' lang='lat' dir='ltr'>Rex</span> <span class='ocrx_word' id='word_1_129' title='bbox 1189 1545 1307 1601; x_wconf 92' lang='lat' dir='ltr'>quoque</span> <span class='ocrx_word' id='word_1_130' title='bbox 1334 1539 1445 1600; x_wconf 86' lang='lat' dir='ltr'>postea</span> 
     </span>
     <span class='ocr_line' id='line_1_15' title="bbox 288 1613 1445 1686; baseline 0.003 -15"><span class='ocrx_word' id='word_1_131' title='bbox 288 1631 356 1671; x_wconf 86' lang='lat' dir='ltr'>curn</span> <span class='ocrx_word' id='word_1_132' title='bbox 376 1613 439 1672; x_wconf 87' lang='lat' dir='ltr'>suis</span> <span class='ocrx_word' id='word_1_133' title='bbox 464 1615 502 1671; x_wconf 90' lang='lat' dir='ltr'>de</span> <span class='ocrx_word' id='word_1_134' title='bbox 524 1615 588 1672; x_wconf 90' lang='lat' dir='ltr'>viro</span> <span class='ocrx_word' id='word_1_135' title='bbox 608 1613 657 1670; x_wconf 96' lang='lat' dir='ltr'>dei</span> <span class='ocrx_word' id='word_1_136' title='bbox 677 1614 804 1686; x_wconf 88' lang='lat' dir='ltr'>loquens</span> <span class='ocrx_word' id='word_1_137' title='bbox 827 1623 856 1670; x_wconf 92' lang='lat' dir='ltr'>et</span> <span class='ocrx_word' id='word_1_138' title='bbox 876 1613 1017 1672; x_wconf 85' lang='lat' dir='ltr'>virtutem</span> <span class='ocrx_word' id='word_1_139' title='bbox 1038 1614 1131 1672; x_wconf 86' lang='lat' dir='ltr'>animi</span> <span class='ocrx_word' id='word_1_140' title='bbox 1151 1614 1217 1672; x_wconf 91' lang='lat' dir='ltr'>eius</span> <span class='ocrx_word' id='word_1_141' title='bbox 1238 1615 1333 1672; x_wconf 88' lang='lat' dir='ltr'>multa</span> <span class='ocrx_word' id='word_1_142' title='bbox 1352 1615 1445 1674; x_wconf 85' lang='lat' dir='ltr'>laude</span> 
     </span>
     <span class='ocr_line' id='line_1_16' title="bbox 246 1701 1444 1776; baseline 0.004 -21"><span class='ocrx_word' id='word_1_143' title='bbox 246 1719 255 1755; x_wconf 78' lang='grc' dir='ltr'><strong>ι</strong></span> <span class='ocrx_word' id='word_1_144' title='bbox 260 1719 274 1770; x_wconf 85' lang='lat'><strong>5</strong></span> <span class='ocrx_word' id='word_1_145' title='bbox 288 1703 437 1771; x_wconf 88' lang='lat' dir='ltr'>attollens,</span> <span class='ocrx_word' id='word_1_146' title='bbox 445 1701 538 1759; x_wconf 84' lang='lat' dir='ltr'>dixit:</span> <span class='ocrx_word' id='word_1_147' title='bbox 559 1701 611 1758; x_wconf 84' lang='lat' dir='ltr'>‘Si</span> <span class='ocrx_word' id='word_1_148' title='bbox 620 1701 703 1758; x_wconf 88' lang='lat' dir='ltr'>enim</span> <span class='ocrx_word' id='word_1_149' title='bbox 715 1701 799 1770; x_wconf 89' lang='lat' dir='ltr'>tales,</span> <span class='ocrx_word' id='word_1_150' title='bbox 810 1701 907 1776; x_wconf 90' lang='lat' dir='ltr'>qualis</span> <span class='ocrx_word' id='word_1_151' title='bbox 920 1701 976 1760; x_wconf 88' lang='lat' dir='ltr'>iste</span> <span class='ocrx_word' id='word_1_152' title='bbox 990 1711 1045 1770; x_wconf 90' lang='lat' dir='ltr'>est,</span> <span class='ocrx_word' id='word_1_153' title='bbox 1058 1701 1171 1776; x_wconf 82' lang='lat' dir='ltr'>passim</span> <span class='ocrx_word' id='word_1_154' title='bbox 1185 1710 1289 1760; x_wconf 91' lang='lat' dir='ltr'>essent</span> <span class='ocrx_word' id='word_1_155' title='bbox 1301 1711 1334 1758; x_wconf 91' lang='lat' dir='ltr'>et</span> <span class='ocrx_word' id='word_1_156' title='bbox 1347 1704 1444 1762; x_wconf 86' lang='lat' dir='ltr'>ceteri</span> 
     </span>
     <span class='ocr_line' id='line_1_17' title="bbox 288 1789 1446 1863; baseline 0 -17"><span class='ocrx_word' id='word_1_157' title='bbox 288 1789 430 1863; x_wconf 90' lang='lat' dir='ltr'>episcopi,</span> <span class='ocrx_word' id='word_1_158' title='bbox 444 1790 544 1846; x_wconf 89' lang='lat' dir='ltr'>nullus</span> <span class='ocrx_word' id='word_1_159' title='bbox 556 1798 659 1846; x_wconf 89' lang='lat' dir='ltr'>contra</span> <span class='ocrx_word' id='word_1_160' title='bbox 669 1807 722 1846; x_wconf 89' lang='lat' dir='ltr'>eos</span> <span class='ocrx_word' id='word_1_161' title='bbox 733 1806 838 1862; x_wconf 88' lang='lat' dir='ltr'>regum</span> <span class='ocrx_word' id='word_1_162' title='bbox 852 1798 902 1846; x_wconf 86' lang='lat' dir='ltr'>aut</span> <span class='ocrx_word' id='word_1_163' title='bbox 915 1789 1087 1863; x_wconf 89' lang='lat' dir='ltr'>principum</span> <span class='ocrx_word' id='word_1_164' title='bbox 1099 1789 1236 1846; x_wconf 84' lang='lat' dir='ltr'>attollere</span> <span class='ocrx_word' id='word_1_165' title='bbox 1249 1802 1446 1862; x_wconf 89' lang='lat' dir='ltr'>presumeret</span> 
     </span>
     <span class='ocr_line' id='line_1_18' title="bbox 288 1865 1446 1950; baseline 0.002 -16"><span class='ocrx_word' id='word_1_166' title='bbox 288 1878 454 1936; x_wconf 83' lang='lat' dir='ltr'>ceruicem’</span> <span class='ocrx_word' id='word_1_167' title='bbox 527 1865 591 1934; x_wconf 87' lang='lat' dir='ltr'>Vix</span> <span class='ocrx_word' id='word_1_168' title='bbox 615 1877 756 1950; x_wconf 90' lang='lat' dir='ltr'>episcopo</span> <span class='ocrx_word' id='word_1_169' title='bbox 780 1876 811 1934; x_wconf 88' lang='lat' dir='ltr'>in</span> <span class='ocrx_word' id='word_1_170' title='bbox 831 1877 973 1950; x_wconf 83' lang='lat' dir='ltr'>Angliam</span> <span class='ocrx_word' id='word_1_171' title='bbox 998 1894 1130 1948; x_wconf 87' lang='lat' dir='ltr'>reuerso,</span> <span class='ocrx_word' id='word_1_172' title='bbox 1150 1877 1231 1934; x_wconf 89' lang='lat' dir='ltr'>idem</span> <span class='ocrx_word' id='word_1_173' title='bbox 1256 1894 1311 1934; x_wconf 85' lang='lat' dir='ltr'>rex</span> <span class='ocrx_word' id='word_1_174' title='bbox 1337 1889 1446 1936; x_wconf 84' lang='lat' dir='ltr'>comm</span> 
     </span>
     <span class='ocr_line' id='line_1_19' title="bbox 211 1963 1445 2038; baseline 0.006 -20"><span class='ocrx_word' id='word_1_175' title='bbox 211 1993 222 2018; x_wconf 70' lang='grc' dir='ltr'>ι</span> <span class='ocrx_word' id='word_1_176' title='bbox 288 1983 392 2038; x_wconf 89' lang='lat' dir='ltr'>regem</span> <span class='ocrx_word' id='word_1_177' title='bbox 406 1964 429 2021; x_wconf 91' lang='lat' dir='ltr'>F</span> <span class='ocrx_word' id='word_1_178' title='bbox 431 1981 588 2022; x_wconf 83' lang='lat' dir='ltr'>rancomm</span> <span class='ocrx_word' id='word_1_179' title='bbox 600 1964 714 2038; x_wconf 91' lang='lat' dir='ltr'>impetu</span> <span class='ocrx_word' id='word_1_180' title='bbox 723 1963 808 2031; x_wconf 87' lang='lat' dir='ltr'>sacto,</span> <span class='ocrx_word' id='word_1_181' title='bbox 821 1965 916 2037; x_wconf 89' lang='lat' dir='ltr'>captis</span> <span class='ocrx_word' id='word_1_182' title='bbox 925 1964 1027 2022; x_wconf 88' lang='lat' dir='ltr'>multis</span> <span class='ocrx_word' id='word_1_183' title='bbox 1040 1964 1233 2038; x_wconf 90' lang='lat' dir='ltr'>optimatibus</span> <span class='ocrx_word' id='word_1_184' title='bbox 1246 1963 1326 2022; x_wconf 88' lang='lat' dir='ltr'>illius</span> <span class='ocrx_word' id='word_1_185' title='bbox 1340 1964 1445 2037; x_wconf 84' lang='lat' dir='ltr'>ipsum</span> 
     </span>
     <span class='ocr_line' id='line_1_20' title="bbox 288 2051 1443 2126; baseline 0.002 -18"><span class='ocrx_word' id='word_1_186' title='bbox 288 2053 319 2109; x_wconf 90' lang='lat' dir='ltr'>in</span> <span class='ocrx_word' id='word_1_187' title='bbox 332 2053 432 2126; x_wconf 84' lang='lat' dir='ltr'>lugam</span> <span class='ocrx_word' id='word_1_188' title='bbox 445 2052 513 2125; x_wconf 83' lang='lat' dir='ltr'>egit</span> <span class='ocrx_word' id='word_1_189' title='bbox 552 2051 651 2109; x_wconf 90' lang='lat' dir='ltr'>Huius</span> <span class='ocrx_word' id='word_1_190' title='bbox 663 2061 763 2110; x_wconf 89' lang='lat' dir='ltr'>autem</span> <span class='ocrx_word' id='word_1_191' title='bbox 776 2051 920 2124; x_wconf 89' lang='lat' dir='ltr'>triumphi</span> <span class='ocrx_word' id='word_1_192' title='bbox 934 2051 1045 2108; x_wconf 91' lang='lat' dir='ltr'>seriem</span> <span class='ocrx_word' id='word_1_193' title='bbox 1062 2069 1133 2108; x_wconf 86' lang='lat' dir='ltr'>mox</span> <span class='ocrx_word' id='word_1_194' title='bbox 1152 2061 1256 2108; x_wconf 89' lang='lat' dir='ltr'>sancto</span> <span class='ocrx_word' id='word_1_195' title='bbox 1268 2051 1335 2108; x_wconf 89' lang='lat' dir='ltr'>viro</span> <span class='ocrx_word' id='word_1_196' title='bbox 1348 2052 1443 2126; x_wconf 86' lang='lat' dir='ltr'>signi·</span> 
     </span>
     <span class='ocr_line' id='line_1_21' title="bbox 244 2138 1445 2213; baseline 0 -15"><span class='ocrx_word' id='word_1_197' title='bbox 244 2159 276 2198; x_wconf 80' lang='lat' dir='ltr'>ao</span> <span class='ocrx_word' id='word_1_198' title='bbox 289 2139 391 2210; x_wconf 83' lang='lat' dir='ltr'>ficana,</span> <span class='ocrx_word' id='word_1_199' title='bbox 409 2149 441 2200; x_wconf 84' lang='lat' dir='ltr'>vt</span> <span class='ocrx_word' id='word_1_200' title='bbox 460 2156 516 2213; x_wconf 89' lang='lat' dir='ltr'>pro</span> <span class='ocrx_word' id='word_1_201' title='bbox 531 2157 576 2208; x_wconf 91' lang='lat' dir='ltr'>eo,</span> <span class='ocrx_word' id='word_1_202' title='bbox 591 2139 668 2198; x_wconf 88' lang='lat' dir='ltr'>sicut</span> <span class='ocrx_word' id='word_1_203' title='bbox 686 2146 817 2212; x_wconf 82' lang='lat' dir='ltr'>ceperat,</span> <span class='ocrx_word' id='word_1_204' title='bbox 830 2157 917 2196; x_wconf 90' lang='lat' dir='ltr'>orare</span> <span class='ocrx_word' id='word_1_205' title='bbox 934 2138 1107 2212; x_wconf 77' lang='lat' dir='ltr'>dignaretur</span> <span class='ocrx_word' id='word_1_206' title='bbox 1123 2139 1300 2213; x_wconf 87' lang='lat' dir='ltr'>suppliciter</span> <span class='ocrx_word' id='word_1_207' title='bbox 1316 2152 1445 2212; x_wconf 71' lang='lat' dir='ltr'>exorat,</span> 
     </span>
     <span class='ocr_line' id='line_1_22' title="bbox 288 2226 1445 2301; baseline 0.002 -17"><span class='ocrx_word' id='word_1_208' title='bbox 288 2229 410 2284; x_wconf 90' lang='lat' dir='ltr'>nomina</span> <span class='ocrx_word' id='word_1_209' title='bbox 429 2244 548 2300; x_wconf 89' lang='lat' dir='ltr'>quoque</span> <span class='ocrx_word' id='word_1_210' title='bbox 572 2235 603 2284; x_wconf 88' lang='lat' dir='ltr'>et</span> <span class='ocrx_word' id='word_1_211' title='bbox 628 2243 788 2284; x_wconf 90' lang='lat' dir='ltr'>numerum</span> <span class='ocrx_word' id='word_1_212' title='bbox 808 2226 928 2283; x_wconf 83' lang='lat' dir='ltr'>fortium</span> <span class='ocrx_word' id='word_1_213' title='bbox 950 2244 1027 2301; x_wconf 88' lang='lat' dir='ltr'>quos</span> <span class='ocrx_word' id='word_1_214' title='bbox 1049 2235 1169 2300; x_wconf 90' lang='lat' dir='ltr'>ceperat</span> <span class='ocrx_word' id='word_1_215' title='bbox 1190 2226 1367 2285; x_wconf 84' lang='lat' dir='ltr'>litteratorie</span> <span class='ocrx_word' id='word_1_216' title='bbox 1389 2247 1445 2286; x_wconf 86' lang='lat' dir='ltr'>ex-</span> 
     </span>
     <span class='ocr_line' id='line_1_23' title="bbox 288 2312 1445 2388; baseline 0.001 -16"><span class='ocrx_word' id='word_1_217' title='bbox 288 2315 407 2388; x_wconf 88' lang='lat' dir='ltr'>pressit.</span> <span class='ocrx_word' id='word_1_218' title='bbox 445 2319 532 2372; x_wconf 88' lang='lat' dir='ltr'>Hanc</span> <span class='ocrx_word' id='word_1_219' title='bbox 549 2324 650 2372; x_wconf 90' lang='lat' dir='ltr'>autem</span> <span class='ocrx_word' id='word_1_220' title='bbox 670 2312 823 2372; x_wconf 87' lang='lat' dir='ltr'>victoriam</span> <span class='ocrx_word' id='word_1_221' title='bbox 842 2314 957 2372; x_wconf 90' lang='lat' dir='ltr'>meritis</span> <span class='ocrx_word' id='word_1_222' title='bbox 974 2315 1068 2372; x_wconf 87' lang='lat' dir='ltr'>sancti</span> <span class='ocrx_word' id='word_1_223' title='bbox 1086 2315 1141 2371; x_wconf 90' lang='lat' dir='ltr'>viri</span> <span class='ocrx_word' id='word_1_224' title='bbox 1160 2313 1266 2372; x_wconf 89' lang='lat' dir='ltr'>celitus</span> <span class='ocrx_word' id='word_1_225' title='bbox 1285 2314 1351 2388; x_wconf 80' lang='lat' dir='ltr'>regi</span> <span class='ocrx_word' id='word_1_226' title='bbox 1371 2333 1445 2374; x_wconf 82' lang='lat' dir='ltr'>con-</span> 
     </span>
     <span class='ocr_line' id='line_1_24' title="bbox 288 2390 1521 2475; baseline 0.001 -15"><span class='ocrx_word' id='word_1_227' title='bbox 288 2401 984 2474; x_wconf 82' lang='lat' dir='ltr'>cessam⁴multiindubitanterasscripserunt&#39;.</span> <span class='ocrx_word' id='word_1_228' title='bbox 1023 2390 1106 2462; x_wconf 89' lang='lat' dir='ltr'>Cum</span> <span class='ocrx_word' id='word_1_229' title='bbox 1117 2411 1216 2460; x_wconf 89' lang='lat' dir='ltr'>autem</span> <span class='ocrx_word' id='word_1_230' title='bbox 1224 2404 1445 2475; x_wconf 85' lang='lat' dir='ltr'>perquaudam</span> <span class='ocrx_word' id='word_1_231' title='bbox 1520 2415 1521 2440; x_wconf 71' lang='lat'><em>³</em></span> 
     </span>
     <span class='ocr_line' id='line_1_25' title="bbox 287 2488 1443 2562; baseline 0.004 -17"><span class='ocrx_word' id='word_1_232' title='bbox 287 2490 387 2547; x_wconf 86' lang='lat' dir='ltr'>villam</span> <span class='ocrx_word' id='word_1_233' title='bbox 419 2499 542 2548; x_wconf 87' lang='lat' dir='ltr'>sanctus</span> <span class='ocrx_word' id='word_1_234' title='bbox 571 2489 732 2562; x_wconf 88' lang='lat' dir='ltr'>episcopus</span> <span class='ocrx_word' id='word_1_235' title='bbox 757 2489 915 2546; x_wconf 86' lang='lat' dir='ltr'>transitum</span> <span class='ocrx_word' id='word_1_236' title='bbox 941 2488 1061 2560; x_wconf 85' lang='lat' dir='ltr'>iaceret,</span> <span class='ocrx_word' id='word_1_237' title='bbox 1085 2488 1200 2546; x_wconf 90' lang='lat' dir='ltr'>inuenit</span> <span class='ocrx_word' id='word_1_238' title='bbox 1225 2490 1443 2550; x_wconf 87' lang='lat' dir='ltr'>demoniacum</span> 
     </span>
     <span class='ocr_line' id='line_1_26' title="bbox 244 2575 1444 2649; baseline 0.003 -17"><span class='ocrx_word' id='word_1_239' title='bbox 244 2597 273 2646; x_wconf 82' lang='lat'>²5</span> <span class='ocrx_word' id='word_1_240' title='bbox 289 2578 461 2636; x_wconf 88' lang='lat' dir='ltr'>mirabiliter</span> <span class='ocrx_word' id='word_1_241' title='bbox 480 2577 583 2634; x_wconf 90' lang='lat' dir='ltr'>oculos</span> <span class='ocrx_word' id='word_1_242' title='bbox 602 2576 632 2632; x_wconf 93' lang='lat' dir='ltr'>in</span> <span class='ocrx_word' id='word_1_243' title='bbox 652 2575 750 2649; x_wconf 92' lang='lat' dir='ltr'>girum</span> <span class='ocrx_word' id='word_1_244' title='bbox 763 2585 968 2646; x_wconf 74' lang='lat' dir='ltr'>retentemus</span> <span class='ocrx_word' id='word_1_245' title='bbox 987 2595 1066 2636; x_wconf 91' lang='lat' dir='ltr'>nunc</span> <span class='ocrx_word' id='word_1_246' title='bbox 1084 2576 1114 2632; x_wconf 93' lang='lat' dir='ltr'>in</span> <span class='ocrx_word' id='word_1_247' title='bbox 1129 2577 1206 2634; x_wconf 91' lang='lat' dir='ltr'>hanc</span> <span class='ocrx_word' id='word_1_248' title='bbox 1220 2594 1300 2633; x_wconf 89' lang='lat' dir='ltr'>nunc</span> <span class='ocrx_word' id='word_1_249' title='bbox 1314 2577 1346 2634; x_wconf 93' lang='lat' dir='ltr'>in</span> <span class='ocrx_word' id='word_1_250' title='bbox 1361 2578 1444 2636; x_wconf 86' lang='lat' dir='ltr'>illam</span> 
     </span>
     <span class='ocr_line' id='line_1_27' title="bbox 288 2663 1445 2738; baseline 0.004 -18"><span class='ocrx_word' id='word_1_251' title='bbox 288 2672 403 2738; x_wconf 90' lang='lat' dir='ltr'>partem</span> <span class='ocrx_word' id='word_1_252' title='bbox 416 2663 578 2722; x_wconf 88' lang='lat' dir='ltr'>miserabili</span> <span class='ocrx_word' id='word_1_253' title='bbox 587 2665 662 2722; x_wconf 85' lang='lat' dir='ltr'>rictu</span> <span class='ocrx_word' id='word_1_254' title='bbox 672 2671 927 2736; x_wconf 90' lang='lat' dir='ltr'>contorquentem.</span> <span class='ocrx_word' id='word_1_255' title='bbox 962 2664 1049 2722; x_wconf 91' lang='lat' dir='ltr'>Nunc</span> <span class='ocrx_word' id='word_1_256' title='bbox 1063 2664 1194 2737; x_wconf 87' lang='lat' dir='ltr'>linguam</span> <span class='ocrx_word' id='word_1_257' title='bbox 1208 2663 1239 2720; x_wconf 94' lang='lat' dir='ltr'>in</span> <span class='ocrx_word' id='word_1_258' title='bbox 1254 2663 1445 2724; x_wconf 87' lang='lat' dir='ltr'>immensum</span> 
     </span>
     <span class='ocr_line' id='line_1_28' title="bbox 287 2750 1445 2825; baseline 0.002 -17"><span class='ocrx_word' id='word_1_259' title='bbox 287 2753 389 2809; x_wconf 89' lang='lat' dir='ltr'>abore</span> <span class='ocrx_word' id='word_1_260' title='bbox 402 2753 610 2825; x_wconf 80' lang='lat' dir='ltr'>protendebat,</span> <span class='ocrx_word' id='word_1_261' title='bbox 619 2769 699 2809; x_wconf 90' lang='lat' dir='ltr'>nunc</span> <span class='ocrx_word' id='word_1_262' title='bbox 713 2751 852 2809; x_wconf 88' lang='lat' dir='ltr'>dentibus</span> <span class='ocrx_word' id='word_1_263' title='bbox 865 2751 1009 2808; x_wconf 86' lang='lat' dir='ltr'>stridebat</span> <span class='ocrx_word' id='word_1_264' title='bbox 1021 2774 1028 2820; x_wconf 88' lang='lat'><strong>;</strong></span> <span class='ocrx_word' id='word_1_265' title='bbox 1046 2751 1127 2808; x_wconf 89' lang='lat' dir='ltr'>hiatu</span> <span class='ocrx_word' id='word_1_266' title='bbox 1141 2751 1270 2810; x_wconf 82' lang='lat' dir='ltr'>saucium</span> <span class='ocrx_word' id='word_1_267' title='bbox 1284 2750 1445 2810; x_wconf 88' lang='lat' dir='ltr'>immanis-</span> 
     </span>
     <span class='ocr_line' id='line_1_29' title="bbox 288 2839 1445 2914; baseline 0 -18"><span class='ocrx_word' id='word_1_268' title='bbox 288 2839 364 2896; x_wconf 92' lang='lat' dir='ltr'>simo</span> <span class='ocrx_word' id='word_1_269' title='bbox 383 2840 517 2913; x_wconf 89' lang='lat' dir='ltr'>patulum</span> <span class='ocrx_word' id='word_1_270' title='bbox 536 2839 664 2914; x_wconf 89' lang='lat' dir='ltr'>gutturis</span> <span class='ocrx_word' id='word_1_271' title='bbox 683 2847 824 2910; x_wconf 90' lang='lat' dir='ltr'>meatum,</span> <span class='ocrx_word' id='word_1_272' title='bbox 844 2856 878 2896; x_wconf 90' lang='lat' dir='ltr'>ac</span> <span class='ocrx_word' id='word_1_273' title='bbox 897 2839 922 2896; x_wconf 94' lang='lat' dir='ltr'>si</span> <span class='ocrx_word' id='word_1_274' title='bbox 942 2840 1092 2911; x_wconf 86' lang='lat' dir='ltr'>quoddam</span> <span class='ocrx_word' id='word_1_275' title='bbox 1111 2839 1219 2912; x_wconf 89' lang='lat' dir='ltr'>ingens</span> <span class='ocrx_word' id='word_1_276' title='bbox 1238 2839 1395 2898; x_wconf 80' lang='lat' dir='ltr'>baratrum</span> <span class='ocrx_word' id='word_1_277' title='bbox 1414 2851 1445 2898; x_wconf 90' lang='lat' dir='ltr'>et</span> 
     </span>
     <span class='ocr_line' id='line_1_30' title="bbox 287 2926 1444 2999; baseline 0.002 -16"><span class='ocrx_word' id='word_1_278' title='bbox 287 2927 472 2986; x_wconf 90' lang='lat' dir='ltr'>intuentibus</span> <span class='ocrx_word' id='word_1_279' title='bbox 486 2927 640 2985; x_wconf 86' lang='lat' dir='ltr'>horridum</span> <span class='ocrx_word' id='word_1_280' title='bbox 653 2927 884 2984; x_wconf 82' lang='lat' dir='ltr'>demonstrabat</span> <span class='ocrx_word' id='word_1_281' title='bbox 924 2926 1013 2983; x_wconf 85' lang='lat' dir='ltr'>Facto</span> <span class='ocrx_word' id='word_1_282' title='bbox 1029 2935 1129 2984; x_wconf 90' lang='lat' dir='ltr'>autem</span> <span class='ocrx_word' id='word_1_283' title='bbox 1147 2943 1324 2999; x_wconf 86' lang='lat' dir='ltr'>supereum</span> <span class='ocrx_word' id='word_1_284' title='bbox 1336 2939 1444 2988; x_wconf 85' lang='lat' dir='ltr'>sancte</span> 
     </span>
     <span class='ocr_line' id='line_1_31' title="bbox 242 3012 1445 3090; baseline 0.003 -21"><span class='ocrx_word' id='word_1_285' title='bbox 242 3031 275 3082; x_wconf 76' lang='lat'>³0</span> <span class='ocrx_word' id='word_1_286' title='bbox 288 3017 383 3072; x_wconf 89' lang='lat' dir='ltr'>crucis</span> <span class='ocrx_word' id='word_1_287' title='bbox 394 3015 489 3088; x_wconf 89' lang='lat' dir='ltr'>signo,</span> <span class='ocrx_word' id='word_1_288' title='bbox 499 3015 638 3088; x_wconf 88' lang='lat' dir='ltr'>dictoque</span> <span class='ocrx_word' id='word_1_289' title='bbox 648 3013 694 3070; x_wconf 87' lang='lat' dir='ltr'>‘in</span> <span class='ocrx_word' id='word_1_290' title='bbox 704 3012 868 3087; x_wconf 90' lang='lat' dir='ltr'>principio&#39;</span> <span class='ocrx_word' id='word_1_291' title='bbox 882 3013 1038 3087; x_wconf 89' lang='lat' dir='ltr'>euangelio</span> <span class='ocrx_word' id='word_1_292' title='bbox 1053 3013 1204 3080; x_wconf 88' lang='lat' dir='ltr'>lobannis,</span> <span class='ocrx_word' id='word_1_293' title='bbox 1212 3030 1340 3086; x_wconf 87' lang='lat' dir='ltr'>aspersa</span> <span class='ocrx_word' id='word_1_294' title='bbox 1351 3033 1445 3090; x_wconf 91' lang='lat' dir='ltr'>super</span> 
     </span>
     <span class='ocr_line' id='line_1_32' title="bbox 287 3100 1444 3176; baseline 0 -16"><span class='ocrx_word' id='word_1_295' title='bbox 287 3120 356 3160; x_wconf 91' lang='lat' dir='ltr'>eum</span> <span class='ocrx_word' id='word_1_296' title='bbox 369 3121 446 3176; x_wconf 88' lang='lat' dir='ltr'>aqua</span> <span class='ocrx_word' id='word_1_297' title='bbox 462 3104 619 3161; x_wconf 91' lang='lat' dir='ltr'>benedicta</span> <span class='ocrx_word' id='word_1_298' title='bbox 636 3100 769 3174; x_wconf 86' lang='lat' dir='ltr'>perfecte</span> <span class='ocrx_word' id='word_1_299' title='bbox 788 3100 834 3158; x_wconf 90' lang='lat' dir='ltr'>vir</span> <span class='ocrx_word' id='word_1_300' title='bbox 853 3101 902 3158; x_wconf 91' lang='lat' dir='ltr'>ille</span> <span class='ocrx_word' id='word_1_301' title='bbox 924 3101 1075 3170; x_wconf 88' lang='lat' dir='ltr'>liberatus,</span> <span class='ocrx_word' id='word_1_302' title='bbox 1087 3101 1118 3158; x_wconf 92' lang='lat' dir='ltr'>in</span> <span class='ocrx_word' id='word_1_303' title='bbox 1132 3109 1287 3174; x_wconf 88' lang='lat' dir='ltr'>posterum</span> <span class='ocrx_word' id='word_1_304' title='bbox 1300 3101 1398 3160; x_wconf 88' lang='lat' dir='ltr'>vitam</span> <span class='ocrx_word' id='word_1_305' title='bbox 1415 3105 1444 3160; x_wconf 89' lang='lat' dir='ltr'>in</span> 
     </span>
     <span class='ocr_line' id='line_1_33' title="bbox 287 3171 1445 3264; baseline 0.002 -18"><span class='ocrx_word' id='word_1_306' title='bbox 287 3191 394 3249; x_wconf 88' lang='lat' dir='ltr'>melius</span> <span class='ocrx_word' id='word_1_307' title='bbox 404 3191 516 3248; x_wconf 86' lang='lat' dir='ltr'>studuit</span> <span class='ocrx_word' id='word_1_308' title='bbox 525 3190 697 3248; x_wconf 89' lang='lat' dir='ltr'>emendare.</span> <span class='ocrx_word' id='word_1_309' title='bbox 763 3171 841 3244; x_wconf 72' lang='lat' dir='ltr'>⁸Vir</span> <span class='ocrx_word' id='word_1_310' title='bbox 850 3198 972 3246; x_wconf 88' lang='lat' dir='ltr'>sanctus</span> <span class='ocrx_word' id='word_1_311' title='bbox 981 3190 1088 3246; x_wconf 90' lang='lat' dir='ltr'>domos</span> <span class='ocrx_word' id='word_1_312' title='bbox 1099 3189 1287 3261; x_wconf 89' lang='lat' dir='ltr'>leprosorum</span> <span class='ocrx_word' id='word_1_313' title='bbox 1298 3206 1359 3260; x_wconf 90' lang='lat' dir='ltr'>per</span> <span class='ocrx_word' id='word_1_314' title='bbox 1368 3207 1445 3264; x_wconf 84' lang='lat' dir='ltr'>quas</span> 
     </span>
     <span class='ocr_line' id='line_1_34' title="bbox 286 3275 1445 3350; baseline 0 -15"><span class='ocrx_word' id='word_1_315' title='bbox 286 3279 445 3336; x_wconf 87' lang='lat' dir='ltr'>transitum</span> <span class='ocrx_word' id='word_1_316' title='bbox 463 3277 588 3334; x_wconf 82' lang='lat' dir='ltr'>iaciebat</span> <span class='ocrx_word' id='word_1_317' title='bbox 607 3275 723 3350; x_wconf 84' lang='lat' dir='ltr'>ingredi</span> <span class='ocrx_word' id='word_1_318' title='bbox 743 3275 917 3347; x_wconf 88' lang='lat' dir='ltr'>consueuit;</span> <span class='ocrx_word' id='word_1_319' title='bbox 937 3293 1027 3349; x_wconf 90' lang='lat' dir='ltr'>quam</span> <span class='ocrx_word' id='word_1_320' title='bbox 1047 3275 1245 3334; x_wconf 87' lang='lat' dir='ltr'>humilitatem</span> <span class='ocrx_word' id='word_1_321' title='bbox 1265 3275 1445 3335; x_wconf 85' lang='lat' dir='ltr'>Willelmus</span> 
     </span>
     <span class='ocr_line' id='line_1_35' title="bbox 286 3363 1445 3437; baseline -0.001 -14"><span class='ocrx_word' id='word_1_322' title='bbox 286 3367 482 3423; x_wconf 87' lang='lat' dir='ltr'>cancellarius</span> <span class='ocrx_word' id='word_1_323' title='bbox 498 3364 704 3423; x_wconf 88' lang='lat' dir='ltr'>lincolniensis</span> <span class='ocrx_word' id='word_1_324' title='bbox 716 3364 831 3433; x_wconf 88' lang='lat' dir='ltr'>videns,</span> <span class='ocrx_word' id='word_1_325' title='bbox 840 3363 972 3437; x_wconf 88' lang='lat' dir='ltr'>experiri</span> <span class='ocrx_word' id='word_1_326' title='bbox 984 3363 1077 3421; x_wconf 90' lang='lat' dir='ltr'>voluit</span> <span class='ocrx_word' id='word_1_327' title='bbox 1087 3373 1188 3420; x_wconf 90' lang='lat' dir='ltr'>vtrum</span> <span class='ocrx_word' id='word_1_328' title='bbox 1201 3373 1328 3436; x_wconf 90' lang='lat' dir='ltr'>propter</span> <span class='ocrx_word' id='word_1_329' title='bbox 1342 3366 1445 3424; x_wconf 85' lang='lat' dir='ltr'>excel·</span> 
     </span>
     <span class='ocr_line' id='line_1_36' title="bbox 242 3449 1444 3526; baseline 0 -16"><span class='ocrx_word' id='word_1_330' title='bbox 242 3467 272 3518; x_wconf 74' lang='lat'>35</span> <span class='ocrx_word' id='word_1_331' title='bbox 287 3455 408 3510; x_wconf 90' lang='lat' dir='ltr'>lentiam</span> <span class='ocrx_word' id='word_1_332' title='bbox 432 3453 521 3510; x_wconf 91' lang='lat' dir='ltr'>huius</span> <span class='ocrx_word' id='word_1_333' title='bbox 542 3452 644 3526; x_wconf 87' lang='lat' dir='ltr'>operis</span> <span class='ocrx_word' id='word_1_334' title='bbox 665 3452 754 3510; x_wconf 88' lang='lat' dir='ltr'>elatio</span> <span class='ocrx_word' id='word_1_335' title='bbox 773 3461 910 3526; x_wconf 86' lang='lat' dir='ltr'>tangeret</span> <span class='ocrx_word' id='word_1_336' title='bbox 930 3451 1065 3509; x_wconf 86' lang='lat' dir='ltr'>animum</span> <span class='ocrx_word' id='word_1_337' title='bbox 1090 3449 1146 3507; x_wconf 89' lang='lat' dir='ltr'>viri</span> <span class='ocrx_word' id='word_1_338' title='bbox 1174 3450 1252 3518; x_wconf 88' lang='lat' dir='ltr'>iusti,</span> <span class='ocrx_word' id='word_1_339' title='bbox 1273 3449 1325 3506; x_wconf 74' lang='lat' dir='ltr'>et&#39;</span> <span class='ocrx_word' id='word_1_340' title='bbox 1347 3453 1444 3512; x_wconf 85' lang='lat' dir='ltr'>dixit:</span> 
     </span>
     <span class='ocr_line' id='line_1_37' title="bbox 287 3537 1445 3614; baseline -0.002 -16"><span class='ocrx_word' id='word_1_341' title='bbox 287 3542 452 3598; x_wconf 88' lang='lat' dir='ltr'>‘Martinus</span> <span class='ocrx_word' id='word_1_342' title='bbox 462 3541 614 3614; x_wconf 89' lang='lat' dir='ltr'>leprosum</span> <span class='ocrx_word' id='word_1_343' title='bbox 629 3540 792 3598; x_wconf 90' lang='lat' dir='ltr'>osculando</span> <span class='ocrx_word' id='word_1_344' title='bbox 806 3539 939 3597; x_wconf 90' lang='lat' dir='ltr'>sanauit:</span> <span class='ocrx_word' id='word_1_345' title='bbox 959 3555 1014 3596; x_wconf 87' lang='lat' dir='ltr'>vos</span> <span class='ocrx_word' id='word_1_346' title='bbox 1027 3537 1164 3610; x_wconf 87' lang='lat' dir='ltr'>leprosos</span> <span class='ocrx_word' id='word_1_347' title='bbox 1174 3555 1250 3612; x_wconf 90' lang='lat' dir='ltr'>quos</span> <span class='ocrx_word' id='word_1_348' title='bbox 1262 3539 1445 3596; x_wconf 86' lang='lat' dir='ltr'>osculamini</span> 
     </span>
     <span class='ocr_line' id='line_1_38' title="bbox 287 3625 1445 3701; baseline -0.001 -15"><span class='ocrx_word' id='word_1_349' title='bbox 287 3646 348 3686; x_wconf 91' lang='lat' dir='ltr'>non</span> <span class='ocrx_word' id='word_1_350' title='bbox 361 3628 491 3686; x_wconf 70' lang='lat' dir='ltr'>sanatis!</span> <span class='ocrx_word' id='word_1_351' title='bbox 523 3627 578 3684; x_wconf 90' lang='lat' dir='ltr'>Cui</span> <span class='ocrx_word' id='word_1_352' title='bbox 589 3629 748 3701; x_wconf 86' lang='lat' dir='ltr'>episcopus</span> <span class='ocrx_word' id='word_1_353' title='bbox 758 3627 818 3686; x_wconf 83' lang='lat' dir='ltr'>ait:</span> <span class='ocrx_word' id='word_1_354' title='bbox 841 3626 1002 3682; x_wconf 89' lang='lat' dir='ltr'>‘Osculum</span> <span class='ocrx_word' id='word_1_355' title='bbox 1014 3625 1296 3698; x_wconf 88' lang='lat' dir='ltr'>Martinileprosum</span> <span class='ocrx_word' id='word_1_356' title='bbox 1304 3629 1445 3684; x_wconf 86' lang='lat' dir='ltr'>sanauit:</span> 
     </span>
     <span class='ocr_line' id='line_1_39' title="bbox 287 3701 1447 3788; baseline -0.001 -15"><span class='ocrx_word' id='word_1_357' title='bbox 287 3717 423 3774; x_wconf 89' lang='lat' dir='ltr'>osculum</span> <span class='ocrx_word' id='word_1_358' title='bbox 436 3733 508 3772; x_wconf 90' lang='lat' dir='ltr'>vero</span> <span class='ocrx_word' id='word_1_359' title='bbox 521 3714 631 3788; x_wconf 88' lang='lat' dir='ltr'>leprosi</span> <span class='ocrx_word' id='word_1_360' title='bbox 643 3713 776 3771; x_wconf 88' lang='lat' dir='ltr'>animam</span> <span class='ocrx_word' id='word_1_361' title='bbox 796 3731 895 3772; x_wconf 88' lang='lat' dir='ltr'>meam</span> <span class='ocrx_word' id='word_1_362' title='bbox 913 3712 1041 3771; x_wconf 78' lang='lat' dir='ltr'>sanat.⁸’</span> <span class='ocrx_word' id='word_1_363' title='bbox 1115 3701 1193 3770; x_wconf 86' lang='lat' dir='ltr'>Erat</span> <span class='ocrx_word' id='word_1_364' title='bbox 1213 3721 1314 3769; x_wconf 90' lang='lat' dir='ltr'>autem</span> <span class='ocrx_word' id='word_1_365' title='bbox 1334 3715 1447 3772; x_wconf 88' lang='lat' dir='ltr'>mulier</span> 
     </span>
     <span class='ocr_line' id='line_1_40' title="bbox 286 3798 1446 3878; baseline -0.002 -16"><span class='ocrx_word' id='word_1_366' title='bbox 286 3806 416 3878; x_wconf 89' lang='lat' dir='ltr'>quedam</span> <span class='ocrx_word' id='word_1_367' title='bbox 441 3801 589 3876; x_wconf 88' lang='lat' dir='ltr'>spiritum,</span> <span class='ocrx_word' id='word_1_368' title='bbox 608 3811 641 3860; x_wconf 94' lang='lat' dir='ltr'>vt</span> <span class='ocrx_word' id='word_1_369' title='bbox 663 3801 839 3871; x_wconf 80' lang='lat' dir='ltr'>videbatur,¹</span> <span class='ocrx_word' id='word_1_370' title='bbox 856 3801 970 3858; x_wconf 87' lang='lat' dir='ltr'>habens</span> <span class='ocrx_word' id='word_1_371' title='bbox 997 3798 1193 3875; x_wconf 89' lang='lat' dir='ltr'>phitonicum,</span> <span class='ocrx_word' id='word_1_372' title='bbox 1214 3816 1273 3874; x_wconf 89' lang='lat' dir='ltr'>que</span> <span class='ocrx_word' id='word_1_373' title='bbox 1297 3799 1446 3860; x_wconf 89' lang='lat' dir='ltr'>iudicauit</span> 
     </span>
     <span class='ocr_line' id='line_1_41' title="bbox 242 3887 1446 3968; baseline -0.003 -18"><span class='ocrx_word' id='word_1_374' title='bbox 242 3914 274 3968; x_wconf 80' lang='lat'>40</span> <span class='ocrx_word' id='word_1_375' title='bbox 287 3893 401 3968; x_wconf 89' lang='lat' dir='ltr'>passim</span> <span class='ocrx_word' id='word_1_376' title='bbox 421 3891 500 3950; x_wconf 86' lang='lat' dir='ltr'>furta</span> <span class='ocrx_word' id='word_1_377' title='bbox 520 3909 538 3948; x_wconf 88' lang='lat' dir='ltr'>a</span> <span class='ocrx_word' id='word_1_378' title='bbox 555 3889 781 3964; x_wconf 88' lang='lat' dir='ltr'>quibuscunque</span> <span class='ocrx_word' id='word_1_379' title='bbox 801 3889 941 3958; x_wconf 86' lang='lat' dir='ltr'>admissa,</span> <span class='ocrx_word' id='word_1_380' title='bbox 960 3899 991 3946; x_wconf 88' lang='lat' dir='ltr'>et</span> <span class='ocrx_word' id='word_1_381' title='bbox 1012 3889 1127 3947; x_wconf 89' lang='lat' dir='ltr'>occulta</span> <span class='ocrx_word' id='word_1_382' title='bbox 1145 3905 1264 3961; x_wconf 93' lang='lat' dir='ltr'>queque</span> <span class='ocrx_word' id='word_1_383' title='bbox 1281 3887 1446 3961; x_wconf 81' lang='lat' dir='ltr'>detegebat</span> 
     </span>
     <span class='ocr_line' id='line_1_42' title="bbox 288 3974 1447 4051; baseline -0.003 -13"><span class='ocrx_word' id='word_1_384' title='bbox 288 3981 442 4040; x_wconf 88' lang='lat' dir='ltr'>maleficia.</span> <span class='ocrx_word' id='word_1_385' title='bbox 479 3977 513 4036; x_wconf 89' lang='lat' dir='ltr'>Si</span> <span class='ocrx_word' id='word_1_386' title='bbox 525 3995 598 4036; x_wconf 87' lang='lat' dir='ltr'>vero</span> <span class='ocrx_word' id='word_1_387' title='bbox 611 3996 628 4036; x_wconf 91' lang='lat' dir='ltr'>a</span> <span class='ocrx_word' id='word_1_388' title='bbox 641 3977 749 4051; x_wconf 87' lang='lat' dir='ltr'>quouis</span> <span class='ocrx_word' id='word_1_389' title='bbox 762 3977 985 4051; x_wconf 84' lang='lat' dir='ltr'>corripiebatur,</span> <span class='ocrx_word' id='word_1_390' title='bbox 997 3976 1169 4049; x_wconf 90' lang='lat' dir='ltr'>importuna</span> <span class='ocrx_word' id='word_1_391' title='bbox 1189 3974 1292 4048; x_wconf 89' lang='lat' dir='ltr'>lingue</span> <span class='ocrx_word' id='word_1_392' title='bbox 1303 3975 1447 4034; x_wconf 89' lang='lat' dir='ltr'>volubili·</span> 
     </span>
     <span class='ocr_line' id='line_1_43' title="bbox 286 4062 1447 4143; baseline -0.003 -17"><span class='ocrx_word' id='word_1_393' title='bbox 286 4079 346 4127; x_wconf 89' lang='lat' dir='ltr'>tate</span> <span class='ocrx_word' id='word_1_394' title='bbox 364 4077 540 4143; x_wconf 83' lang='lat' dir='ltr'>arguentem</span> <span class='ocrx_word' id='word_1_395' title='bbox 552 4066 638 4140; x_wconf 88' lang='lat' dir='ltr'>quasi</span> <span class='ocrx_word' id='word_1_396' title='bbox 651 4065 805 4140; x_wconf 89' lang='lat' dir='ltr'>stupidum</span> <span class='ocrx_word' id='word_1_397' title='bbox 818 4065 961 4122; x_wconf 91' lang='lat' dir='ltr'>reddebat</span> <span class='ocrx_word' id='word_1_398' title='bbox 978 4073 1008 4122; x_wconf 93' lang='lat' dir='ltr'>et</span> <span class='ocrx_word' id='word_1_399' title='bbox 1027 4063 1197 4137; x_wconf 88' lang='lat' dir='ltr'>elinguem:</span> <span class='ocrx_word' id='word_1_400' title='bbox 1218 4062 1320 4136; x_wconf 89' lang='lat' dir='ltr'>sicque</span> <span class='ocrx_word' id='word_1_401' title='bbox 1334 4079 1447 4122; x_wconf 90' lang='lat' dir='ltr'>omnes</span> 
     </span>
     <span class='ocr_line' id='line_1_44' title="bbox 286 4148 1447 4227; baseline -0.004 -13"><span class='ocrx_word' id='word_1_402' title='bbox 286 4156 475 4216; x_wconf 83' lang='lat' dir='ltr'>verbositatis</span> <span class='ocrx_word' id='word_1_403' title='bbox 486 4154 639 4213; x_wconf 85' lang='lat' dir='ltr'>affluentia</span> <span class='ocrx_word' id='word_1_404' title='bbox 651 4152 848 4227; x_wconf 88' lang='lat' dir='ltr'>opprimebat,</span> <span class='ocrx_word' id='word_1_405' title='bbox 856 4161 887 4210; x_wconf 88' lang='lat' dir='ltr'>vt</span> <span class='ocrx_word' id='word_1_406' title='bbox 900 4153 999 4210; x_wconf 91' lang='lat' dir='ltr'>nullus</span> <span class='ocrx_word' id='word_1_407' title='bbox 1015 4168 1083 4210; x_wconf 90' lang='lat' dir='ltr'>eam</span> <span class='ocrx_word' id='word_1_408' title='bbox 1096 4151 1235 4208; x_wconf 88' lang='lat' dir='ltr'>euincere</span> <span class='ocrx_word' id='word_1_409' title='bbox 1248 4157 1299 4206; x_wconf 89' lang='lat' dir='ltr'>aut</span> <span class='ocrx_word' id='word_1_410' title='bbox 1308 4148 1337 4206; x_wconf 90' lang='lat' dir='ltr'>ei</span> <span class='ocrx_word' id='word_1_411' title='bbox 1349 4149 1447 4209; x_wconf 89' lang='lat' dir='ltr'>silen-</span> 
     </span>
    </p>
   </div>
   <div class='ocr_carea' id='block_1_3' title="bbox 287 4246 1445 4377">
    <p class='ocr_par' dir='ltr' id='par_1_3' title="bbox 287 4246 1445 4377">
     <span class='ocr_line' id='line_1_45' title="bbox 320 4246 1445 4312; baseline -0.007 -8"><span class='ocrx_word' id='word_1_412' title='bbox 320 4253 518 4306; x_wconf 86' lang='lat' dir='ltr'>¹a1.omnibus.</span> <span class='ocrx_word' id='word_1_413' title='bbox 559 4251 619 4302; x_wconf 76' lang='lat' dir='ltr'>&#39;al</span> <span class='ocrx_word' id='word_1_414' title='bbox 630 4251 751 4312; x_wconf 89' lang='lat' dir='ltr'>nequiter</span> <span class='ocrx_word' id='word_1_415' title='bbox 762 4249 879 4299; x_wconf 78' lang='lat' dir='ltr'>infestos.</span> <span class='ocrx_word' id='word_1_416' title='bbox 920 4248 998 4300; x_wconf 77' lang='lat' dir='ltr'>’Vit</span> <span class='ocrx_word' id='word_1_417' title='bbox 1013 4265 1061 4301; x_wconf 87' lang='lat' dir='ltr'>ne:</span> <span class='ocrx_word' id='word_1_418' title='bbox 1079 4263 1239 4310; x_wconf 83' lang='lat' dir='ltr'>nequaquam</span> <span class='ocrx_word' id='word_1_419' title='bbox 1252 4261 1302 4297; x_wconf 88' lang='lat' dir='ltr'>om.</span> <span class='ocrx_word' id='word_1_420' title='bbox 1338 4246 1401 4300; x_wconf 80' lang='lat' dir='ltr'>⁴T.</span> <span class='ocrx_word' id='word_1_421' title='bbox 1417 4249 1445 4300; x_wconf 80' lang='lat' dir='ltr'>F.</span> 
     </span>
     <span class='ocr_line' id='line_1_46' title="bbox 287 4311 1424 4377; baseline -0.004 -7"><span class='ocrx_word' id='word_1_422' title='bbox 287 4333 446 4370; x_wconf 84' lang='lat' dir='ltr'>concessum.</span> <span class='ocrx_word' id='word_1_423' title='bbox 513 4316 768 4368; x_wconf 70' lang='lat' dir='ltr'>*vicaffimabane</span> <span class='ocrx_word' id='word_1_424' title='bbox 831 4313 871 4346; x_wconf 63' lang='grc' dir='ltr'>Η</span> <span class='ocrx_word' id='word_1_425' title='bbox 888 4313 1054 4377; x_wconf 79' lang='lat' dir='ltr'>omiuVit.;</span> <span class='ocrx_word' id='word_1_426' title='bbox 1070 4313 1212 4366; x_wconf 74' lang='lat' dir='ltr'>ctsmuu</span> <span class='ocrx_word' id='word_1_427' title='bbox 1258 4311 1377 4362; x_wconf 78' lang='lat' dir='ltr'>&#39;emin</span> <span class='ocrx_word' id='word_1_428' title='bbox 1390 4315 1424 4368; x_wconf 84' lang='lat' dir='ltr'>T.</span> 
     </span>
    </p>
   </div>
   <div class='ocr_carea' id='block_1_4' title="bbox 0 0 1526 4894">
    <p class='ocr_par' dir='ltr' id='par_1_4' title="bbox 0 0 1526 4894">
     <span class='ocr_line' id='line_1_47' title="bbox 0 0 1526 4894; baseline 0 0"><span class='ocrx_word' id='word_1_429' title='bbox 0 0 1526 4894; x_wconf 95' lang='lat' dir='ltr'> </span> 
     </span>
    </p>
   </div>
  </div>
 </body>
</html>
