3042 4884
412 307 486 401 De
511 303 675 395 sunno
700 305 931 396 usmunno
1175 325 1247 401 247

184 569 419 636 llSrouunrun
431 585 502 625 num
514 585 687 637 merlonus,
700 586 831 637 ounnuu
844 586 979 637 sequens
992 586 1046 627 nsr
1059 585 1164 628 ruine.

421 671 531 745 [Inrita
543 689 678 730 ocrnvas
691 672 723 730 S.
736 672 892 744 Osuunm]
902 673 920 729 ¹.

89 775 319 904 POstquam‚
343 786 518 833 transcurso
542 776 694 849 presentis
707 773 772 834 'vite
796 776 901 846 stadio,
919 776 1068 852 gloriosus
1088 775 1247 833 sarisburi-

194 864 278 921 ensis
298 863 427 921 ecclesie
446 864 570 921 antistes
589 864 765 920 Osmundus
783 865 822 921 ad
841 881 974 937 superne
991 863 1086 937 patrie
1108 864 1245 921 brauium

83 949 293 1008 deuotissime
312 951 487 1023 aspirasset,
506 969 578 1008 mox
596 951 751 1023 ostensi[s]
767 969 823 1024 per
837 951 902 1008 eius
921 949 1060 1022 suffragia
1078 949 1245 1007 innumeris

84 1037 311 1096 miraculorum
328 1037 424 1111 signis
442 1038 521 1095 haud
540 1038 591 1094 diu
610 1038 720 1095 latebat
739 1039 877 1096 homines
895 1039 926 1095 in
945 1039 1033 1096 terris
1051 1037 1154 1111 quanti
1176 1055 1245 1095 eum

84 1127 288 1198 omnipotens
302 1125 428 1183 faciebat
440 1124 471 1180 in
484 1125 565 1182 celis.
604 1125 682 1182 Nam
699 1127 778 1182 side
795 1125 927 1182 omnium
944 1126 1116 1183 morborum
1134 1133 1275 1198 generet

84 1213 139 1268 cui
152 1213 323 1286 preualuit;
343 1213 369 1269 si
387 1215 427 1269 de
440 1211 561 1269 furiosis
577 1222 607 1270 et
623 1221 724 1269 mente
742 1213 877 1270 alienatis
894 1213 944 1286 qui
964 1211 1196 1286 quamplurimi²
1208 1214 1245 1269 ab

84 1317 124 1356 eo
138 1300 237 1357 curati
251 1311 345 1370 erant,
360 1299 386 1357 si
403 1300 441 1357 de
459 1299 571 1357 claudis
588 1309 619 1356 et
636 1300 724 1370 cecis,
737 1301 763 1358 si
780 1300 910 1374 denique
927 1303 965 1358 de
982 1302 1062 1359 unda
1078 1299 1245 1357 submersis

85 1395 118 1442 et
131 1387 203 1445 aliis
215 1387 309 1445 variis
320 1386 492 1444 infortuniis
504 1386 565 1443 vita
578 1387 695 1456 functis,
705 1389 743 1444 ad
755 1389 854 1444 locum
864 1389 1019 1462 sepulture
1029 1387 1108 1444 illius
1118 1387 1245 1460 pristine

85 1473 292 1532 incolumitati
314 1475 469 1544 restitutis,
490 1493 546 1547 per
572 1475 689 1547 singula
714 1475 893 1546 diceremus,
915 1475 1030 1533 facilius
1050 1493 1107 1532 nos
1125 1485 1246 1548 tempus

84 1578 184 1634 quam
197 1563 287 1636 copia
299 1562 398 1620 finiret
408 1560 427 1618 ³.
465 1561 621 1619 Habentes
634 1561 724 1635 igitur
735 1563 838 1634 multa,
851 1572 880 1620 et
893 1564 986 1620 multo
1003 1561 1142 1636 equidem
1160 1561 1246 1636 plura
1262 1575 1292 1613 ιο

85 1665 183 1721 quam
209 1649 302 1706 huius
325 1649 508 1707 celebritatis
532 1649 662 1707 officium
687 1650 813 1707 dicenda
837 1650 962 1723 patitur:
993 1667 1088 1724 pauca
1119 1651 1157 1706 de
1186 1649 1244 1706 hiis

86 1737 285 1794 mirabilibus
315 1754 376 1810 que
404 1737 544 1794 dominus
575 1736 642 1793 fecit
668 1748 697 1795 et
727 1738 858 1794 ostendit
887 1737 983 1808 nobis,
1009 1737 1244 1794 ecclesiasticum

87 1841 209 1882 morem
223 1824 324 1882 debite
338 1833 532 1898 exequentes
545 1824 679 1881 fidelium
692 1824 813 1882 auribus
825 1825 857 1882 in
870 1825 1004 1882 medium
1016 1823 1212 1898 proferamus.

122 1911 260 1972 llLecnb
282 1911 414 1969 semnda.
454 1899 532 1968 Erat
555 1911 586 1967 in
605 1911 700 1969 veteri
720 1914 815 1985 burgo
840 1912 948 1970 mulier
972 1913 1101 1985 quedam
1126 1909 1245 1982 Agatha

86 2001 224 2069 nomine,
233 2017 292 2072 que
300 2001 373 2056 dum
384 1998 504 2056 fouendi
515 1998 675 2071 diligenter
686 1998 840 2056 infantuli*
853 2000 900 2056 sui
914 2017 970 2073 pro
982 1997 1137 2056 maternali
1148 1997 1244 2054 officio
1261 2011 1291 2061 15

85 2104 195 2143 curam
209 2087 344 2156 haberet,
353 2085 451 2142 subito
464 2087 670 2143 arescentibus
680 2087 829 2156 mammis,
837 2087 912 2144 nihil
925 2087 955 2144 in
969 2089 1014 2143 eis
1024 2086 1108 2143 lactis
1120 2084 1245 2142 inuenit.

87 2173 128 2231 Et
142 2173 287 2248 quoniam
300 2173 482 2242 muliercule,
494 2172 586 2231 nimie
599 2175 783 2248 paupertatis
795 2192 888 2232 onere
901 2192 1016 2248 presse,
1029 2171 1243 2232 conducende⁵

87 2263 217 2320 nutricis
241 2271 294 2318 aut
319 2259 474 2318 cuiuslibet
498 2261 691 2334 comparandi
715 2259 891 2319 nutrimenti
917 2261 1042 2319 facultas
1066 2278 1127 2317 non
1152 2259 1243 2331 affuit,

86 2349 208 2422 liquore
228 2357 344 2406 tantum
364 2347 492 2405 ceruisie
512 2349 555 2419 (vt
576 2348 671 2422 ipsius
691 2349 787 2422 patrie
809 2358 898 2422 potus
918 2351 976 2422 est)
998 2359 1117 2422 septem
1136 2347 1243 2406 diebus

87 2453 221 2509 puerum
236 2453 324 2493 suum
337 2436 499 2509 cogebatur
511 2436 599 2494 alere.
637 2435 753 2494 Videns
766 2439 888 2494 tandem
902 2437 998 2494 inutili
1010 2447 1097 2510 pastu
1114 2453 1241 2510 puerum
1258 2455 1290 2491 πο

87 2541 181 2581 suum
200 2523 344 2593 deficere,
362 2541 396 2580 ac
415 2524 454 2581 de
473 2523 567 2580 salute
586 2523 682 2597 ipsius
700 2524 905 2597 desperans⁸3
933 2541 1050 2581 memor
1068 2525 1242 2582 meritorum

88 2612 225 2684 presulis
244 2611 393 2668 Osmundi
411 2611 553 2668 audacter
573 2612 611 2668 ad
634 2611 729 2684 ipsius
751 2612 943 2684 sepulchrum
964 2613 1103 2686 confugit,
1123 2612 1242 2686 illicque

86 2699 228 2757 diuinum
247 2697 392 2755 auxilium
412 2699 466 2755 hac
484 2715 558 2756 voce
577 2699 702 2772 querula
719 2698 859 2756 flebiliter
876 2699 1066 2773 implorauit:
1093 2699 1242 2758 ‘Domine

87 2787 174 2855 deus,
188 2786 241 2860 qui
254 2785 388 2843 fonnasti
400 2803 527 2858 puerum
547 2785 577 2842 in
594 2795 678 2843 vtero
693 2803 770 2854 meo,
784 2795 813 2843 et
828 2786 936 2844 dedisti
955 2788 983 2844 ei
999 2797 1031 2844 vt
1048 2788 1125 2844 hanc
1145 2789 1241 2845 lucem

86 2875 224 2931 videret:
257 2873 296 2929 ob
326 2890 461 2931 amorem
487 2873 636 2930 Osmundi
661 2873 811 2947 pontificis
835 2875 874 2930 da
898 2873 971 2930 mihi
996 2883 1176 2947 oportunum
1200 2875 1242 2932 illi
1258 2891 1288 2941 ²5

88 2961 246 3029 auxilium,
267 2977 307 3017 ne
330 2963 450 3033 pereat!
496 2960 647 3017 Adiuncta
671 2961 748 3018 illico
773 2961 906 3018 oratioue
930 2961 1087 3032 dominica,
1112 2962 1182 3019 vix⁷
1206 2979 1243 3020 ea

87 3049 240 3122 completa
253 3048 363 3105 mirum
375 3047 406 3104 in
420 3049 542 3106 modum
556 3049 631 3106 adeo
644 3049 791 3122 turgentia
800 3051 894 3106 ubera
905 3065 960 3106 sua
972 3050 1108 3122 lacteque
1121 3049 1243 3123 copiosa

87 3137 311 3206 redundabant,
329 3144 362 3193 vt
378 3145 439 3193 tam
458 3136 576 3194 felicem
599 3153 633 3194 se
656 3147 782 3194 matrem
803 3138 1004 3210 congaudens,
1023 3138 1081 3193 deo
1101 3155 1134 3194 ac
1155 3139 1242 3194 beato

88 3223 260 3282 confessori
273 3223 383 3295 gratias
396 3241 500 3297 agens,
512 3225 634 3280 domum
647 3224 708 3282 voti
721 3241 846 3298 compos
859 3241 927 3280 cum
940 3225 1049 3298 gaudio
1060 3235 1218 3282 remearet.

123 3315 150 3370 1
163 3311 259 3368 Lecou
271 3311 310 3368 iii.
349 3298 498 3368 Iordanus
515 3312 641 3370 clericus
657 3320 717 3367 tam
731 3329 802 3384 egra
814 3329 905 3384 quarn
918 3311 1091 3368 deformiori
1104 3311 1242 3370 molestia
1256 3325 1288 3374 30

88 3399 186 3457 multo
211 3407 349 3472 tempore
373 3397 497 3456 affectus
522 3409 578 3467 est,
601 3409 633 3457 vt
656 3399 742 3456 labiis
767 3399 847 3456 illius
871 3399 909 3455 ad
933 3417 1024 3457 vnam
1046 3399 1109 3457 sere
1134 3418 1239 3458 aurem

88 3486 264 3555 contractis,
282 3495 312 3543 et
330 3485 472 3559 loquendi
493 3486 625 3544 officium
648 3495 678 3543 et
697 3487 808 3544 edendi
828 3487 1087 3561 masticandique'
1108 3489 1241 3546 necessi-

87 3585 184 3634 tatem
204 3573 337 3630 maxima
355 3573 476 3647 quidem
493 3591 532 3631 ex
550 3583 635 3647 parte
652 3575 833 3648 perdiderat.
871 3573 930 3632 Hic
949 3583 1059 3645 autem,
1072 3593 1139 3633 cum
1159 3576 1241 3634 nulla

88 3661 277 3720 medicomm
295 3670 359 3717 arte
377 3661 434 3718 sibi
449 3670 565 3735 poterat
579 3661 741 3732 subueniri,
753 3663 877 3719 demum
894 3664 931 3719 ad
950 3663 1144 3736 sepulchrum
1161 3664 1240 3721 beati

87 3750 148 3808 viri
165 3748 351 3806 orationibus
369 3748 522 3820 insistens,
535 3750 665 3822 quodam
680 3767 750 3807 osse
767 3749 886 3822 putrido
899 3751 979 3822 quod
999 3768 1078 3807 nouo
1095 3760 1125 3808 et
1141 3751 1239 3808 inuiso
1255 3767 1286 3817 35

88 3854 178 3896 more
186 3835 273 3892 alteri
280 3835 402 3893 maxille
411 3853 680 3909 superexcrescere
688 3837 854 3906 videbatur,
862 3837 893 3893 in
906 3839 1013 3898 eodem
1026 3839 1090 3895 loco
1103 3838 1240 3911 protinus

88 3925 237 3982 liberatus
255 3933 310 3980 est.
347 3924 415 3994 Quo
432 3923 509 3981 facto
527 3923 625 3981 omnis
644 3925 782 3981 decoret
801 3925 942 3982 habitudo
960 3925 1047 3982 faciei
1067 3925 1239 3996 restituitur,

123 4089 134 4122 ¹
152 4089 209 4138 Sur.
223 4087 282 4138 Bu:
299 4087 416 4138 Secunda
427 4087 472 4152 dre,
485 4089 608 4138 munes
622 4089 651 4139 de
665 4090 794 4139 miraculis
801 4089 908 4154 glon'osi
916 4090 1077 4152 msesson's,·
1093 4094 1115 4138 et
1124 4089 1242 4153 legantur

84 4163 133 4220 per
150 4155 269 4217 onaan,
286 4153 390 4217 wando
405 4170 422 4201 a
434 4156 498 4215 sesto
514 4156 639 4204 wcauenl
656 4171 714 4204 uem
732 4156 850 4220 ngtirtt'ne
864 4156 933 4204 chon'
947 4161 976 4204 ut
983 4156 1082 4217 festum
1099 4155 1241 4219 Margarete

87 4223 152 4284 wig.
164 4220 290 4282 etse-alum
296 4219 379 4268 Μανία
387 4219 544 4283 Magdalene,
557 4237 604 4284 que
613 4226 675 4270 sunt
684 4237 742 4270 cum
754 4221 873 4286 ngdnaiu
882 4221 954 4272 chon'.
1032 4218 1042 4248 ¹
1059 4220 1109 4270 SB.
1120 4235 1135 4269 e
1147 4223 1239 4285 quibus

88 4286 201 4350 plurimi.
298 4285 378 4335 ¹513.
390 4285 497 4348 fugeret.
585 4285 595 4316 ⁴
612 4287 641 4335 E.
653 4286 773 4336 infantili.
854 4284 866 4315 ⁸
883 4286 911 4336 F„
930 4286 1097 4338 conducendi.
1180 4285 1190 4317 ⁸
1207 4289 1237 4338 E.

87 4353 239 4416 desperare.
320 4348 330 4380 ¹
348 4351 401 4402 SB.
413 4351 517 4414 vixque.
598 4351 677 4402 ⁸sss.
689 4352 880 4406 masticandive.
