3036 4878
259 298 334 386 670
689 287 891 390 appatuit
920 289 972 363 ll.

257 490 409 562 largicione
420 491 572 546 visitarent.
602 491 807 560 Certaruntque
818 505 869 558 pro
879 505 963 559 posse
972 505 1008 544 ne
1021 487 1118 542 sedem
1127 487 1263 556 adeptam
1272 486 1412 541 violencia

258 574 343 628 maris
356 573 531 636 amitterent:
552 584 594 628 set
607 573 755 644 plusquam
765 571 883 626 vicesies
894 571 976 626 eiecti
985 581 1013 626 et
1025 569 1152 626 fluctibus
1163 570 1294 640 expositi,
1302 570 1411 624 tociens

259 656 359 712 virtute
382 657 471 712 sancti
491 657 634 711 Edmundi
653 655 748 710 reiecti
768 665 796 710 et
818 655 943 725 repositi,
960 653 1058 709 mortis
1076 653 1227 725 periculum
1250 663 1411 708 euaserunt.

259 739 417 810 Taliterque
437 739 546 810 fatigati
562 748 626 795 sunt
646 756 663 793 a
681 755 798 808 vespera
816 737 871 792 diei
886 737 1004 792 Veneris
1023 754 1110 808 vsque
1131 737 1168 790 ad
1187 753 1339 806 vesperam
1358 733 1411 789 diei

231 823 368 890 5Sabati.
411 824 491 878 Tunc
515 822 595 894 quasi
619 822 712 878 adeo
732 821 810 876 missi
838 821 976 876 affuerunt
1000 820 1153 890 piscatores
1182 821 1219 874 de
1243 818 1412 882 Winoertor'r,

260 915 287 960 et
310 907 529 977 contemplantes
554 923 610 972 eos,
632 906 660 959 in
685 904 815 959 nauicula
839 921 890 958 sua
914 913 1086 974 receperunt„
1123 904 1252 972 Cumque
1274 903 1414 956 beneficio

260 987 347 1044 litoris
367 989 529 1060 potirentur,
547 989 584 1044 ad
603 998 730 1044 sanctum
745 988 926 1042 Edmundum
939 987 1071 1042 velociter
1089 985 1298 1056 properabant;
1320 987 1414 1055 palam

260 1071 391 1126 omnibus
409 1073 593 1138 notificantes,
606 1083 634 1126 et
646 1071 800 1125 vicinorum
813 1070 974 1125 testimonio
985 1069 1181 1136 certificantes,
1193 1085 1249 1139 que
1267 1086 1321 1138 per
1337 1086 1415 1123 sanc-

261 1165 320 1210 tum
335 1156 516 1210 Edmundum
529 1155 596 1210 deus
609 1154 638 1209 in
651 1155 704 1210 illis
716 1164 848 1224 operatus
860 1164 903 1209 est
916 1153 1062 1208 mirabilia.

342 1385 392 1438 DE
411 1397 544 1439 RETlBUS
562 1395 597 1438 IN
617 1395 696 1438 Mas}
718 1394 863 1438 PERDl'l'lS
882 1393 922 1436 ET
940 1393 1141 1436 utRACtJLostt
1159 1392 1325 1436 INUENTIS.

220 1517 250 1552 ιο
268 1503 465 1627 placatores
477 1505 524 1575 qui
538 1505 677 1574 predictos
689 1503 838 1572 naufragos
851 1502 888 1556 ad
901 1501 982 1557 litora
995 1502 1171 1568 reduxerunt,
1181 1502 1337 1556 contestati
1352 1512 1420 1557 sunt

357 1589 432 1658 quod
453 1605 510 1642 non
531 1590 649 1642 multum
671 1597 743 1656 post,
763 1603 828 1640 cum
852 1604 903 1640 sua
927 1584 1002 1640 recia
1025 1586 1150 1639 laxarent
1171 1585 1208 1639 ad
1233 1585 1420 1654 piscandum,

262 1673 374 1742 dirupta
386 1680 451 1725 sunt
470 1681 498 1726 et
514 1672 660 1740 elongata:
681 1687 734 1740 que
753 1669 781 1724 in
801 1670 916 1738 longum
934 1677 962 1724 et
981 1669 1068 1722 latum
1087 1678 1246 1738 querentes,
1259 1671 1421 1738 nequibant

263 1754 396 1810 inuenire.
441 1753 478 1809 Et
502 1755 570 1808 dum
595 1754 749 1808 humanum
780 1752 922 1822 ingenium
953 1751 1072 1806 deficere
1097 1752 1260 1816 cernebant,
1286 1753 1420 1806 diuinum
1511 1797 1512 1834 ἡ

262 1837 394 1893 auxilium
418 1836 614 1906 implorabant,
636 1847 664 1891 vt
689 1852 739 1906 pro
763 1834 925 1889 reuerencia
947 1834 1088 1904 ymaginis
1113 1835 1194 1888 beate
1221 1833 1315 1888 Marie
1341 1835 1421 1905 apud
1511 1879 1512 1898 ,

221 1939 249 1985 15
263 1921 458 1990 Walsingham
474 1930 501 1974 et
521 1919 627 1975 meritis
643 1919 732 1974 sancti
750 1917 894 1972 Edmundi
914 1917 989 1972 recia
1008 1934 1059 1972 sua
1079 1916 1189 1987 perdita
1206 1929 1421 1987 recuperarent.
1511 1917 1512 1962 ἶ

265 2007 392 2074 Cumque
405 2003 469 2059 cibo
482 2013 593 2074 sumpto
611 2002 703 2072 sopori
719 2020 748 2056 se
760 2002 923 2056 dedissent:
943 2011 1144 2070 consurgentes
1160 2001 1257 2054 omnia
1273 2000 1351 2054 recia
1368 2017 1421 2055 sua
1511 2027 1512 2034 κ

264 2087 338 2142 circa
350 2104 462 2154 nauem,
475 2103 539 2142 cum
552 2086 676 2156 piscibus
688 2085 746 2140 fere
759 2085 926 2155 quingentis,
939 2084 1047 2154 integra
1064 2093 1255 2154 reppererunt.
1288 2085 1326 2138 Et
1340 2085 1418 2154 quod
1472 2111 1478 2116 ·

265 2171 366 2224 mirum
387 2170 438 2226 fuit
462 2169 523 2235 illis,
546 2187 610 2224 cum
634 2167 794 2223 huiusmodi
820 2169 912 2238 pisces
938 2167 1023 2223 cicius
1048 2167 1211 2234 moriuntur,
1231 2168 1290 2222 fere
1315 2183 1420 2222 omnes
1511 2189 1512 2200 t

264 2269 315 2323 per
333 2252 467 2323 temporis
486 2252 696 2307 diuturnitatem
713 2250 841 2306 viuentes
859 2250 960 2320 reperti
980 2261 1061 2317 sunt;
1088 2267 1159 2320 quos
1177 2249 1232 2304 deo
1252 2249 1418 2320 sanctisque
1511 2321 1512 2330 ἵ

222 2355 251 2390 20
265 2336 326 2390 eius
338 2335 521 2405 regraciando
533 2335 581 2390 leti
593 2334 630 2389 ad
642 2333 724 2388 litora
736 2335 913 2388 reduxerunt.

374 2564 425 2616 DE
443 2573 729 2618 NaUFRAGANTmUS
748 2573 791 2616 Du
811 2563 976 2644 HCRWYCH
995 2575 1015 2615 Α
1035 2573 1191 2616 sustento
1211 2573 1310 2616 MARIS

757 2655 928 2699 LIBERATIS.

270 2769 400 2892 ANno
419 2765 526 2821 domini
547 2778 622 2835 1345,
635 2782 732 2821 mense
751 2763 901 2833 decembri,
913 2764 995 2820 nauis
1016 2765 1149 2820 lobannis
1168 2767 1269 2820 llloose
1286 2765 1323 2820 de
1344 2767 1417 2820 Her-

367 2851 473 2919 wyche,
492 2847 591 2920 quam¹
611 2848 648 2903 ob
670 2847 862 2902 reuerenciam
884 2847 974 2902 sancti
997 2849 1141 2902 Edmundi
1162 2857 1191 2902 et
1209 2865 1260 2918 spe
1278 2849 1417 2904 celerioris

268 2933 361 2990 auxilii
384 2933 412 2988 in
433 2932 615 2987 tribulacione
643 2931 812 2986 ‘Edmund'
836 2929 1010 2998 nominabat,
1029 2947 1094 2985 cum
1114 2931 1175 2986 aliis
1195 2930 1276 2985 xxxix
1297 2932 1418 2987 nauibus

268 3019 334 3072 vino
357 3015 479 3072 oneratis
498 3032 596 3070 versus
614 3015 747 3084 Angliam
766 3013 935 3069 festinabat:
967 3023 1084 3084 ortaque
1105 3014 1184 3083 graui
1203 3023 1373 3084 tempestate
1391 3015 1418 3068 in

225 3120 253 3170 25
268 3099 349 3164 mari,
367 3099 458 3168 rocxiiij
481 3115 570 3152 naues
590 3097 734 3152 submersa
751 3107 823 3151 sunt.
862 3098 973 3151 Nauem
990 3097 1080 3152 eciam
1097 3097 1236 3166 prefatam
1250 3097 1417 3153 ‘Edmund'
1511 3099 1512 3170 ᾖ

268 3193 397 3238 vocatam
410 3192 491 3236 tanta
502 3179 655 3234 inundacio
668 3180 833 3250 occupabat,
846 3190 883 3245 vt,
898 3178 1043 3249 posteriori
1057 3191 1137 3249 parte
1156 3197 1220 3234 cum
1239 3183 1355 3235 castello
1367 3182 1419 3235 sub

269 3283 343 3336 aqua
356 3265 516 3330 fluctuante,
531 3265 583 3318 sub
600 3263 730 3317 anteriori
744 3273 829 3316 naute
843 3279 873 3316 se
886 3272 1057 3317 retraxerunt
1070 3263 1230 3317 laborantes
1247 3275 1275 3317 et
1288 3265 1421 3318 omnibus
1511 3261 1512 3266 '

269 3349 374 3403 viribus
388 3348 561 3402 desudantes
570 3358 599 3402 vt
609 3363 712 3417 aquam
722 3345 849 3401 eiciendo
860 3344 1046 3412 minorarent;
1061 3356 1102 3400 set
1110 3345 1225 3400 minime
1234 3347 1420 3415 profecerunt,
1511 3353 1512 3424 J

269 3431 337 3503 quin
350 3431 451 3484 fluctus
465 3429 555 3498 magis
571 3447 606 3485 ac
619 3429 823 3499 magis'nauem
836 3428 1008 3499 opprimens,
1021 3445 1107 3482 vnum
1121 3445 1136 3482 e
1152 3428 1245 3483 nautis
1257 3429 1420 3485 eiecit-set
1511 3425 1512 3486 i

226 3537 257 3586 30
270 3524 339 3569 nutu
364 3513 410 3568 dei
435 3525 462 3568 et
487 3513 589 3567 auxilio
613 3512 704 3568 sancti
733 3511 877 3566 Edmundi
904 3512 931 3566 in
956 3513 1019 3566 velo
1046 3521 1184 3581 receptus,
1208 3521 1346 3567 retractus
1371 3523 1420 3568 est.

272 3600 401 3668 Cumque
422 3596 565 3665 predictus
585 3599 728 3651 lohannes
751 3597 861 3662 Moose,
880 3604 970 3650 rector
988 3594 1078 3660 nauis,
1097 3593 1244 3665 perpendit
1265 3595 1419 3650 humanum

270 3681 395 3736 laborem
420 3696 477 3732 non
504 3679 649 3734 sufficere:
677 3689 773 3733 votum
793 3678 870 3733 vouit
895 3677 970 3748 quod
995 3688 1123 3732 sanctum
1149 3677 1335 3732 Edmundum
1360 3695 1419 3732 cor·

271 3763 405 3836 poraliter
423 3761 558 3826 visitaret,
578 3773 605 3817 et
626 3763 770 3834 quandam
791 3778 894 3816 nauem
917 3779 934 3815 a
954 3763 1017 3814 loco
1036 3778 1091 3830 quo
1112 3761 1201 3830 primo
1219 3762 1419 3817 monasterium
1511 3817 1512 3838 ἒ

272 3847 361 3903 sancti
381 3846 525 3900 Edmundi
546 3845 685 3914 aspiceret
706 3843 825 3915 propriis
850 3843 974 3898 humeris
1000 3843 1159 3914 deportaret
1178 3853 1206 3898 et
1228 3843 1281 3898 sibi
1303 3845 1420 3901 offerret.

229 3943 258 3994 35
273 3931 337 4000 Quo
351 3930 441 3985 facto:
467 3927 549 3983 nauis
559 3928 667 3998 absque
677 3927 773 3982 labore
786 3929 910 3980 humano
922 3927 1001 3996 quasi
1015 3925 1108 3981 celesti
1123 3943 1208 3980 manu
1219 3937 1307 3992 recta,
1317 3929 1419 3996 passim
1511 3933 1512 3984 l

273 4013 348 4083 cepit
369 4029 387 4066 a
408 4011 540 4066 fluctibus
562 4011 675 4064 eleuari.
720 4011 783 4080 Quo
805 4009 874 4076 viso,
896 4009 1006 4078 gracias
1028 4008 1084 4078 egit
1110 4008 1164 4063 deo
1188 4019 1217 4063 et
1240 4009 1348 4065 martiri
1372 4029 1419 4066 suo

273 4095 433 4162 Edmundo,
456 4095 572 4150 hortans
598 4093 689 4149 socios
713 4093 864 4147 semiuiuos
883 4103 913 4146 vt
935 4101 1064 4147 sanctum
1089 4092 1274 4146 Edmundum
1297 4094 1420 4149 similiter

273 4179 458 4242 innecterent:
477 4195 547 4247 quos
561 4177 629 4232 deus
643 4194 695 4248 pro
706 4175 812 4232 meritis
825 4175 867 4231 sui
882 4174 1002 4230 martiris
1019 4174 1110 4230 illesos
1127 4176 1164 4229 ad
1183 4185 1295 4244 portum
1308 4177 1418 4232 donauit
1511 4193 1512 4208 ¹

272 4259 389 4313 feliciter
402 4259 610 4327 transmigrare.

772 4360 785 4391 ¹
802 4361 857 4412 MS.
868 4362 915 4412 eui.
