3054 4904
277 319 342 371 122
585 297 715 385 lioba
741 293 930 398 lactabo
956 294 1105 398 finalia.

272 497 359 555 dauit.
397 497 525 556 Sanctus
542 515 615 555 vero
633 515 713 570 papa
730 497 814 553 illum
833 496 930 554 virum
949 496 997 553 dei
1015 505 1046 553 et
1065 495 1189 568 spiritus
1210 492 1305 551 sancti
1324 491 1421 566 gratia

272 587 395 658 plenum
418 586 598 660 intelligens,
617 585 872 642 consecrationem
892 584 964 654 eius,
984 601 1073 657 quam
1092 585 1185 640 adeo
1203 591 1328 639 nouerat
1349 599 1422 654 pro·

272 675 401 741 uenisse,
414 675 618 743 confirmauit;
638 674 764 746 ipsoque
781 672 954 729 multotiens
970 681 1100 744 petente,
1113 681 1143 728 et
1161 671 1212 727 vix
1229 672 1421 742 impetrante,

272 778 330 833 que
347 763 472 818 deerant
488 761 702 820 consecrationi
721 763 786 817 eius
803 760 958 833 supplens,
972 760 1002 816 in
1019 777 1095 834 opus
1112 759 1268 816 ministerii
1281 775 1299 814 a
1311 755 1420 828 spiritu

244 865 258 914 5
273 856 376 903 sancto
394 847 437 903 illi
458 849 581 904 iniuncti
600 847 760 905 destinauit
769 849 786 903 ¹.
859 835 1005 906 Occurrit
1024 856 1123 903 autem
1141 847 1206 902 viro
1224 845 1272 901 dei
1291 842 1420 901 clericus

272 936 392 1006 quidam
414 937 592 1008 peregrinus
611 945 640 992 et
662 937 817 1009 eloquens,
842 935 1063 1008 requisitusque
1088 933 1155 1007 quis
1177 942 1259 990 esset
1282 941 1312 988 et
1338 931 1421 988 vnde

271 1024 413 1093 venisset,
427 1023 645 1096 predicatorem
662 1023 804 1092 veritatis
818 1034 847 1080 et
864 1023 943 1080 viam
958 1025 1008 1079 dei
1024 1024 1054 1078 in
1069 1024 1193 1078 veritate
1210 1023 1367 1077 docentem
1385 1035 1421 1074 se

176 1147 180 1164 .
272 1127 341 1167 esse
363 1111 527 1184 respondit.
565 1111 672 1180 Quem,
693 1111 798 1184 spiritu
819 1120 923 1168 sancto
943 1111 1098 1167 reuelante
1107 1109 1125 1180 ²,
1143 1110 1300 1182 pelagiana
1317 1107 1420 1162 heresi

271 1198 418 1255 irretitum
435 1217 611 1272 agnoscens,
625 1217 692 1255 cum
711 1216 730 1254 a
745 1200 792 1254 via
809 1197 973 1271 iniquitatis
992 1215 1061 1254 eum
1076 1208 1213 1254 auertere
1229 1212 1288 1250 non
1304 1203 1421 1266 posset,

229 1307 259 1343 ιο
272 1288 426 1359 utriusque
444 1286 574 1342 hominis
590 1287 742 1342 interitum
755 1287 885 1343 vicInum
905 1285 946 1341 illi
965 1286 1029 1342 lore
1045 1284 1238 1353 denuncians,
1252 1301 1269 1338 a
1285 1299 1339 1338 sua
1355 1281 1421 1337 dio·

272 1376 334 1431 cesi
356 1375 442 1430 iussit
463 1392 532 1430 eum
555 1375 674 1448 expelli.
711 1374 769 1444 Qui
791 1373 915 1430 fluuium
937 1374 1087 1447 quendam
1109 1371 1238 1428 transire
1257 1379 1422 1442 temptans,

272 1465 357 1535 aquis
370 1462 530 1519 suffocatus
543 1463 580 1518 ad
593 1471 702 1518 tartara
715 1461 880 1518 descendit.
943 1449 982 1518 ln
994 1461 1163 1518 cambrensi
1177 1477 1270 1531 regno
1279 1457 1422 1514 omnibus

274 1548 480 1622 Kentegerni⁸
499 1549 627 1605 inimicis
652 1549 780 1604 diuersis
804 1548 938 1605 cladibus
957 1558 987 1605 et
1004 1548 1087 1605 vario
1111 1548 1283 1603 morborum
1307 1562 1422 1616 genere

272 1637 468 1710 consumptis,
490 1636 621 1710 regionis
646 1637 742 1693 incole
761 1636 839 1694 viam
860 1636 972 1693 domini
997 1637 1200 1708 relinquentes
1223 1643 1253 1691 et
1277 1644 1422 1706 tanquam

230 1749 258 1800 ¹5
273 1741 363 1780 canes
379 1726 417 1781 ad
429 1725 574 1781 vomitum
590 1727 713 1791 reuersi,
726 1725 763 1780 ad
779 1724 926 1797 ydolatrie
944 1724 1033 1780 ritum
1050 1725 1182 1796 prolapsi
1199 1731 1276 1778 sunt
1313 1721 1422 1776 Celum

272 1811 368 1885 igitur,
388 1821 477 1882 terra,
497 1829 589 1881 mare,
609 1820 638 1868 et
658 1812 836 1884 omniaque
857 1811 887 1868 in
909 1811 953 1868 eis
973 1820 1050 1880 sunt,
1069 1811 1282 1866 subtraxerunt
1301 1807 1345 1864 eis
1367 1809 1423 1864 ob-

272 1900 409 1973 sequium
434 1910 463 1957 et
489 1909 665 1956 consuetum
689 1899 877 1968 adiutorium,
900 1899 1054 1972 famesque
1079 1908 1305 1970 superterram
1326 1897 1423 1951 multo

271 1997 409 2062 tempore
439 1989 594 2062 preualuit.
644 1986 806 2044 Suscitauit
840 1988 961 2044 tandem
992 1987 1131 2042 dominus
1164 2001 1267 2057 regern
1298 1983 1422 2040 nomine

273 2075 441 2142 Rederech,
455 2095 472 2132 a
489 2075 643 2148 discipulis
662 2075 756 2131 sancti
770 2074 888 2131 Patricii
906 2075 936 2130 in
954 2073 1100 2130 Hibernia
1117 2074 1308 2144 baptizatum,
1321 2075 1373 2145 qui
1389 2073 1422 2127 in

229 2183 259 2220 20
272 2173 333 2222 toto
358 2166 449 2221 corde
474 2181 607 2237 querens
632 2163 797 2232 dominum,
817 2162 908 2218 fidem
934 2160 1046 2218 Christi
1071 2178 1211 2233 reparare
1235 2160 1266 2216 in
1291 2177 1421 2232 regnum

272 2254 418 2309 studebat.
456 2251 573 2308 Direxit
597 2269 664 2306 cum
684 2251 789 2306 litteris
808 2251 846 2306 ad
865 2259 999 2306 sanctum
1021 2247 1267 2320 Kentegernum⁴
1285 2249 1423 2318 nuncios,

271 2341 435 2396 obsecrans
452 2356 508 2411 per
522 2355 632 2395 nomen
648 2337 760 2394 domini
779 2347 808 2393 et
825 2337 987 2406 obtestans,
1002 2353 1040 2392 ne
1057 2346 1160 2409 pastor
1175 2353 1248 2392 oues
1264 2335 1315 2392 diu
1331 2337 1422 2392 deso·

271 2427 346 2484 latas
368 2435 398 2482 et
423 2427 489 2483 sine
513 2428 647 2482 custodia
673 2425 829 2482 destitutas
853 2425 978 2481 vlterius
1003 2425 1171 2481 deserendo
1195 2424 1242 2480 sui
1265 2425 1423 2480 subtrahat

272 2531 393 2571 curam:
415 2514 575 2586 Indignum
594 2531 662 2571 esse
682 2530 832 2583 asserens,
844 2521 876 2569 vt
895 2529 1026 2584 sponsus
1045 2529 1197 2585 sponsam,
1214 2522 1317 2585 pastor
1333 2513 1422 2582 ouile,

229 2629 258 2678 ²5
272 2601 373 2674 presul
389 2601 546 2658 ecclesiam
564 2619 647 2658 suam
666 2601 862 2673 derelinquat,
876 2617 931 2672 pro
944 2599 1028 2656 cuius
1045 2617 1147 2656 amore
1162 2601 1293 2656 animam
1306 2617 1423 2673 ponere

272 2690 362 2745 debet
379 2707 418 2746 ne
441 2689 645 2746 mercenarius
665 2689 723 2745 fiat
762 2687 962 2744 Denunciauit
981 2687 1090 2744 ctiam⁶
1105 2687 1261 2744 defunctos
1281 2706 1351 2744 esse
1369 2688 1421 2760 qui

272 2779 437 2850 querebant
450 2777 581 2833 animam
594 2777 666 2833 eiua.
697 2776 912 2833 Admonitione
922 2774 1011 2846 igitur
1023 2775 1156 2847 angelica
1168 2785 1304 2833 sanctum
1313 2777 1422 2848 Asaph

273 2881 477 2922 successorem
500 2881 587 2921 suurn
610 2863 769 2930 constituit,
789 2873 819 2920 et
840 2881 910 2919 cum
932 2863 1082 2919 sexcentis
1104 2863 1261 2936 sexaginta
1279 2863 1423 2920 fratribus

272 2962 383 3009 terram
396 2953 606 3009 cambrensem
620 2961 758 3024 repetere
772 2950 858 3024 cepit.
889 2950 945 3006 Cui
959 2967 1013 3006 rex
1026 2968 1094 3006 cum
1106 2951 1219 3024 ingenti
1233 2951 1423 3008 multitudine

229 3065 260 3116 30
273 3041 390 3097 obuiam
412 3039 569 3113 processit,
589 3040 714 3095 laudans
732 3041 831 3096 deum.
868 3037 952 3108 Quos
972 3055 1040 3093 cum
1062 3049 1183 3095 sanctus
1206 3039 1423 3110 benedixisset,

273 3129 329 3185 ait:
350 3128 544 3200 ‘Quicunque
563 3127 649 3184 saluti
669 3127 824 3182 hominum
841 3125 976 3183 inuident
992 3135 1022 3182 et
1037 3127 1130 3183 verbo
1148 3127 1196 3183 dei
1212 3128 1424 3199 aduersantur,

272 3217 303 3272 in
322 3218 429 3272 virtute
449 3215 561 3271 domini
580 3213 674 3270 nostri
696 3215 764 3270 lesu
785 3214 895 3270 Christi
911 3213 1065 3287 protinus⁸
1084 3215 1248 3285 discedant,
1268 3232 1306 3270 ne
1325 3217 1423 3272 credi-

305 3323 314 3351 ¹
330 3322 359 3372 T.
377 3323 428 3370 and
445 3320 549 3369 Tanner
565 3321 631 3370 have
648 3335 663 3368 a
681 3335 791 3382 passage
808 3335 896 3370 more:
918 3309 1041 3371 Clericus
1059 3321 1173 3382 (quidam
1189 3320 1317 3382 elegantis
1329 3321 1424 3382 forme,

274 3403 366 3450 magne
381 3388 541 3449 eloquencie,
555 3387 634 3435 multe
645 3387 784 3448 literature,
799 3388 908 3436 nacione
921 3386 1068 3444 Britannus,
1085 3395 1125 3435 set
1140 3387 1166 3434 in
1182 3386 1272 3435 Galliis
1288 3389 1424 3446 educatus,

273 3457 305 3504 ad
317 3455 492 3503 sacerdocium
506 3453 698 3515 promouendus
709 3453 763 3500 viro
775 3460 864 3501 sancto
876 3452 976 3501 oblatus
988 3459 1036 3501 est.
1061 3452 1139 3500 Hunc
1150 3467 1208 3501 cum
1218 3453 1334 3515 vidisset,
1348 3455 1424 3504 iussit

273 3520 454 3569 archidiacono
466 3533 524 3567 eum
536 3520 621 3567 statim
633 3519 744 3566 amoueri
757 3526 783 3566 et
794 3533 809 3566 a
821 3519 890 3566 clero
904 3517 1065 3580 sequestrari.
1100 3517 1243 3566 Videbatur
1256 3520 1326 3568 enim
1341 3523 1425 3570 oculis

273 3587 354 3635 sancti
366 3585 438 3646 quasi
450 3585 589 3646 sulphurea
601 3583 701 3632 flamma
715 3585 748 3632 de
765 3583 823 3632 sinu
839 3583 907 3632 illius
922 3583 1008 3631 clerici
1025 3583 1167 3646 procedere
1182 3592 1208 3632 et
1224 3585 1424 3636 intollerabilem

274 3652 382 3702 fetorem
403 3651 506 3699 naribus
526 3651 581 3698 eius
601 3651 728 3711 ingerere.
763 3649 796 3698 Et
815 3649 1035 3698 circumstantibus
1055 3650 1137 3698 dixit:
1164 3650 1206 3698 ‘Si
1225 3651 1291 3698 sacti
1307 3665 1424 3702 mnones

272 3718 395 3766 mulieres
411 3718 444 3765 ob
464 3717 638 3764 infirmitatem
658 3731 745 3775 sexus,
764 3730 813 3776 que
831 3715 974 3764 nullatenus
992 3715 1018 3762 in
1035 3715 1102 3763 vicio
1120 3723 1168 3775 est,
1186 3717 1219 3764 ad
1236 3718 1425 3768 sacerdotalem

273 3785 377 3846 gradum
394 3782 541 3845 promoueri
560 3781 706 3844 prohibent,
723 3781 803 3829 multo
821 3783 901 3842 magis
918 3781 966 3828 viri
983 3796 1062 3829 sexus
1079 3781 1119 3828 sui
1137 3795 1311 3843 peruersores,
1330 3791 1425 3834 nature

273 3851 405 3908 abusores,
418 3851 461 3911 qui
478 3849 503 3896 in
517 3855 691 3910 contemptum
703 3847 852 3909 conditoris,
866 3848 892 3895 in
904 3846 1084 3895 contumeliam
1102 3848 1147 3906 sui,
1162 3848 1188 3894 in
1206 3847 1287 3895 tocius
1304 3857 1425 3900 creature

273 3917 391 3965 iniuriam
403 3915 471 3976 quod
484 3915 563 3964 creati
575 3921 673 3962 suntet
685 3913 763 3976 [nati]
775 3919 874 3962 exuunt
885 3917 923 3970 et)
934 3913 1042 3961 seminas
1051 3912 1192 3972 induunt,a
1201 3920 1252 3960 tani
1260 3929 1335 3962 sacro
1341 3919 1425 3976 gradu

273 3991 300 4031 et
310 3983 393 4032 officio
404 3983 506 4044 penitus
519 3981 601 4030 arceri
619 3979 722 4028 debent.
757 3977 892 4040 Nunquam
909 3979 1017 4040 legimus
1033 3978 1177 4040 grauiorem
1195 3979 1334 4028 uindictam
1347 3983 1425 4032 deum

272 4049 435 4097 excercuisse
447 4062 520 4108 quam
539 4047 565 4094 in
581 4045 642 4093 illud
658 4051 848 4093 monstruosum
864 4059 947 4105 genus
961 4045 1092 4092 hominum
1104 4044 1130 4091 in
1143 4043 1233 4104 quibus
1244 4043 1306 4093 illud
1318 4061 1426 4098 execra-

272 4114 323 4162 bile
333 4115 458 4175 llagicium
471 4110 660 4175 primordialem
671 4111 780 4172 sumpsit
791 4110 931 4159 materiam.
961 4110 1026 4158 Nam
1038 4109 1156 4158 ciuitates
1167 4124 1225 4157 cum
1237 4110 1427 4163 habitatoribus

273 4181 327 4229 suis
342 4180 369 4228 in
384 4181 445 4241 igne
462 4185 568 4241 propter
582 4178 700 4226 ardorem
716 4177 837 4236 libidinis,
850 4183 876 4225 et
891 4175 1014 4238 sulphure
1026 4175 1059 4224 ob
1073 4175 1141 4223 illius
1153 4175 1350 4227 abhominabilis
1365 4181 1426 4230 uicii

274 4246 391 4308 fetorem,
408 4241 552 4294 subuertit)
587 4242 617 4290 ln
634 4242 705 4290 breui
722 4257 785 4290 uero
804 4242 870 4290 idem
887 4242 994 4290 clericus
1011 4241 1145 4302 repentina
1156 4249 1238 4289 morte
1250 4254 1427 4307 preocupatus

273 4313 377 4361 interiit.
465 4310 523 4360 'al
537 4309 587 4358 Vit.
671 4307 902 4370 'EKentegrini
1003 4307 1265 4369 ⁴E.Kentegrinum.
1368 4311 1425 4363 ιΤ,

273 4377 369 4438 eciam;
387 4377 416 4425 E.
429 4383 462 4426 et.
564 4374 617 4424 οΤ.
631 4382 658 4424 ut
669 4389 694 4436 p.
