3036 4878
103 329 327 400 associato-r
356 316 431 411 m
454 314 514 405 a.
532 315 748 403 uumunuu
772 329 866 418 tent
889 322 928 403 tt
951 322 1141 421 mature.
1179 325 1248 416 651

101 517 240 586 Angliam
254 520 444 576 remeantibus
457 519 602 575 Edmundi
615 517 728 590 gloriosi
745 519 866 589 famulis,
885 519 1028 576 Edmundi
1046 521 1177 592 suffragia
1190 539 1254 578 con·

104 599 306 671 clamantibus,
320 602 537 658 misericorditer
549 603 628 658 affuit
640 603 737 672 virtus,
749 613 778 658 et
791 603 939 660 salubriter
951 604 1042 675 patuit
1053 606 1137 661 salus.
1172 605 1256 676 Vere,

104 682 232 754 inquam,
257 686 340 757 longe
364 687 516 755 diuersum,
545 687 597 744 etsi
623 689 720 742 mortis
745 689 820 743 idem
847 689 893 744 vel
920 689 1064 744 consimile
1094 689 1256 759 periculum.

105 767 221 839 Quippe
236 770 275 825 hii
290 770 462 827 feruentibus
478 781 625 828 uentorum
642 771 762 838 flatibus,
781 771 917 827 imbribus
935 771 1112 840 irruentibus,
1127 773 1256 836 fluctibus

105 851 290 922 seuientibus,
307 871 382 909 nunc
400 853 522 911 nubibus
539 853 632 910 noctis
650 854 830 922 obscuritate,
849 871 924 910 nunc
940 855 1127 925 profunditate
1146 856 1284 921 marium

105 934 181 1005 rapti
208 936 444 1006 periclitabantur.
494 938 596 1008 Ruptis
622 937 734 992 funibus
763 949 804 1012 et,
818 939 888 994 uelis
917 938 991 993 male
1019 938 1122 1007 scissis,
1148 957 1257 1010 puppes

105 1017 239 1073 fluctibus
261 1020 409 1076 mortiferis
431 1021 518 1076 latera
539 1030 656 1091 ponunt.
695 1022 761 1075 Heu
779 1021 867 1088 dolor,
887 1021 942 1075 heu
963 1019 1099 1090 gemitus!
1127 1021 1257 1078 omnibus

106 1115 165 1154 vna
189 1117 263 1156 mors
287 1104 347 1158 sola
369 1111 455 1173 patet.
492 1105 518 1159 0
546 1103 678 1174 quociens
706 1103 875 1158 Edmundus
901 1104 1101 1172 conclamatur,
1123 1104 1256 1176 quociens

106 1181 182 1237 serui
196 1185 340 1240 dominum
357 1203 438 1240 suum
453 1197 581 1241 sanmum
597 1186 780 1240 Edmundum
799 1185 938 1241 inuocant.
976 1187 1039 1241 Nec
1055 1188 1158 1254 tardat,
1170 1197 1212 1242 set
1228 1197 1256 1242 et

106 1265 263 1334 videbatur,
275 1279 305 1323 et
317 1269 380 1339 pius
393 1279 488 1338 presto
501 1267 557 1324 suis
569 1278 663 1339 patet3
684 1268 757 1324 illico
768 1269 884 1324 adiuuat
903 1279 930 1324 et
943 1279 1074 1338 potenter
1092 1286 1141 1325 eos
1159 1271 1257 1326 soluat
1272 1284 1302 1321 lo

106 1347 178 1402 Vice
202 1365 269 1404 vero
293 1351 348 1405 alia
371 1351 442 1406 mari
467 1351 567 1406 eodem
592 1351 620 1406 in
642 1351 745 1419 medio,
766 1361 852 1406 vento
876 1351 983 1407 diucius
1004 1361 1139 1420 cessante,
1161 1353 1257 1409 estatis

107 1430 217 1500 ardore,
230 1441 289 1486 tum
302 1433 362 1489 sitis
374 1433 526 1501 arriditate,
540 1443 599 1488 tum
614 1435 834 1504 longitumitatis
852 1434 926 1490 fame
942 1435 1093 1506 fetorisque
1109 1437 1257 1506 putredine

107 1523 193 1568 naute
206 1514 319 1584 quidam
332 1534 395 1571 curn
414 1515 582 1572 sanctissimi
599 1517 743 1572 Edmundi
758 1516 869 1572 famulis
881 1517 998 1573 nimium
1017 1518 1142 1586 cruciati,
1153 1536 1187 1575 ac
1199 1519 1261 1576 vita

108 1593 259 1665 desperati,
273 1598 443 1654 inuocabant
455 1600 693 1672 Edmundumquc
705 1610 833 1655 sanctum
846 1601 1069 1657 conclamabant.
1108 1605 1257 1658 Inuocatus

107 1677 195 1746 affuit,
210 1678 338 1736 liberauit
350 1690 379 1736 et
391 1699 438 1737 eos
452 1682 497 1737 dei
510 1681 604 1752 gracia
617 1682 744 1738 saluauit.
1272 1700 1302 1751 ¹5

121 1832 172 1886 DE
190 1843 326 1892 vuctonu
344 1847 443 1891 CAPTA
462 1849 524 1892 PRO
544 1849 638 1894 tusto
658 1849 769 1894 sancit
789 1839 946 1894 Eunurtm
967 1851 1033 1894 NON
1052 1851 1246 1898 OBSERUATO.

182 1953 288 2011 Uidam
310 1957 432 2026 agricola
452 1957 489 2014 de
509 1959 648 2028 Depynge
671 1975 723 2028 pro
744 1959 801 2014 uite
820 1958 983 2016 necessariis
1005 1961 1130 2031 corporei
1153 1961 1257 2018 laboris

216 2037 290 2094 uires
308 2040 433 2094 uirtuosa
451 2039 639 2112 protelacione
659 2039 775 2096 vexare¹
795 2042 909 2111 studuit,
927 2053 956 2097 at
976 2042 1090 2098 modum
1109 2042 1257 2112 excedens,

110 2121 155 2178 uix
180 2122 224 2176 uel
248 2139 392 2193 nunquam
417 2123 445 2178 in
469 2124 541 2178 festo
566 2121 656 2179 sancti
682 2123 825 2179 Edmundi
851 2141 961 2180 cessare
991 2125 1077 2179 voluit
1106 2127 1143 2181 ab
1173 2143 1257 2196 opere

110 2203 241 2259 manuali.
264 2203 381 2260 Lumine
394 2203 477 2277 igitur
489 2207 581 2262 uultus
594 2205 731 2262 interioris
742 2223 832 2272 cecus,
846 2205 989 2262 exterioris
1002 2207 1077 2262 visus
1089 2208 1158 2274 luce,
1169 2207 1257 2263 multo

110 2287 203 2342 minus
222 2287 350 2355 ualentis,
363 2287 421 2343 iure
439 2289 564 2359 priuatur
582 2288 749 2360 digniusque
767 2299 899 2344 cassatur.
935 2291 961 2344 O
974 2289 1091 2355 dolor,o
1110 2291 1254 2360 planctus!
1271 2305 1303 2341 ao

110 2369 169 2426 eins
182 2371 280 2440 proleS,
290 2371 350 2426 eius
363 2387 430 2424 vxor
439 2372 648 2441 complaugunt,
657 2372 768 2442 plorant
781 2381 809 2426 et
821 2373 936 2427 ululant.
959 2373 1022 2427 Hec
1032 2372 1111 2442 inter,
1125 2373 1256 2429 sacerdos

110 2462 239 2525 precatus
263 2454 353 2521 adest,
372 2453 489 2510 consulit
514 2463 541 2509 et
566 2456 692 2509 hortatur
708 2462 738 2508 vt
757 2471 841 2509 cecus
859 2465 971 2510 sanctim
990 2453 1035 2509 dei
1053 2455 1180 2510 martires
1200 2453 1257 2510 Ed·

112 2535 283 2590 mundumet
292 2537 433 2591 Thomam
441 2535 682 2607 archiepiscopum
691 2547 768 2607 petat
780 2547 808 2592 et
823 2546 939 2608 repetat,
947 2546 975 2593 et
986 2537 1086 2608 petitos
1099 2538 1195 2594 credat
1204 2537 1257 2592 sibi

111 2620 229 2675 salutern
247 2619 404 2690 impetrare.
442 2620 532 2674 Cecus
545 2619 635 2690 igitur,
649 2629 676 2675 et
690 2619 773 2674 amici
786 2619 846 2674 eius
859 2637 923 2675 cum
940 2637 983 2688 eo,
997 2631 1061 2691 post
1074 2631 1140 2676 octo
1150 2620 1258 2676 dierum

112 2701 316 2757 reuolucionem
341 2703 519 2758 sanctissimo
544 2712 573 2757 et
598 2701 707 2771 integro
732 2702 838 2772 corpori
864 2703 954 2758 sancti
986 2703 1129 2758 Edmundi
1155 2719 1258 2774 appro·
1273 2722 1302 2772 ²⁵

111 2783 230 2855 piantes,
252 2794 342 2850 orant,
368 2785 535 2856 supplicant,
559 2795 587 2841 et
608 2801 725 2840 munera
748 2785 876 2854 offerunt,
894 2784 1052 2857 feretroque
1071 2785 1125 2840 hac
1146 2795 1174 2840 et
1195 2785 1259 2841 illac

111 2867 206 2922 oscula
227 2867 325 2937 figunt.
361 2867 445 2938 Quod
464 2867 595 2923 monachi
617 2885 695 2922 more
717 2867 798 2923 solito
820 2867 876 2922 duo
895 2866 1001 2922 assidui
1020 2867 1124 2922 ibidem
1144 2883 1257 2923 concer-

112 2961 219 3016 nentes,
232 2950 284 3004 sub
297 2965 413 3020 corpore
426 2959 524 3006 sancto
541 2965 638 3006 cecum
653 2949 779 3007 inclinari
797 2965 875 3005 more
890 2947 1062 3004 iulinnorum
1078 2959 1203 3004 ortantur
1215 2959 1258 3004 at·

113 3051 166 3104 que
177 3033 356 3104 compellunt.
382 3033 525 3089 lnclinans
535 3033 618 3104 igitur
632 3031 686 3105 [se]
697 3032 827 3098 demittit,
838 3031 978 3102 supponit,
989 3031 1126 3101 supplicat
1139 3041 1166 3086 et
1179 3041 1257 3088 orat:

112 3127 141 3171 et
158 3125 220 3188 post
239 3115 380 3170 modicum
393 3124 504 3186 tempus
521 3117 682 3172 exclamans
699 3115 756 3171 ait:
777 3113 850 3169 ‘Dei
863 3113 957 3184 gracia
971 3113 1063 3181 uideo,
1073 3113 1117 3168 dei
1135 3113 1258 3182 graciam
1271 3129 1304 3177 30

114 3197 264 3268 conspicio,
279 3195 374 3253 sencio
393 3197 439 3252 dei
458 3199 639 3254 clemenciam
659 3198 687 3254 in
700 3195 882 3253 dilectissimo
900 3213 951 3251 suo
972 3205 1071 3251 sancto
1090 3195 1258 3251 Edmundo.’

115 3283 188 3337 Ceco
201 3279 363 3349 illuminato,
376 3279 455 3336 multi
473 3281 611 3336 mirantur
629 3290 657 3337 et
674 3288 822 3336 accurrunt
834 3277 885 3333 viri
903 3277 1035 3349 religiosi,
1051 3279 1160 3334 enixius
1179 3277 1259 3334 certi·

114 3363 189 3419 ficari
202 3362 324 3431 student,
336 3372 366 3417 vt
379 3363 434 3418 fide
446 3373 578 3434 percepta
590 3363 725 3418 maturius
738 3372 767 3418 et
779 3361 886 3433 plenius
900 3361 1011 3417 subtuli
1026 3361 1160 3417 miraculo
1176 3362 1260 3418 deum

113 3445 226 3500 laudam
247 3455 360 3515 queant.
397 3444 487 3516 Igitur
510 3444 557 3517 qui
577 3462 641 3501 eum
661 3446 834 3500 adduxerant
861 3454 992 3515 parentes
1013 3455 1041 3501 et
1064 3445 1157 3513 vicini,
1176 3445 1260 3502 tactis

114 3527 298 3583 sacrosanctis
318 3527 471 3597 euangeliis
489 3528 607 3584 iurando
625 3544 689 3583 eum
710 3527 796 3583 fuisse
817 3544 921 3597 cecum,
939 3539 967 3584 et
986 3545 1035 3599 per
1052 3528 1151 3584 merita
1170 3529 1259 3585 sancti
1274 3542 1304 3592 35

114 3609 257 3665 Edmundi
271 3609 464 3677 illuminatum,
476 3609 616 3666 affirmant
629 3620 658 3667 et
669 3619 868 3666 contestantur.
894 3611 1017 3682 Contigit
1029 3611 1084 3666 hoc
1096 3611 1260 3667 miraculum

113 3703 236 3765 ternpore
250 3693 380 3764 lingonis
392 3692 511 3749 abbatis.

280 3839 331 3896 DE
349 3851 486 3895 VLClONE
504 3851 603 3896 CAPTA
621 3852 657 3895 IN
677 3852 811 3896 PUERUM
830 3851 1094 3896 CACHINNANTEM.

172 3953 312 4010 Uiusdam
331 3952 403 4008 lilius
422 3951 540 4008 confinis
560 3951 664 4008 martiri
676 3953 772 4009 diuitis
787 3963 815 4008 et
834 3951 947 4024 egregii,
960 3951 1101 4024 pueriliter
1116 3951 1152 4006 de
1170 3953 1258 4008 sandi

207 4035 350 4092 Edmundi
363 4035 435 4092 actis
447 4051 515 4108 sepe
527 4035 718 4092 cachinnans:
737 4047 766 4091 ut
780 4036 883 4092 mentis
895 4035 984 4091 ocello
995 4050 1087 4103 cecus,
1101 4033 1140 4089 ita
1152 4033 1260 4090 vicione

114 4119 252 4190 condigna
269 4117 375 4175 lumine
393 4121 536 4175 oculorum
549 4135 662 4175 suorum
675 4119 807 4191 priuatur.
832 4117 974 4174 'Tandem
986 4115 1120 4172 deuocius
1130 4125 1260 4171 exoratus
1272 4123 1305 4172 4⁰

115 4203 280 4261 Edmundus
300 4211 328 4258 et
352 4201 523 4258 multimodis
548 4210 695 4258 veneratus
716 4219 802 4274 puero
822 4217 889 4259 ceco
910 4199 1002 4257 visum
1026 4197 1147 4257 restituit
1171 4207 1199 4255 et
1219 4197 1259 4254 in·

115 4288 251 4344 columem
269 4285 483 4358 doccloremque
500 4283 629 4341 restituit.

546 4379 547 4383 ¹
590 4389 599 4420 ¹
619 4389 673 4442 MS.
685 4392 778 4443 vexari
