3008 4904
286 325 355 398 186
598 325 730 413 tanta
755 321 946 427 Eminuit
970 321 1122 426 flama

281 524 406 581 dextre:
426 523 496 596 quia
515 523 672 598 perillum
691 524 811 581 duceris
830 524 860 581 in
881 523 1093 581 labirintheas¹
1108 522 1295 580 infernorum
1315 525 1443 597 penas.''

284 611 350 668 lloc
381 611 459 668 dicto
490 613 637 684 precessit
667 629 717 668 me
747 612 891 669 velociter
918 613 1128 684 'distorquens
1159 611 1242 668 filum
1273 611 1444 676 lucifluum,

282 699 526 772 duxit[que]¹me
534 699 564 755 in
573 699 824 773 profundissimas
832 699 926 756 valles
934 699 1037 772 igneas
1045 700 1064 767 ⁴,
1073 717 1132 772 que
1140 710 1226 756 erant
1236 699 1329 771 plene
1339 699 1444 771 puteis

282 787 463 856 ardentibus,
474 786 541 859 pice
553 797 583 843 et
596 787 750 860 sulphure,
763 787 895 860 plumbo,
906 804 975 844 cera
987 797 1016 844 et
1029 787 1126 860 adipe.
1164 786 1209 842 Ibi
1221 787 1324 842 inueni
1340 787 1442 859 ponti·

254 881 267 929 5
283 873 355 931 lices
368 874 461 946 patris
478 875 537 930 mei
550 883 579 930 et
592 875 807 932 auunculomm
821 891 965 931 meorum.
1002 875 1086 944 Quos
1098 891 1166 930 cum
1179 891 1297 946 pauens
1310 873 1442 930 interro

282 978 386 1034 garem
402 970 527 1018 curtam
543 963 645 1034 grauia
663 971 839 1034 paterentur
851 971 1008 1032 tormenta,
1026 963 1263 1034 responderunt:
1283 961 1442 1018 “Fuimus

282 1049 417 1122 episcopi
430 1049 523 1122 patris
536 1049 579 1106 tui
596 1059 625 1106 et
641 1050 856 1106 auunculorum
870 1059 997 1119 tuorum,
1016 1057 1046 1106 et
1064 1051 1137 1104 dum
1151 1049 1309 1105 debuimus
1324 1049 1401 1105 illos
1413 1061 1442 1104 et

282 1137 427 1209 populum
449 1136 612 1209 [illomm]⁸
630 1138 669 1193 de
694 1154 768 1209 pace
790 1147 819 1194 et
844 1137 1002 1193 concordia
1026 1139 1198 1205 admonere,
1217 1137 1441 1192 seminauimus

282 1224 448 1280 discordias
467 1233 497 1281 et
516 1223 627 1281 suimus
646 1225 816 1282 incentores
835 1225 991 1292 malornm,
1010 1223 1078 1280 ideo
1098 1242 1176 1280 nunc
1194 1225 1392 1280 incendimur
1410 1225 1439 1279 in

240 1335 269 1371 ιο
283 1310 348 1368 istis
367 1312 505 1368 tartareis
525 1312 689 1385 suppliciis,
710 1321 740 1368 et
760 1329 816 1369 nos
837 1321 867 1369 et
888 1312 937 1368 alii
959 1312 1187 1368 homicidiorum
1210 1321 1239 1368 et
1259 1314 1439 1384 rapinarum

282 1407 441 1456 amatores.
479 1399 547 1456 Huc
566 1400 656 1457 etiam
675 1399 717 1456 tui
736 1400 872 1473 episcopi
891 1409 921 1457 et
940 1399 1083 1457 satellites
1101 1399 1241 1458 venient⁸
1257 1400 1307 1472 qui
1326 1399 1439 1456 similia

283 1503 362 1543 nunc
382 1485 480 1543 lacere
498 1489 626 1544 amant.”
665 1487 703 1543 Et
721 1489 793 1544 dum
813 1489 868 1544 hec
887 1489 1104 1545 tremebundus
1122 1488 1321 1544 auscultarem
1329 1487 1352 1554 ⁷,
1368 1505 1439 1544 ecce

283 1573 436 1646 nigerrimi
463 1575 609 1631 demones
633 1575 809 1632 aduolantes
834 1592 902 1632 curn
927 1576 1013 1632 vncis
1038 1575 1135 1648 igneis
1158 1576 1298 1632 volebant
1324 1592 1440 1648 appre-

283 1661 417 1717 hendere
442 1661 525 1717 iilum
551 1662 581 1718 in
611 1679 703 1718 manu
727 1681 814 1720 mea:
846 1663 900 1719 sed
925 1663 1205 1720 reuerberantibus⁸
1229 1663 1320 1718 radiis
1347 1663 1439 1728 illius,

240 1765 268 1816 15
284 1747 356 1804 illud
373 1749 520 1820 attingere
534 1766 594 1805 non
607 1750 756 1806 valebant.
794 1749 911 1806 Deinde
928 1761 996 1823 post
1013 1759 1132 1823 tergum
1149 1767 1251 1806 meum
1268 1761 1438 1816 currentes,

283 1837 441 1893 voluerunt
454 1853 503 1893 me
516 1838 665 1893 aduncare
675 1846 705 1893 et
719 1837 749 1893 in
762 1837 846 1910 ipsos
856 1845 962 1910 puteos
975 1839 1156 1910 sulphureos
1165 1837 1361 1911 precipitare:
1383 1839 1437 1895 sed

283 1925 389 1981 ductor
401 1941 486 1980 meus
498 1924 549 1996 qui
562 1925 700 1997 portabat
717 1924 928 1998 glomicellum,
941 1925 1059 1982 iactauit
1076 1943 1170 1998 super
1184 1925 1336 1998 spatulas’
1349 1943 1436 1982 meas

283 2013 368 2068 illurn
381 2022 410 2068 et
422 2011 592 2085 duplicauit,
606 2021 636 2068 et
647 2012 739 2069 traxit
757 2031 807 2070 me
819 2021 888 2086 post
905 2030 939 2069 se
954 2011 1077 2069 sortiter.
1114 2013 1225 2086 Sicque
1242 2013 1436 2069 ascendimus

284 2117 377 2172 super
400 2107 519 2156 montes
542 2100 648 2172 igneos
673 2100 844 2168 altissimos,
868 2101 907 2156 de
931 2100 1039 2172 quibus
1063 2100 1237 2157 oriebantur
1258 2101 1386 2173 paludes
1407 2113 1436 2157 et

241 2209 271 2244 20
285 2187 408 2243 llumina
427 2185 574 2244 feruentia
594 2197 624 2244 et
648 2188 748 2244 omnia
770 2187 957 2244 metallorum
982 2205 1095 2260 genera
1119 2187 1289 2245 bullientia:
1316 2189 1367 2244 vbi
1394 2189 1435 2244 in·

283 2291 425 2331 numeras
438 2275 554 2331 animas
568 2275 688 2348 repperi
702 2275 856 2331 hominurn
867 2283 897 2331 et
909 2274 1081 2349 principum
1091 2275 1185 2349 patris
1198 2276 1259 2332 mei
1268 2286 1298 2332 et
1310 2275 1435 2332 sratmm

285 2379 430 2430 meorum,
450 2370 480 2418 et
505 2362 696 2435 precipitatas
717 2363 820 2418 alias¹⁰
841 2381 936 2435 vsque
956 2363 993 2419 ad
1019 2373 1163 2430 mentum,
1183 2363 1258 2419 alias
1276 2381 1373 2436 vsque
1398 2365 1434 2419 ad

283 2450 466 2518 umbilicum,
479 2459 509 2506 et
525 2449 730 2507 clamauerunt
747 2451 784 2507 ad
803 2469 852 2506 me
869 2451 1027 2508 eiulando:
1047 2450 1155 2507 “Dum
1173 2451 1313 2520 viximus,
1326 2452 1434 2508 amaui-

284 2553 352 2594 mus
365 2545 463 2593 tecum
477 2547 506 2594 et
520 2555 586 2594 curn
601 2547 685 2611 patre
698 2548 749 2595 tuo
762 2547 792 2594 et
810 2537 1032 2595 cumfratribus
1049 2548 1079 2595 et
1095 2539 1252 2596 auunculis
1265 2540 1325 2596 tuis
1337 2539 1435 2596 facere

241 2646 252 2680 2
257 2648 270 2696 5
285 2625 379 2698 prelia
399 2633 429 2681 et
444 2624 602 2682 homicidia
621 2635 651 2682 et
669 2626 790 2699 rapinas
809 2644 864 2699 pro
883 2626 1046 2700 cupiditate
1064 2627 1223 2697 terrena¹¹,
1243 2628 1311 2684 ideo
1329 2628 1359 2684 in
1379 2629 1434 2684 ista

284 2711 438 2769 bullientia
452 2711 575 2769 flumina
587 2723 618 2769 et
630 2714 819 2770 metallorum
829 2714 950 2770 diuersa
963 2732 1075 2787 genera
1084 2717 1285 2787 torquemur.''
1316 2715 1433 2772 Etcum

284 2801 322 2856 ad
348 2798 403 2855 hec
428 2800 550 2856 timidus
575 2803 761 2858 attenderem
771 2801 799 2871 ¹²,
825 2801 925 2858 audiui
949 2810 1030 2858 retro
1059 2819 1108 2859 me
1139 2803 1256 2858 animas
1287 2803 1432 2860 clamare:

285 2887 455 2944 “Potentes
473 2897 613 2961 potenter
624 2899 773 2945 tormenta
790 2890 941 2961 patientur
949 2889 993 2946 ¹¹.¹’
1033 2890 1069 2946 Et
1083 2891 1213 2963 respexi,
1226 2899 1257 2946 et
1269 2891 1331 2948 vidi
1344 2909 1434 2964 super

284 2974 366 3049 ripas
379 2975 511 3032 fluminis
524 2975 675 3033 bullientis
689 2977 825 3034 fornaces
839 2977 940 3050 piceas
953 2985 982 3034 et
997 2977 1186 3050 sulphureas,
1199 2979 1305 3051 plenas
1318 2980 1433 3052 magnis

240 3082 271 3132 30
285 3063 465 3121 draconibus
471 3062 493 3094 ¹⁴
504 3072 533 3120 et
543 3064 754 3137 scorpionibus
763 3073 792 3121 et
802 3065 994 3137 serpentibus
1007 3065 1118 3122 diuersi
1131 3065 1268 3137 generis:
1282 3067 1333 3123 vbi
1346 3069 1432 3124 etiarn

285 3151 346 3208 vidi
361 3151 477 3224 aliquos
490 3151 583 3224 patris
600 3152 659 3208 mei
673 3151 824 3225 principes
837 3161 867 3208 et
878 3152 1004 3210 fratrum
1018 3163 1047 3210 et
1061 3154 1276 3211 auunculorum
1290 3171 1432 3223 meorum,

286 3239 422 3295 dicentes
444 3238 534 3296 mihi:
560 3239 655 3296 “Heu
676 3239 770 3309 nobis,
790 3240 914 3298 Carole!
939 3241 1025 3298 vides
1050 3259 1140 3314 quam
1164 3241 1267 3314 grauia
1289 3243 1433 3300 habemus

285 3335 437 3383 tormenta
456 3335 580 3399 propter
596 3337 730 3383 nostram
748 3327 897 3384 maliciam
916 3338 946 3385 et
965 3329 1139 3401 superbiam
1157 3339 1187 3386 et
1205 3329 1284 3385 mala
1303 3331 1432 3398 consilia,

286 3431 346 3486 que
362 3413 474 3470 nostris
494 3414 614 3486 regibus
631 3423 661 3471 et
680 3414 733 3470 tibi
750 3415 886 3472 dedimus
905 3425 1028 3489 propter
1044 3417 1262 3489 cupiditatem.”
1300 3417 1433 3491 Cumque

241 3519 270 3570 35
285 3501 417 3557 dolendo
439 3503 704 3574 congemiscerem,
724 3504 762 3559 ad
783 3521 834 3560 me
855 3505 1023 3560 drachones
1043 3505 1157 3578 apertis
1179 3504 1312 3561 saucibus
1338 3507 1433 3579 plenis

285 3589 364 3662 igne,
384 3587 529 3660 sulphure
550 3598 579 3645 et
601 3589 677 3662 pice,
691 3589 855 3648 ¹⁵volentes
880 3609 929 3647 me
951 3591 1101 3665 inglutire,
1120 3601 1314 3650 accesserunt
1323 3593 1361 3650 ¹⁶:
1382 3595 1432 3650 sed

286 3677 392 3733 ductor
416 3693 501 3732 meus
525 3677 684 3750 triplicauit
708 3695 801 3751 super
826 3696 875 3736 me
899 3679 994 3750 filum,
1021 3697 1039 3736 a
1064 3679 1148 3737 cuius
1172 3679 1263 3736 radiis
1294 3679 1432 3737 claritatis

286 3774 427 3837 superata
449 3772 518 3820 sunt
538 3781 590 3820 ora
609 3783 713 3821 eorum
723 3765 742 3798 ¹⁷
761 3765 855 3838 ignea,
873 3776 904 3822 et
924 3767 1070 3840 pertraxit
1089 3784 1138 3823 me
1158 3767 1292 3823 validius
1329 3767 1369 3824 Et
1384 3771 1432 3825 de·

286 3851 459 3911 scendimus
472 3851 503 3908 in
515 3869 606 3908 vnam
619 3853 736 3922 vallem,
748 3872 806 3926 quc
819 3862 883 3910 erat
895 3872 933 3911 ex
942 3873 1002 3911 vna
1014 3864 1097 3928 parte
1109 3855 1269 3911 tenebrosa
1283 3864 1314 3913 et
1326 3858 1432 3914 ardens

241 3968 273 4018 40
285 3941 367 3998 velut
380 3939 514 3996 clibanus
530 3938 617 4012 ignis,
630 3958 669 3997 ex
681 3941 775 3998 altera
787 3959 858 3998 vero
871 3951 955 4015 parte
969 3953 1029 3999 tam
1047 3943 1239 3999 amenissima
1256 3953 1286 3999 et
1303 3944 1431 4016 splendi-

284 4029 418 4098 dissima,
429 4037 461 4084 vt
478 4027 559 4084 nulla
576 4028 689 4085 ratione
702 4029 803 4086 dicere
815 4047 932 4102 queam.
968 4030 1052 4086 Verti
1067 4049 1117 4087 me
1129 4040 1232 4086 contra
1243 4033 1431 4089 tenebrosam

319 4127 327 4156 ¹
345 4127 374 4176 E.
387 4125 601 4187 lamberintheas3
618 4126 647 4175 T.
660 4126 840 4178 laberintheas.
892 4128 902 4157 ¹
919 4127 949 4178 Ε.
961 4135 988 4176 et
1000 4129 1041 4187 d.;
1058 4144 1107 4178 om.
1122 4130 1148 4176 in
1160 4127 1188 4177 T.
1241 4127 1250 4156 ³
1270 4128 1300 4178 F..
1315 4129 1346 4180 T.
1356 4131 1431 4180 duxit

285 4191 341 4241 ⁴T.
357 4192 386 4241 E.
398 4192 546 4254 igneasque.
614 4191 669 4241 ⁵t3.
685 4209 781 4242 eorum
846 4191 902 4244 ⁸13.
915 4193 1029 4243 veniant.
1091 4191 1320 4246 'Tascultarem
1382 4195 1432 4244 ⁸1.

286 4257 501 4307 reuerberatibus.
590 4257 672 4308 WB.
685 4259 809 4322 scapulas.
893 4259 912 4289 ¹⁰
928 4259 959 4310 T.
970 4261 1034 4310 illas.
1070 4259 1125 4308 VB.
1137 4260 1216 4310 adds:
1233 4259 1298 4308 alias
1310 4277 1394 4325 usque
1405 4261 1432 4310 ad

286 4323 401 4385 capillos.
475 4323 493 4354 ¹¹
511 4323 540 4373 E.
554 4330 665 4374 terrene.
740 4323 758 4355 ¹¹
774 4325 804 4375 T.
818 4326 975 4375 accederem.
1050 4323 1070 4353 ²⁸
1086 4325 1142 4375 VB.
1157 4326 1298 4388 patiuntur.
1375 4328 1392 4357 ¹¹
1407 4327 1432 4376 T.

285 4387 466 4439 drachouibus
532 4389 551 4419 ¹³
568 4388 596 4439 T.
609 4397 635 4439 et
647 4405 670 4440 v.
738 4387 757 4420 ¹⁸
774 4391 802 4442 E.
815 4399 992 4442 accenserunt.
1061 4387 1079 4420 ¹¹
1096 4391 1125 4442 T.
1141 4391 1168 4442 E.
1182 4407 1276 4442 earum.
