3036 4878
101 284 330 354 usuam]
364 271 438 364 Ua
458 268 518 359 b.
537 269 754 358 dummoc
776 285 871 374 cmo
894 278 933 358 at
956 277 1144 376 matuta
1183 280 1256 370 655

103 468 264 538 immundo,
276 481 396 528 mortem
408 483 547 546 optarunt
582 474 720 530 Millesies
737 484 765 531 et
778 473 849 530 vltra
861 491 937 530 mors
951 485 1056 546 optata,
1070 491 1138 546 sepe
1150 485 1258 545 uocata,

103 552 191 608 tarda
201 553 355 612 uidebatur.
383 558 602 627 Congemiscunt
612 568 640 613 et
652 559 802 614 condolent
816 557 998 628 semorte[m]
1010 558 1148 614 sodalium
1156 559 1259 616 vitasse
1337 569 1343 578 '

103 633 296 708 fugitiuosque
313 638 408 696 luisse.
446 641 512 696 Non
531 651 644 696 cessant
662 641 746 711 igitur
764 653 847 696 nocte
871 659 905 696 ac
924 641 971 696 die
988 642 1112 697 clamare
1129 653 1156 697 et
1179 642 1258 698 inuo-

104 733 174 773 care
192 720 277 774 deum
295 721 323 776 in
342 733 440 778 sancto
458 724 612 779 Edmundo
630 735 658 780 et
676 735 776 780 sancto
790 725 908 780 Thoma.
946 723 1055 795 Quibus
1068 723 1258 781 incessanter²

105 801 264 871 orantibus,
277 805 358 860 adest
371 805 416 861 dei
429 806 589 875 clemencia,
602 817 630 862 et
648 807 783 864 maturius
803 823 833 862 se
852 809 956 864 solutos
969 809 1114 877 senciunt3
1135 818 1178 864 set
1194 825 1259 864 vere
1272 817 1287 870 5

106 901 140 938 se
165 887 272 942 solutos
294 889 433 956 dubitant,
455 889 543 945 nimio
567 889 667 944 timore
692 890 829 960 perterriti
857 890 969 946 vincula
993 891 1083 946 terrea
1107 893 1259 960 refirmaut,

107 969 225 1023 taudem
244 970 322 1026 nimii
341 973 444 1028 doloris
464 972 584 1028 tristicia
602 973 744 1029 constricti
764 983 828 1030 ante
847 991 976 1030 auroram
995 973 1088 1044 sopori
1105 975 1258 1030 traduntur.
1332 996 1334 1007 ·

109 1049 222 1118 Quibus
244 1055 339 1110 statim
358 1055 488 1112 videntur
506 1057 563 1110 duo
582 1056 634 1112 viri
652 1056 768 1127 preclari
787 1057 929 1123 accedere,
951 1057 1063 1112 vincula
1080 1057 1168 1112 ferrea
1192 1075 1259 1113 con·

107 1133 229 1202 fringere
247 1147 274 1192 et
294 1155 344 1208 per
361 1154 501 1194 carcerem
521 1140 700 1210 dispergere3
719 1139 900 1209 vigilantibus
918 1149 1012 1194 autem
1025 1139 1118 1210 ipsum
1131 1141 1161 1194 fit
1174 1139 1259 1195 idem.

111 1217 200 1286 Igitur
212 1219 239 1273 in
254 1238 285 1276 se
296 1221 398 1278 reuersi
412 1222 526 1278 laudant
539 1222 751 1292 deumetsuper
758 1223 893 1278 miraculo
905 1232 1128 1292 constupescunt.
1148 1223 1259 1278 Deinde
1275 1233 1305 1270 10

110 1299 148 1354 ad
168 1313 298 1358 sanctum
317 1305 499 1360 Edmundum
518 1315 547 1360 et
566 1315 694 1360 sanctum
713 1307 862 1364 Thomam
882 1321 1000 1377 quorum
1020 1305 1178 1362 interuentu
1199 1306 1261 1362 sine

110 1383 198 1440 dubio
216 1386 441 1459 libera[ba]ntur,
456 1388 509 1444 iter
524 1387 668 1459 arripiunt,
682 1389 767 1443 deum
784 1388 812 1444 in
827 1389 930 1445 sanctis
947 1390 1006 1444 suis
1024 1407 1074 1460 per
1088 1388 1184 1445 omnia
1199 1407 1260 1445 ma·

110 1468 285 1536 gmficantes.

156 1659 207 1712 Du
224 1672 363 1716 vucrous
380 1673 480 1716 cnm
498 1673 599 1717 susan
618 1673 775 1725 Quauonu
795 1673 1009 1718 susurronum
1028 1675 1214 1718 uariandum

338 1755 492 1800 rnuouau
511 1756 554 1798 os
572 1756 713 1800 uoururo
731 1757 841 1800 snucu
862 1746 1028 1800 Euuuum.

181 1865 274 1920 Odem
294 1875 418 1936 tempore
436 1863 551 1936 quidam
570 1865 703 1935 predator
714 1865 796 1920 villas
814 1865 938 1921 confines
957 1863 1067 1920 inuasit.
1103 1865 1149 1920 Ad
1166 1866 1261 1922 villam

216 1949 251 2002 de
276 1948 451 2004 Brokedisch
476 1949 601 2017 veniens,
623 1950 738 2004 domum
763 1948 909 2004 cuiusdam
935 1949 1081 2018 Stephani,
1103 1948 1154 2004 uiri
1175 1949 1260 2005 incliti
1277 1962 1306 2013 15

112 2041 140 2086 et
152 2030 274 2086 hominis
287 2031 377 2086 sancti
390 2032 542 2096 Edmundi,
556 2033 724 2102 aggreditur,
735 2033 888 2102 domosque
901 2049 1005 2092 uacuas
1018 2048 1145 2100 cernens,
1158 2033 1262 2105 quippe

114 2131 162 2184 pre
186 2114 286 2169 timore
309 2131 408 2169 omnes
432 2115 470 2170 ad
494 2116 643 2170 ecclesiam
671 2132 735 2170 cum
764 2115 846 2169 bonis
873 2114 932 2170 suis
960 2113 1151 2184 confugerant,
1176 2132 1261 2170 vnum

113 2213 254 2268 pauonem
273 2197 391 2252 naturali
413 2198 562 2268 splendore
583 2197 742 2254 rutilantem
763 2198 893 2268 repperit,
915 2197 1032 2266 inuadit,
1054 2197 1137 2268 rapit,
1158 2209 1186 2254 et
1209 2200 1262 2254 sub

114 2280 228 2336 brachio
241 2281 455 2351 comprehendit
474 2292 502 2338 et
519 2292 652 2352 asportat.
687 2282 841 2336 Transiens
853 2291 947 2338 autem
963 2299 1013 2351 per
1025 2291 1121 2352 portas
1134 2281 1261 2350 ecclesie,

114 2373 270 2418 matronam
280 2365 403 2420 nobilem
412 2363 547 2435 prospicit
557 2382 670 2420 vxorem
685 2365 821 2434 Stephani
835 2363 1037 2436 prenominati:
1057 2381 1112 2436 que
1122 2381 1262 2436 pauonem
1277 2379 1307 2414 ²0

115 2463 195 2502 suum
209 2447 315 2515 videus,
328 2447 495 2503 exclamauit
507 2458 535 2504 et
548 2448 604 2503 ait:
633 2449 675 2504 ‘O
691 2447 730 2502 mi
744 2452 835 2518 pauo!
856 2449 911 2503 heu
918 2447 938 2515 ²,
951 2447 987 2503 de
1001 2459 1076 2504 terra
1092 2448 1262 2504 sanctissimi

113 2530 186 2600 regis
205 2530 352 2586 Edmundi
371 2547 434 2586 sum
456 2540 484 2586 et
502 2548 555 2601 ego
577 2542 605 2587 et
627 2531 723 2587 omnia
742 2549 823 2586 mea:
853 2530 961 2587 dimitte
982 2549 1132 2604 pauonem,
1152 2532 1263 2587 dimitte

113 2613 175 2670 aio.’
212 2613 264 2669 Cui
284 2625 379 2684 raptor
400 2615 550 2670 subridens
570 2625 598 2670 et
620 2615 792 2670 cachinnans
811 2613 867 2670 ait:
897 2616 963 2672 ‘Sic
980 2625 1008 2672 et
1025 2615 1066 2670 sic
1084 2616 1180 2672 omnia
1198 2625 1262 2670 sunt

116 2697 268 2765 Edmundi,
287 2697 383 2752 omnia
407 2714 482 2752 nuuc
507 2697 667 2753 Edmundi:
698 2707 741 2752 set
763 2698 818 2753 hoc
843 2715 959 2764 meum;
986 2699 1041 2753 boc
1062 2709 1113 2767 est,
1138 2699 1262 2770 inquam,

115 2781 224 2835 meum!
264 2781 426 2850 lnprecatur
439 2780 522 2850 igitur
534 2781 641 2850 mulier,
655 2790 683 2836 et
696 2781 909 2836 circumstantes
927 2781 1066 2836 secrecius
1081 2782 1261 2836 maledicunt.
1278 2797 1307 2848 ²5

115 2862 256 2933 Turgidus
277 2874 306 2918 et
325 2861 555 2935 parui[pen]deus
577 2863 697 2919 discedit
715 2875 744 2920 et
763 2864 900 2920 discurrit
936 2866 975 2919 Et
994 2865 1109 2920 tandem
1130 2865 1167 2920 ad
1186 2881 1262 2918 mare

115 2946 237 3012 veniens,
259 2963 322 3000 cum
346 2963 456 3017 pauone
481 2947 552 3002 sub³
573 2948 679 3002 lacerto
699 2947 818 3018 gurgitis
842 2946 1054 3016 transnauigare
1077 2947 1262 3016 capacitatem

115 3031 291 3085 accelerans:
317 3029 412 3085 statim
431 3029 459 3084 in
478 3029 606 3100 ingressu
624 3031 654 3085 fit
673 3029 794 3086 fluminis
814 3030 917 3100 preda3
944 3029 1085 3100 fluctuque
1104 3029 1263 3099 periclitans

116 3113 161 3168 ille
172 3129 294 3168 nocens:
313 3112 388 3168 exilit
401 3129 458 3167 non
471 3113 632 3183 periclitans
646 3129 719 3184 pauo
733 3113 875 3167 innocens.
912 3113 1014 3167 Euolat
1031 3122 1058 3167 et
1075 3111 1197 3179 abuolat,
1210 3129 1263 3166 nec

115 3213 202 3267 vsque
215 3196 340 3266 predicte
353 3195 471 3251 ecclesie
489 3195 677 3251 summitatem
697 3195 815 3263 desistit,
829 3194 990 3266 ibidemque
1007 3194 1096 3250 tribus
1115 3195 1213 3250 diebus
1228 3212 1262 3250 ac
1276 3205 1308 3254 30

115 3278 202 3334 tribus
220 3278 349 3334 noctibus
367 3279 504 3334 recumbit
523 3288 550 3334 et
568 3278 693 3350 quiescit.
730 3279 860 3333 Tandem
879 3279 1020 3350 predictus
1040 3279 1199 3350 Stephanus
1220 3278 1262 3332 vir

116 3361 225 3417 inclitus
242 3379 306 3417 cum
318 3379 402 3417 vxore
419 3378 469 3417 sua
486 3378 539 3432 que
558 3378 698 3432 pauonem
714 3361 797 3432 diripi
810 3362 918 3417 viderat
936 3373 963 3417 et
982 3360 1108 3416 doluerat
1125 3378 1262 3432 egressus,

116 3463 253 3516 pauonem
266 3444 386 3500 cuhnine
400 3445 517 3500 ecclesie
530 3445 697 3500 residentem
713 3445 836 3512 miratur,
849 3453 877 3500 et
893 3447 1116 3514 congratulatur;
1136 3462 1264 3516 paneque

116 3529 141 3583 ei
165 3539 301 3599 porrecto,
325 3545 411 3583 manu
436 3529 543 3583 domini
567 3527 609 3582 sui
633 3538 661 3583 et
687 3527 800 3583 domine
821 3538 934 3584 assueta
957 3539 1070 3600 aspecta
1091 3539 1119 3584 et
1142 3529 1263 3596 cognita,

116 3611 268 3678 descendit,
282 3611 495 3683 appropinquat,
510 3621 538 3666 et
550 3611 686 3678 vescitur;
706 3610 800 3681 sicque
812 3621 932 3666 mortem
945 3611 998 3667 sibi
1013 3611 1190 3677 destinatam,
1203 3611 1264 3665 eius
1278 3623 1308 3671 35

117 3693 285 3750 destinatore
301 3705 419 3762 mortuo,
436 3693 543 3762 vitauit,
555 3693 655 3763 euasit,
668 3693 811 3764 uitamque
830 3693 938 3748 diucius
955 3704 983 3749 et
1003 3695 1182 3749 innocencius
1199 3709 1263 3764 pro·

115 3776 220 3832 telauit.

392 3908 417 3968 il
437 3909 487 3964 Da
503 3921 631 3966 msroua
650 3911 820 3965 Rsuuumu
839 3919 995 3964 uouncm.

183 4031 289 4086 ldimus
302 4030 393 4086 uimm
405 4029 564 4101 religiosum
576 4031 690 4086 nornine
704 4030 894 4100 Radulphum‚
907 4029 995 4084 sancti
1010 4029 1153 4084 Edmundi
1166 4045 1264 4086 mona·

217 4116 309 4168 chum.
347 4113 479 4183 Quicum
495 4131 513 4168 a
530 4112 672 4168 iuuentute
684 4113 741 4169 vite
757 4128 807 4167 sue
819 4129 906 4182 vsque
921 4111 960 4166 ad
978 4128 1065 4166 canos
1082 4110 1110 4165 in
1129 4110 1263 4181 religione

117 4205 327 4268 perseuerasset,
348 4195 479 4266 iussuque
503 4194 618 4266 dompni
644 4195 754 4251 abbatis
780 4193 910 4265 Hugonis
933 4195 1021 4250 altare
1045 4193 1132 4249 sancti
1153 4195 1263 4250 Thome
1277 4209 1310 4260 40

247 4341 255 4371 ¹
274 4341 328 4392 MS
340 4341 525 4394 incessantibus.
689 4339 699 4369 ¹
715 4356 735 4391 r.
747 4340 816 4392 bens.
979 4339 990 4370 ⁸
1007 4339 1061 4392 MS.
1073 4355 1130 4392 cum
