3028 4894
263 321 337 410 436
578 311 708 400 lioba
734 305 924 411 [mettun
948 305 1101 410 nuntie.
1472 10 1491 433 Q

263 529 360 588 penas
372 513 449 570 iuste
458 511 579 569 ultionis
592 507 817 584 promptissime
830 507 1000 582 suscipiam.
1032 508 1147 580 Quodsi
1158 522 1366 582 nequaquam
1375 503 1428 558 hot
1489 502 1496 574 l

264 601 295 658 in
315 600 393 658 sacto
412 599 590 668 contraius,
609 599 664 656 sed
683 614 752 654 cum
774 596 839 653 iure
865 595 930 666 feci,
949 596 1031 653 velut
1049 597 1116 669 ipsa
1133 613 1204 653 mee
1231 590 1431 651 innocentia¹
1493 574 1498 720 ἰ

266 687 377 746 mentis
394 689 468 745 mihi
486 696 631 755 testatum
651 703 688 743 eo
703 683 892 753 libentius,si
908 683 1000 741 vultis
1016 685 1161 752 occidere,
1175 683 1254 739 mori
1271 681 1432 742 desidero,
1500 757 1503 767 Ι

263 792 323 849 quo
345 792 395 832 me
416 793 472 849 pro
492 773 607 831 iusticia
627 772 757 830 occisum
779 771 903 828 martirii
922 770 1016 845 gloria
1035 772 1244 828 coronandum
1268 770 1341 826 lore
1362 783 1434 823 eon·

236 875 251 924 5
265 862 382 921 sidero.⁸
419 861 460 919 Vt
472 871 573 920 autem
585 861 724 918 viderunt
737 858 834 916 virum
848 867 930 916 tanta
943 859 1054 916 mentis
1066 859 1238 916 constantia
1250 857 1319 924 niti,
1334 853 1434 912 nimio

265 961 380 1008 terrore
410 949 550 1024 perculsi,
575 965 659 1004 arma
683 945 843 1021 proliciunt
866 955 897 1003 et
925 955 1006 1004 terre
1031 948 1276 1020 procumbentes,
1302 943 1436 1002 veniam

266 1037 445 1113 postulando
463 1035 519 1096 viri
538 1035 665 1109 vestigia
685 1033 795 1092 osculis
820 1041 934 1107 petunt
981 1033 1058 1090 Data
1078 1033 1178 1108 itaque
1200 1031 1437 1094 benedictione,
1507 1069 1510 1114 ί

265 1142 334 1182 cum
368 1125 431 1182 suis
464 1125 626 1198 episcopus
667 1138 814 1195 prospero
847 1120 955 1180 itinere
987 1121 1130 1195 Angliam
1163 1139 1333 1195 regressus
1378 1126 1437 1174 est.
1508 1131 1509 1134 ’

267 1200 411 1286 Cumque
428 1213 460 1268 in
478 1219 628 1268 conuentu
647 1209 790 1266 nobilium
810 1225 932 1266 causam
951 1226 1036 1266 suam
1053 1209 1121 1266 viua
1138 1227 1212 1266 voce
1231 1207 1437 1272 defenderet,
1510 1227 1511 1234 ¹

224 1321 254 1357 ιο
267 1300 402 1374 salsoque
426 1317 460 1356 se
484 1306 654 1356 accusatum
678 1313 713 1354 ac
738 1295 844 1353 iniuria
865 1296 1060 1369 degradatum
1085 1297 1177 1354 libera
1200 1297 1437 1369 protestatione

266 1388 448 1456 ostenderet,
474 1403 529 1444 rex
554 1395 656 1442 tamen
681 1383 785 1442 maluit
809 1383 840 1440 in
864 1401 920 1441 sua
944 1384 1102 1458 pertinatia
1125 1394 1229 1442 contra
1256 1385 1437 1457 equitatem

266 1475 439 1549 perdurare,
452 1491 543 1546 quam
556 1471 695 1546 equitatis
708 1471 822 1529 ratione
830 1488 917 1528 suam
925 1471 1112 1544 pertinatiam
1126 1471 1264 1544 mitigare
1278 1493 1285 1528 :
1305 1471 1436 1527 litteras

266 1578 345 1636 pepe
357 1561 491 1618 tumido’
503 1560 580 1618 fastu
593 1559 742 1633 despexit,
754 1557 854 1630 irrisit,
866 1567 896 1616 et
908 1577 927 1615 a
939 1577 974 1616 se
987 1560 1091 1633 procul
1106 1559 1230 1630 abiecit,
1251 1573 1434 1630 omnesque

267 1649 384 1706 nobiles
404 1647 538 1705 unanimi
557 1657 661 1704 contra
679 1655 816 1704 sanctum
835 1645 1056 1720 conspiratione
1077 1647 1245 1720 insurgunt,
1264 1665 1301 1703 ac
1318 1643 1434 1703 multis

223 1749 255 1800 15
268 1736 456 1794 contumeliis
480 1735 620 1805 afficiunt,
645 1743 675 1792 et
700 1751 718 1792 a
742 1733 823 1807 regis
848 1743 1011 1807 conspectu
1039 1735 1178 1792 auulsum
1202 1734 1338 1792 carceris
1363 1733 1432 1789 imo

267 1825 488 1882 detrudendum
519 1823 674 1896 arripiunt
730 1820 947 1894 Erinenburgis
982 1831 1083 1879 autem
1120 1823 1232 1896 regina,
1269 1823 1430 1878 bonorum

267 1911 401 1969 omnium
411 1909 621 1985 persequutrix
630 1921 659 1967 et
668 1909 757 1966 huius
770 1908 920 1966 scismatis
928 1909 1052 1979 auctrix,
1060 1910 1213 1983 capsulam
1223 1908 1429 1982 reliquiarum

268 1999 308 2056 de
326 1998 422 2074 ipsius
441 1999 516 2055 collo
528 1997 659 2067 abstulit,
671 2013 801 2069 eumque
814 1995 944 2052 leminea
957 1997 1134 2070 loquacitate
1147 1997 1292 2066 derisum,
1305 1995 1430 2054 abiecit

267 2086 324 2143 Vir
347 2095 447 2144 autem
469 2085 518 2143 dei
538 2086 576 2142 ad
601 2102 672 2142 suos
693 2100 857 2141 conuersus
881 2083 939 2141 ait:
966 2085 1051 2141 ‘Non
1073 2102 1129 2141 vos
1152 2086 1290 2157 hecque
1315 2081 1430 2141 nobis³

224 2191 256 2228 ao
268 2173 413 2247 ingeritur
425 2173 531 2230 iniuria
548 2173 655 2241 turbet,
668 2189 725 2229 nec
741 2171 904 2228 averitatis
921 2171 1040 2228 tramite
1057 2190 1177 2246 quoquo
1190 2173 1283 2228 modo
1296 2171 1427 2228 deiiciat-
1510 2154 1511 2179 ¹

269 2260 328 2318 Pre
340 2262 434 2318 oculis
446 2277 569 2334 semper
582 2260 699 2330 habete,
712 2258 764 2332 qui
774 2258 877 2315 volunt
889 2258 920 2314 in
934 2257 1053 2316 Christo
1061 2259 1110 2332 pie
1120 2260 1232 2329 viuere,
1246 2259 1427 2316 necessario

268 2349 489 2406 tribulationem
508 2347 569 2422 pati
588 2356 736 2421 oportere.
774 2346 871 2404 Nemo
889 2345 970 2403 enim
990 2357 1155 2416 coronatur,
1169 2346 1227 2404 nisi
1246 2347 1299 2421 qui
1318 2358 1427 2404 contra

269 2435 420 2492 diabolum
440 2436 587 2492 studuerit
605 2434 746 2508 legittime
765 2435 936 2490 decertare.²
974 2433 1012 2490 Et
1029 2452 1108 2504 ecce,
1121 2434 1172 2508 qui
1191 2451 1262 2491 eum
1281 2435 1426 2491 manibus

270 2521 464 2595 stringebant,
484 2521 598 2580 acriore
622 2522 722 2579 lurore
746 2538 786 2578 ex
806 2519 908 2579 verbis
932 2523 996 2578 eius
1018 2521 1144 2591 accensi,
1163 2540 1233 2579 eum
1257 2525 1427 2580 tenebroso

226 2633 255 2682 ²5
269 2609 300 2666 in
326 2627 446 2666 carcere
470 2609 603 2667 vinctum
628 2611 828 2666 detruserunt
875 2596 961 2665 Inter
991 2609 1046 2666 hec
1070 2609 1166 2666 uxor⁴
1194 2609 1342 2683 prefecti⁸
1371 2610 1426 2683 qui

270 2705 407 2754 sanctum
421 2697 451 2753 in
464 2697 599 2754 custodia
611 2697 748 2767 habebat,
761 2695 909 2752 acerrimo
926 2696 1069 2769 languore
1082 2707 1220 2770 correpta
1233 2699 1272 2754 ad
1285 2706 1426 2754 extrema

270 2784 330 2842 vite
351 2784 531 2857 perducitur.
571 2785 632 2842 Sed
656 2801 724 2841 cum
746 2783 906 2857 episcopus
927 2784 1033 2841 solutis
1054 2785 1182 2842 nexibus
1204 2786 1241 2842 ad
1262 2803 1333 2842 eam
1354 2803 1426 2859 per·

273 2873 379 2929 ductus
401 2881 491 2942 esset,
513 2889 620 2946 aquam
644 2871 797 2928 benedixit
821 2881 851 2929 et
875 2888 1058 2944 supeream
1081 2872 1228 2946 sparsit⁸z
1254 2890 1312 2930 nec
1338 2875 1425 2947 prius

269 2977 346 3034 aqua
359 2959 538 3017 infirmantis
550 2960 686 3016 membra
699 2959 801 3032 tetigit,
814 2975 905 3033 quam
917 2957 999 3014 omni
1008 2958 1151 3033 languore
1163 2961 1292 3033 depulso
1305 2960 1425 3017 mulieri

225 3071 258 3120 go
270 3047 402 3120 perlecta
421 3048 533 3104 sanitas
553 3047 648 3104 rediit.
686 3046 841 3104 Profectus
860 3057 961 3104 autem
981 3046 1061 3103 misit
1080 3049 1118 3105 ad
1141 3065 1255 3122 regern,
1274 3067 1346 3106 cum
1367 3051 1425 3105 hoc

271 3134 446 3192 miraculum
465 3135 598 3202 vidisset,
611 3134 734 3191 dicens:
755 3133 832 3192 ‘Per
849 3135 1019 3192 salutemet
1032 3153 1159 3209 regnum
1175 3145 1259 3192 tuum
1273 3145 1304 3193 te
1316 3138 1424 3193 adiuro

270 3221 409 3294 quatinus
430 3223 617 3279 sacerdotem
636 3221 749 3278 domini
772 3221 944 3280 Wilsridum
966 3243 984 3282 a
1004 3241 1053 3280 me
1074 3223 1185 3281 diutius
1209 3223 1340 3282 detineri
1363 3242 1424 3280 non

270 3307 380 3365 iacias:
403 3309 481 3381 quia,
500 3308 603 3377 fateor,
620 3309 727 3367 melius
745 3319 792 3367 est
811 3311 883 3366 mihi
904 3315 979 3369 mori
999 3329 1088 3386 quam
1108 3311 1139 3367 in
1159 3329 1228 3367 eum
1245 3311 1359 3384 aliquid
1379 3312 1424 3368 in-

270 3395 411 3452 iuriarum
433 3397 557 3454 ulterius
581 3415 732 3455 exercere.
776 3397 900 3468 Quodsi,
921 3401 975 3458 hac
1006 3399 1189 3457 adiuratione
1216 3399 1370 3471 despecta,
1392 3400 1423 3456 in

224 3500 256 3552 35
271 3483 420 3540 sententia
433 3494 482 3540 tua
495 3485 659 3557 persistere
671 3487 775 3554 mauis,
789 3503 838 3542 me
851 3487 940 3543 simul
955 3505 1023 3544 cum
1037 3506 1073 3544 eo
1086 3494 1237 3543 tormenta
1249 3495 1280 3544 et
1292 3497 1424 3544 mortem

271 3572 366 3644 magis
384 3571 481 3630 velle⁷
497 3573 597 3630 subire
615 3591 770 3647 cognosce,
784 3591 874 3648 quam
893 3592 963 3631 eum
981 3575 1012 3631 in
1030 3573 1187 3632 tormentis
1206 3574 1336 3631 habere’
1374 3575 1423 3631 Ad

270 3657 326 3715 hec
339 3675 394 3716 rex
410 3661 605 3717 vehementer
621 3660 722 3732 iratus,
736 3661 822 3718 iussit
838 3671 975 3718 sanctum
993 3663 1060 3719 duci
1077 3664 1116 3719 ad
1132 3662 1222 3717 alium
1234 3660 1425 3734 preseenrm⁸

269 3756 371 3820 vtpote
385 3747 563 3819 fortiorem⁰,
574 3749 745 3822 precipiens
758 3758 789 3805 vt
801 3750 998 3823 compedibus
1010 3759 1040 3807 et
1052 3749 1178 3807 vinculis
1190 3748 1307 3806 sortiter
1319 3753 1422 3807 astric-

270 3845 333 3892 tum
350 3835 467 3892 arctiori
489 3835 624 3892 custodie
645 3837 836 3908 manciparet.
874 3837 1011 3911 Cumque
1030 3838 1087 3895 hoc
1107 3837 1232 3910 implere
1250 3845 1422 3910 temptaret,

225 3940 258 3991 40
271 3932 358 3996 rupta
382 3922 499 3981 vincula
523 3922 717 3993 dissiliebant,
737 3935 787 3982 aut
811 3933 892 3982 certe
918 3925 1048 3999 colligari
1075 3943 1134 3982 non
1160 3924 1290 3982 valentia
1313 3925 1422 3983 diffusa

271 4010 436 4081 cadebant;
457 4019 487 4066 et
509 4028 545 4067 eo
564 4011 663 4068 minor
681 4011 793 4085 ligandi
812 4021 945 4086 potestas
964 4012 1112 4084 extiterat,
1131 4029 1191 4085 quo
1209 4013 1248 4068 ad
1269 4011 1420 4085 ligandum

272 4096 388 4154 hostilis
413 4097 515 4155 feritas
543 4098 704 4156 immanius
734 4099 877 4157 seuiebat.
926 4099 1007 4158 Dum
1038 4101 1093 4157 hec
1123 4108 1293 4174 agerentur,
1317 4101 1420 4175 regina

304 4243 361 4296 ²E.
374 4247 468 4295 mentis
479 4246 640 4296 innocencia.
734 4246 916 4298 'T.tuntudo.
1016 4246 1166 4300 ’naonis
1265 4247 1419 4312 ‘Fridegod

272 4325 363 4359 names
375 4311 422 4360 lter
436 4311 515 4362 Ebbn.
583 4313 698 4364 tandm.
712 4328 749 4376 pr.
763 4313 863 4364 Oliridi.
938 4310 1110 4376 'Repu-sit
1182 4311 1417 4379 'Evellemagis

271 4374 281 4404 ⁸
299 4375 387 4425 Eadna
399 4375 510 4438 Tydlin3
526 4376 598 4429 Will.
612 4378 698 4430 Malui.
710 4379 830 4430 Turnber.
897 4379 907 4409 ⁹
923 4381 958 4430 al.
970 4379 1133 4430 ferociorem.
