3028 4894
292 336 368 410 474
605 313 736 402 mid
762 309 954 415 [matut
977 309 1130 416 flnqllt.
1240 315 1280 390 [1.
1297 327 1423 380 Tentat

334 523 358 584 ἵ
372 521 460 594 Quod
473 523 682 597 episeopomm
694 521 816 596 quidam
828 531 858 580 et
870 521 1039 596 principum
1051 539 1120 580 cum
1132 521 1177 580 eis
1190 523 1255 580 sint
1267 521 1393 596 profecti,

511 621 542 668 et
555 613 634 686 quod
646 611 746 684 puelle
758 611 883 684 paruule
894 611 925 667 in
938 629 1041 668 earum
1054 621 1120 668 cetu
1132 621 1232 668 erant.

330 701 457 774 Interim
476 717 547 774 dum
573 717 604 772 in
629 717 688 774 lide
707 715 817 773 Christi
842 725 872 773 et
895 733 998 772 amore
1021 725 1065 772 tot
1081 715 1236 789 uirginum
1258 716 1425 771 instruuntur

293 803 374 860 milia
397 804 435 861 ad
461 803 519 860 iter
542 804 727 878 dispositum,
752 821 770 859 a
800 821 872 876 rege
902 813 987 877 patre
1010 803 1136 876 virginis
1163 811 1364 876 preparantur
1384 816 1423 854 na·

293 889 381 964 uigia
426 889 596 949 Extiterunt
620 893 775 948 intereas
798 891 899 964 puelle
929 901 959 948 et
984 891 1197 964 quamplures¹
1226 891 1358 964 par-uule,
1380 888 1424 941 lac-

293 979 410 1036 tantes¹
433 990 463 1036 et
490 979 641 1050 infantula,
666 997 725 1054 que
753 997 822 1035 cum
848 979 945 1035 adhuc
975 979 1178 1049 inueniuntur,
1204 997 1269 1035 non
1295 976 1423 1034 modicum

265 1087 280 1138 ⁵
294 1066 472 1141 quibusdam
485 1076 631 1141 generant
646 1067 846 1140 ambiguitatis
863 1067 1046 1139 scrupulum.
1083 1067 1220 1136 Quarum
1234 1067 1361 1140 quedam
1372 1079 1425 1131 sep·

294 1163 411 1224 tennes,
431 1154 478 1211 vel
506 1155 717 1228 quinquennes
740 1163 771 1211 et
795 1155 872 1210 inlr-a
896 1153 1024 1222 suerunt.
1042 1154 1131 1210 vuius
1151 1155 1247 1211 etiarn
1273 1151 1350 1220 anni,
1367 1165 1424 1222 que·

294 1243 363 1299 dam
383 1243 431 1299 vel
450 1242 573 1310 dimidii,
586 1259 621 1299 ac
635 1243 763 1299 duorum
784 1241 1018 1299 mensium’vix
1037 1243 1211 1300 extitenmt.
1251 1241 1290 1298 Et
1308 1241 1359 1296 bec
1375 1245 1424 1292 erat

294 1331 377 1398 ratio,
391 1331 642 1404 quemadmodum
659 1347 756 1403 nuper
771 1329 935 1386 eanrndem
949 1329 1099 1402 virginum
1114 1332 1249 1403 quedam
1264 1335 1424 1403 apparent&

295 1427 403 1474 testate
425 1428 511 1474 sunt:
544 1417 609 1474 ‘Ex
634 1417 722 1474 nobis
733 1417 759 1484 ‘,¹
781 1417 927 1490 inquiunt,
952 1419 1063 1474 ‘multe
1088 1417 1198 1474 fratres
1224 1419 1424 1474 babuemntet

252 1529 282 1568 ro
296 1521 426 1574 sorores,
445 1515 586 1576 cognatas
607 1506 698 1561 etiam
717 1515 747 1562 et
766 1505 822 1562 sibi
841 1505 1025 1578 propinquas
1046 1515 1136 1578 atque
1155 1506 1267 1562 charas
1286 1513 1423 1561 matronas

295 1609 355 1665 que
381 1591 555 1665 [quando]¹‚
574 1592 689 1666 angelis
714 1593 771 1649 sibi
796 1593 1054 1656 annuntiantibus,
1080 1593 1352 1666 peregrinationem
1370 1603 1423 1658 pre·

295 1681 427 1736 scierunt
443 1680 556 1736 instare
572 1680 711 1748 suturam,
724 1680 945 1752 coronamque¹
957 1680 1091 1748 martirii,
1103 1681 1286 1754 virginitatis
1298 1675 1422 1751 premium

296 1767 352 1824 sibi
366 1767 472 1824 celitus
484 1767 676 1840 promissum,
689 1785 810 1824 sorores
821 1777 851 1825 et
864 1779 1006 1840 cognatas
1018 1785 1086 1824 cum
1100 1769 1220 1825 filiabus
1239 1764 1366 1841 paruulis
1380 1757 1421 1816 sibi

296 1856 488 1926 associantes,
506 1855 708 1912 retributionis
723 1855 844 1912 eterna¹
859 1856 976 1928 premia
992 1865 1022 1912 et
1037 1856 1103 1912 illas
1121 1855 1235 1928 pariter
1253 1861 1354 1928 optant
1368 1865 1422 1904 con·

252 1961 281 2012 r5
297 1943 383 2017 sequi
404 1945 526 2000 secum.¹
564 1941 724 1999 Peruenit'
746 1953 883 2016 preterea
903 1961 1006 1999 rumor
1029 1961 1133 2026 eqrurn
1156 1952 1186 2000 et
1213 1943 1294 2000 sama
1314 1939 1376 1996 felir
1393 1933 1421 1989 ad

297 2033 457 2104 episcopos
475 2039 555 2088 terre
577 2031 664 2102 illius,
682 2031 720 2087 ad
743 2031 857 2088 nobiles
874 2049 995 2104 quoque
1016 2041 1046 2087 et
1067 2031 1223 2102 militares,
1243 2029 1294 2104 qui
1315 2028 1421 2084 scientes

297 2137 368 2176 vere
380 2119 450 2193 quia
462 2119 619 2176 dominus¹
630 2129 693 2175 erat
703 2136 771 2174 cum
784 2119 828 2175 eis
839 2135 995 2192 perquem
1008 2119 1077 2174 talia
1089 2119 1212 2188 fiebant,
1218 2117 1327 2176 relictis
1338 2125 1420 2186 quam-

297 2207 401 2281 plures
419 2207 538 2263 illomm
556 2206 676 2276 diuitiis,
689 2206 881 2280 dignitatibus
898 2216 928 2263 et
945 2206 1041 2274 terris,
1055 2205 1151 2278 patria
1164 2217 1194 2263 et
1207 2204 1347 2280 cognatis,
1358 2214 1419 2255 asso

297 2297 365 2354 clati
378 2307 447 2354 sunt
460 2297 514 2366 eis,
527 2297 710 2370 peregrinari
727 2306 757 2353 et
775 2296 832 2370 ipsi
845 2296 1009 2369 cupientes,
1023 2295 1113 2353 etiam
1123 2295 1143 2328 ¹⁰
1156 2297 1235 2354 mori
1248 2313 1303 2370 pro
1315 2292 1418 2348 Christo.

253 2405 284 2442 ro
301 2385 383 2442 luter
392 2402 444 2442 eas
456 2394 541 2440 erant
552 2383 744 2440 nibilominus
757 2401 861 2458 regum
871 2383 993 2458 quidam
1003 2383 1031 2452 ¹¹,
1039 2384 1188 2452 comitum,
1196 2386 1307 2441 ducum
1316 2398 1346 2437 ac
1357 2375 1418 2451 prin-

299 2472 399 2545 cipum
408 2471 437 2543 ¹¹,
450 2489 577 2546 quorum
592 2473 713 2546 quidam
724 2471 744 2503 ¹⁸
761 2472 878 2528 illarum
896 2481 997 2544 patres
1004 2470 1025 2502 ¹¹
1037 2471 1200 2528 extiterunt
1217 2483 1248 2529 et
1256 2473 1277 2504 ¹¹
1293 2468 1419 2526 tmueset

299 2559 521 2633 amici,quidarn
531 2559 620 2616 etiarn
632 2557 854 2633 sponsi,quas¹³
863 2559 894 2615 in
905 2559 1043 2632 proximo
1053 2559 1173 2616 suerunt
1181 2559 1212 2629 ¹⁸,
1223 2561 1249 2617 si
1261 2559 1301 2631 [in
1311 2547 1417 2630 parfiall

300 2648 526 2716 remansissent,
538 2645 677 2702 connubii
696 2647 827 2719 legitimo
845 2647 910 2703 iure
926 2647 1053 2704 ducturi.
1092 2645 1210 2705 Interea
1222 2650 1295 2704 dum
1310 2651 1418 2714 expense
1468 2707 1469 2720 χ

299 2736 338 2792 ad
357 2735 413 2791 iter
425 2734 674 2808 peregrinationis
692 2743 781 2806 atque
799 2733 918 2807 nauigia
935 2743 1142 2807 preparantur,
1155 2737 1255 2807 angeli
1267 2731 1376 2790 veniunt
1389 2723 1416 2777 dt
1468 2735 1469 2802 Ϊ

253 2849 283 2899 ²5
301 2823 381 2892 celis,
396 2833 425 2879 et
438 2822 561 2878 veniunt
571 2821 592 2854 ¹⁸
603 2821 697 2878 sancti
715 2839 750 2878 ac
762 2821 894 2893 virgines
912 2839 1007 2891 sacre,
1020 2821 1175 2878 consocias
1193 2839 1268 2880 suas
1282 2819 1416 2878 visimus
1468 2871 1469 2880 ,

302 2911 428 2984 illasque
440 2911 478 2966 ad
491 2901 677 2984 propositum
690 2908 809 2966 salubre
822 2919 851 2965 et
864 2918 1001 2965 sanctum
1014 2909 1224 2968 confortantes.

372 3033 394 3092 tl
410 3031 456 3088 De
468 3030 641 3104 genealogia
653 3031 739 3088 beate
751 3029 861 3087 Vrsule
873 3029 1081 3103 sociammque
1094 3047 1217 3088 suarum
1231 3029 1365 3104 virginum

765 3116 984 3192 principalium.

341 3201 614 3287 Presatus¹¹itaque
624 3231 679 3270 rex
689 3222 883 3285 patersancte
891 3213 1140 3288 virginisVrsule,
1149 3224 1211 3272 tres
1219 3211 1318 3272 habuit
1325 3213 1415 3265 sorore⁵

303 3309 333 3358 et
348 3311 411 3358 tres
426 3302 549 3372 iratres3
569 3319 628 3358 vna
645 3319 782 3358 sororum
804 3299 925 3375 losippa
944 3302 1105 3371 dicebatur,
1118 3311 1148 3358 et
1165 3295 1354 3360 Chelindris¹⁰
1366 3289 1413 3348 ²1¹²·

302 3389 390 3446 tertia
407 3407 478 3445 vero
498 3389 629 3446 Ewlalia
664 3388 757 3444 Porro
775 3389 900 3446 fratrum
916 3407 994 3446 vnus
1017 3389 1208 3446 Helindius¹¹
1227 3375 1413 3463 [vocabaturl‘i

255 3496 287 3548 30
303 3477 455 3534 secundus
472 3476 648 3534 Ludrencus
656 3475 687 3546 ¹¹,
702 3476 807 3534 tertius
825 3485 925 3533 autem
943 3475 1110 3534 Herwicus
1143 3477 1229 3534 onr
1245 3486 1359 3546 namque
1371 3463 1413 3518 ¹¹¹¹

303 3563 405 3622 drenci
419 3564 628 3638 Hirmegardis
641 3575 686 3622 est
699 3564 855 3637 appellata,
863 3582 989 3638 quorum
1003 3565 1063 3621 lilia
1076 3565 1163 3622 beata
1175 3565 1229 3622 fuit
1243 3565 1364 3623 rimosa.
1372 3563 1413 3622 que

304 3662 373 3728 post
383 3663 517 3708 sanctam
526 3652 667 3709 Vrsulam
679 3653 769 3710 totius
782 3652 895 3726 collegii
909 3653 1063 3709 beatarum
1074 3652 1223 3725 virginum
1234 3651 1345 3726 gertbat
1354 3639 1414 3714 Psifl'

304 3741 444 3814 cipetum.
480 3739 573 3798 Cuius
591 3757 677 3798 soror
693 3749 796 3796 sancta
814 3739 958 3796 Enodia¹¹
973 3757 1075 3797 secum
1095 3739 1228 3813 prosecta
1249 3749 1300 3807 est.
1313 3737 1412 3803 sequens

302 3845 381 3888 eam.
418 3827 578 3884 Herwicus
595 3827 743 3902 siquidem
762 3845 887 3886 vxorenr
908 3828 1035 3884 habebat
1056 3845 1115 3901 que
1135 3837 1301 3902 nuncupata
1316 3828 1354 3880 est
1368 3810 1413 3870 Ad·

256 3942 287 3994 35
304 3917 391 3991 wigis
400 3915 432 3987 ²⁴,
444 3926 475 3973 et
487 3925 549 3972 tres
559 3914 588 3970 in
599 3915 655 3971 boc
667 3915 776 3987 [sacro]
787 3915 806 3947 ¹¹
817 3915 951 3972 exercitu
961 3913 1038 3972 filias
1049 3915 1226 3972 babuerunt.
1251 3915 1363 3986 Quarum
1370 3911 1411 3955 ¹¹¹¹

338 4037 345 4066 ¹
365 4033 395 4084 Β.
408 4034 485 4084 etiam
498 4033 583 4096 puelle
594 4031 688 4096 plures.
762 4032 772 4062 ¹
788 4032 820 4083 Β.
832 4033 966 4083 lactentes.
1037 4031 1047 4060 ⁸
1064 4031 1093 4081 E.
1106 4034 1237 4082 mentium.

303 4102 361 4152 ¹E.
374 4100 511 4164 quomodo.
585 4097 644 4147 ⁸13.
656 4115 677 4148 c.
690 4115 799 4162 quoque.
877 4097 1046 4148 'B.eterne.
1120 4097 1176 4147 ⁸E.
1190 4097 1313 4149 Preueuit

303 4169 458 4233 quoddeus.
524 4165 543 4195 ¹·
560 4164 591 4214 B.
602 4171 688 4227 atque.
754 4165 772 4193 ¹¹
790 4165 820 4214 B.
829 4165 945 4228 quedam
1013 4164 1033 4192 ¹¹
1050 4163 1081 4212 Β.
1092 4179 1131 4226 pr.
1145 4165 1205 4215 filie
1270 4163 1287 4192 ¹¹
1302 4155 1410 4227 ΜΨ

304 4236 420 4329 priorem
438 4232 537 4282 illarum
549 4247 599 4280 om.
698 4229 716 4258 ¹¹
734 4231 865 4280 ominB.
965 4227 983 4260 ¹¹
1000 4229 1030 4278 Β.
1042 4230 1150 4292 quiens
1259 4215 1410 4292 “BJWL

317 4299 430 4349 ¹0m.rn
444 4299 474 4348 n.
584 4295 602 4325 ¹³
620 4296 649 4346 s.
662 4295 766 4359 aliique.
883 4295 901 4328 ¹·
918 4294 1102 4346 urreurcrua
1217 4293 1237 4326 ¹·
1255 4278 1407 4361 gnanus

304 4365 323 4397 ¹¹
341 4365 372 4416 B.
386 4363 529 4415 Heluidius.
611 4361 630 4393 ⁸¹
647 4362 678 4412 Β.
691 4361 827 4414 ludvicus.
903 4361 922 4392 Β
940 4361 1086 4412 B.Evodia.
1163 4359 1182 4392 ¹¹
1198 4361 1230 4413 Β.
1243 4359 1374 4414 fleterna*
