3044 4878
273 283 322 369 46
586 277 718 366 nme
742 273 933 380 leuetur
958 273 1109 380 umbe.

274 477 475 550 plexatusest.
514 466 761 554 Singulisautem
769 479 858 537 annis
866 480 961 539 semel
969 489 1020 538 aut
1029 481 1076 539 bis
1085 482 1164 555 apud
1172 479 1309 538 Witham
1317 481 1422 539 venire

274 570 437 638 consueuit,
449 569 500 625 vbi
513 585 597 626 more
610 569 736 625 aliorum
750 569 779 624 in
794 569 870 626 cella
882 569 1012 626 solitaria
1025 569 1174 639 manebat,
1184 586 1243 643 que
1256 587 1384 643 semper
1395 571 1422 626 ei

274 655 389 728 absque
404 655 568 714 habitatore
585 673 680 714 vacua
698 657 892 727 sentabatur3
912 655 942 712 in
963 673 1022 730 qua
1041 657 1241 714 meditabatur
1261 665 1292 714 et
1310 659 1424 725 orabat,

275 743 463 802 reficiebatur
475 743 540 800 cibo
552 752 582 801 et
595 761 756 816 sompnum
765 743 910 818 capiebat.
948 743 1068 802 Indead
1077 745 1229 818 publicum
1240 746 1422 818 quandoque

246 832 481 903 gprogrediens,
502 831 664 889 celestibus
685 831 906 904 quodammodo
931 833 1021 890 radiis
1039 847 1077 888 ex
1097 833 1246 889 consortio
1265 832 1420 890 sermonis

274 918 388 974 domini
400 927 555 976 cornutam
567 935 673 992 gerere
681 919 836 976 videbatur
848 919 964 977 faciem.
1020 907 1103 978 Cum
1116 928 1216 976 autem
1229 920 1362 991 quodam
1375 921 1423 978 die

274 1006 389 1062 sabbati
402 1007 481 1079 apud
496 1005 680 1064 bukkedene
689 1007 707 1076 ¹,
721 1005 887 1063 manerium
905 1023 1002 1075 suurn,
1015 1007 1139 1064 missam
1157 1007 1331 1074 celebraret,
1345 1007 1425 1066 inter

274 1108 381 1150 manus
394 1093 458 1150 eius
471 1093 567 1151 hostia
580 1094 696 1152 eleuata
715 1093 744 1149 in
758 1110 863 1151 verum
880 1111 989 1167 eorpus
1002 1094 1112 1152 Christi
1131 1095 1291 1168 aquodam
1304 1095 1423 1162 clerico,

275 1179 409 1238 Iohanne
420 1180 569 1251 nomine’,
579 1199 726 1239 conuersa
738 1180 865 1240 videtur.
891 1182 1042 1255 Apparuit
1053 1181 1135 1238 enim
1147 1181 1178 1238 in
1191 1181 1287 1238 forme
1300 1181 1423 1240 infantis

231 1287 261 1325 ro
274 1269 399 1341 paruuli,
421 1268 523 1325 diuino
544 1269 674 1342 quodam
699 1269 796 1326 nitore
821 1277 910 1342 atque
931 1271 1061 1326 candore
1086 1285 1179 1342 super
1200 1268 1422 1326 estimationem

274 1354 405 1413 hominis
417 1355 543 1412 nimium
555 1357 665 1414 decori.
703 1355 800 1413 Finita
813 1355 915 1420 missa,
925 1356 1051 1414 accessit
1059 1357 1097 1412 ad
1108 1356 1294 1430 episcopum,
1306 1369 1423 1415 secrete

273 1443 397 1500 dicensi
416 1442 573 1512 ‘Domine
590 1443 621 1500 in
639 1443 770 1501 crastino
786 1453 855 1517 post
875 1443 985 1501 festum
1003 1445 1138 1500 omnium
1157 1453 1340 1513 sanctorum,
1354 1462 1422 1502 cum

273 1531 449 1602 psalterium
463 1531 493 1588 in
502 1531 765 1605 ecclesiaquadam
773 1533 1046 1600 decantarem,vox
1053 1532 1183 1605 quedam
1191 1531 1289 1587 subito
1299 1532 1423 1588 auribus

274 1619 350 1674 meis
363 1617 488 1692 illapsa¹
499 1627 546 1676 est
559 1620 681 1676 dicens:
701 1620 718 1649 “
728 1617 835 1691 Surge,
853 1619 958 1692 inquit,
972 1619 1013 1676 fili
1031 1628 1061 1676 et
1076 1619 1219 1692 episeopo
1232 1619 1422 1677 lincolniensi

231 1713 259 1778 ις
274 1721 313 1761 ex
323 1715 408 1778 parte
418 1705 467 1764 dei
476 1707 647 1779 quantotius
655 1705 793 1764 intimare
803 1707 892 1763 stude
900 1707 1040 1780 quatinus
1049 1705 1290 1763 cantuariensem
1302 1715 1423 1764 moneat

273 1792 432 1866 diligenter
456 1793 694 1866 archipresulem
715 1803 746 1850 vt
770 1793 884 1867 pariter
910 1811 1014 1851 secum
1034 1793 1205 1867 vigilantius
1228 1793 1365 1850 intendat
1384 1796 1421 1851 ad

273 1880 483 1954 corrigendum
508 1889 620 1938 statum
644 1880 716 1938 cleri
741 1889 771 1937 et
796 1881 1001 1939 ecclesiarum.
1039 1881 1137 1938 Nimis
1160 1881 1241 1938 enim
1260 1881 1424 1938 offenditur
1520 1927 1521 1930 η

272 1967 374 2024 diuina
387 1968 528 2026 maiestas
540 1985 596 2042 per
604 1985 641 2025 ea
652 1985 711 2041 que
723 1967 930 2026 indesinenter
942 1969 1043 2026 liunta
1055 1969 1220 2026 rectoribus
1227 1969 1423 2026 ecclesiamm

273 2062 303 2110 et
315 2054 461 2112 ministris
479 2073 592 2113 earum.
630 2055 811 2112 Sacerdotes
830 2057 912 2114 enim
933 2065 963 2114 et
984 2055 1109 2113 aliorum
1123 2058 1269 2130 graduum
1289 2073 1422 2129 persone

229 2165 260 2202 ao
273 2142 353 2198 omni
366 2143 506 2200 vitiorum
519 2160 641 2216 genere,
655 2143 786 2200 maxime
799 2143 916 2201 luxurie
929 2143 1070 2200 sordibus
1083 2143 1182 2211 sedati,
1195 2152 1421 2201 sacramentum

272 2229 395 2304 indigne
415 2239 446 2288 et
465 2231 669 2288 irreuerenter
686 2238 858 2300 tractantes,
875 2239 1019 2304 quantum
1037 2231 1068 2287 in
1088 2247 1122 2290 se
1141 2240 1190 2288 est
1205 2230 1341 2304 polluere
1362 2247 1422 2287 non

271 2327 425 2374 verentur.
463 2317 598 2376 Ecclesie
621 2317 660 2374 ad
684 2318 850 2391 regendum
875 2318 1006 2392 indignis
1035 2319 1194 2376 traduntur
1224 2319 1374 2390 personis,
1393 2327 1423 2376 et
1510 2351 1521 2362 υ

273 2421 357 2462 more
378 2403 551 2478 prediomm
571 2404 738 2462 adfirmem
759 2405 975 2479 relinquuntur,
988 2405 1144 2480 turpisque
1160 2405 1235 2462 lucri
1253 2405 1348 2478 gratia
1366 2408 1423 2463 sub

273 2493 392 2548 annuo⁴
403 2509 497 2549 censu
507 2492 641 2550 locantur
649 2493 687 2548 ad
697 2501 855 2566 questum;
870 2494 909 2550 de
917 2509 988 2550 cura
995 2494 1162 2550 animarum
1172 2491 1423 2551 etresocillatione

230 2601 261 2652 ¹5
275 2596 440 2652 pauperum
455 2580 554 2637 nullus
567 2589 613 2638 est
626 2597 736 2638 sermo.
774 2580 840 2638 Hec
857 2589 887 2638 et
899 2581 958 2638 hiis
974 2581 1083 2638 similia
1095 2591 1156 2638 tam
1169 2580 1318 2637 minorum
1332 2597 1423 2653 quam

276 2667 421 2724 maiorum
439 2667 604 2740 precordiis
622 2668 823 2725 dominantur.
861 2669 942 2726 Hinc
960 2667 1182 2742 grandisJuror
1194 2681 1223 2725 et
1242 2667 1285 2724 ira
1298 2668 1347 2724 dei
1361 2679 1422 2725 tarn

274 2755 385 2828 populo
403 2754 548 2823 imminet,
565 2771 655 2828 quam
668 2755 825 2814 ‘uniuersis
843 2756 956 2830 pariter
974 2755 1187 2813 habitatoribus
1205 2764 1286 2813 terre
1306 2755 1423 2812 huius.”

274 2842 411 2915 Cumque
423 2842 480 2899 hec
493 2844 626 2899 secundo
638 2843 817 2916 audisse[m]
826 2842 847 2912 ⁸,
859 2853 889 2900 et
907 2845 944 2900 ad
961 2845 1085 2900 domum
1098 2861 1240 2901 reuersus
1253 2843 1332 2900 lecto
1346 2843 1422 2916 [mle

274 2929 450 3002 dedisse[m]
461 2929 479 3000 ⁸,
487 2929 575 2986 tertio
585 2931 691 2986 eadem
699 2929 837 3003 replicari
846 2930 973 2988 audiui'.
993 2929 1048 2988 Cui
1057 2930 1158 2988 stetim
1167 2931 1424 3004 respondi⁸:“Et

229 3039 262 3088 3⁰
274 3019 424 3091 quomodo
435 3017 536 3074 verbis
550 3015 635 3086 meis,
643 3017 695 3090 qui
707 3027 785 3075 etate
798 3027 829 3075 et
841 3019 956 3075 ratitme
968 3019 1106 3076 infirmus
1118 3035 1195 3088 sum,
1204 3017 1295 3075 fidem
1309 3018 1423 3075 habere

274 3103 382 3178 poterit
393 3107 427 3162 ?’'
465 3103 550 3162 Tunc
564 3104 653 3178 isqui
670 3105 847 3178 loquebatur
865 3107 924 3162 ait:
945 3107 962 3136 “
973 3105 1077 3164 Fidem
1093 3105 1195 3164 verbis
1213 3105 1273 3162 tuis
1292 3105 1431 3176 habebit,-

273 3208 341 3248 cum
352 3209 388 3250 ea
397 3209 456 3266 que
466 3209 559 3265 super
568 3193 661 3249 altare
669 3209 770 3250 coram
780 3193 846 3266 ipso
853 3194 1026 3250 celebrante
1035 3193 1231 3268 perspexeris
1241 3191 1421 3250 intimabis.”

273 3280 349 3335 Cum
362 3280 443 3336 enim
457 3279 545 3337 hodie
559 3281 650 3336 misse
662 3289 765 3337 vestre
777 3281 965 3352 interessem,
978 3281 1008 3338 in
1029 3281 1168 3338 manibus
1181 3280 1291 3338 vestris
1310 3298 1422 3354 corpus

274 3367 387 3424 domini
409 3367 504 3424 nostri
522 3367 613 3424 lhesu
633 3367 744 3424 Christi
763 3369 819 3425 sub
838 3369 940 3442 specie
959 3368 1080 3426 infantis
1098 3368 1216 3442 paruuli
1228 3370 1246 3436 ⁸,
1264 3367 1311 3425 bis
1331 3385 1423 3442 supra

229 3471 260 3524 35
274 3455 394 3511 calicem
417 3453 533 3511 avobis
553 3453 712 3526 denatum,
731 3455 863 3529 indignis
882 3457 952 3514 licet
970 3457 1064 3514 oculis
1080 3455 1238 3514 euidenter
1257 3456 1423 3529 conspexi)

275 3541 341 3598 Hec
354 3541 479 3599 clericus
492 3541 541 3598 ille
555 3541 718 3599 liuentibus
736 3561 792 3616 per
810 3561 903 3617 genas
921 3543 1073 3602 lachrimis
1085 3544 1332 3617 prosequebatur.
1369 3543 1424 3601 Vir

273 3630 402 3686 autem²⁰
414 3629 527 3686 domini
540 3631 668 3687 ubertim
688 3630 767 3688 inter
784 3631 839 3688 hec
858 3631 957 3701 flebat,
970 3641 1000 3690 et
1011 3641 1173 3704 extergens
1192 3631 1296 3688 oeulos
1312 3633 1423 3701 clerici,

273 3716 425 3774 osculatus
444 3727 490 3774 est
509 3735 587 3786 eum,
604 3718 726 3776 dicens:
747 3718 844 3776 ‘Nulli
859 3720 990 3790 omnino,
1003 3737 1062 3792 que
1079 3717 1180 3776 vidisti
1200 3720 1336 3776 reuelare
1352 3737 1423 3792 pne-

274 3806 393 3861 sumas!
424 3803 823 3878 Pretereadiligentiuseum
836 3806 948 3864 hortari
962 3805 1113 3864 studuitvt
1123 3805 1275 3879 religionis
1287 3807 1422 3864 habiturn

228 3911 261 3960 40
274 3892 442 3965 suscipiens
465 3893 523 3949 deo
543 3893 657 3951 seruire
677 3901 738 3950 tota
758 3903 859 3952 mente
880 3903 1049 3952 maturaret.
1085 3893 1253 3952 Asserebat
1273 3911 1335 3951 non
1354 3913 1424 3952 esse

274 3980 458 4038 conueniens
469 3988 501 4036 vt
514 3981 565 4053 qui
582 3981 652 4038 talia
663 3981 789 4038 vidisset
808 3991 838 4040 et
856 3981 998 4052 audisset,
1012 3982 1042 4038 in
1058 3981 1151 4038 seculi
1163 3982 1293 4039 vanitate
1307 3983 1423 4040 versari

274 4069 405 4126 deberet.
443 4067 502 4138 Qui
515 4068 637 4126 monitis
655 4069 720 4126 eius
733 4069 928 4141 acquiescens
940 4079 971 4127 et
984 4069 1181 4128 monasticum
1201 4069 1336 4126 habitum
1356 4089 1425 4128 sus·

306 4197 466 4261 ¹=Bugden,
481 4197 577 4249 Hunis.
644 4197 717 4249 ²ioh
736 4199 962 4251 nomominVit.
1029 4199 1085 4249 ⁸13.
1095 4199 1191 4264 elapsa.
1258 4199 1424 4254 ‘E.animo.

274 4263 293 4357 :⁰
301 4262 509 4392 ἷιξυὶιὲἶιέκὶ.
571 4264 762 4319 ‘sededisset
820 4265 951 4317 'audiuit
1011 4265 1177 4332 'respondit
1243 4265 1300 4318 ’E
1314 4269 1424 4330 penculi.
