3028 4894
281 275 355 360 466
593 268 724 356 tanta
750 265 939 372 [actua
964 266 1117 371 {topia

281 451 466 542 chaiissima,
481 469 670 528 Brithsardus
686 480 829 544 cognatus
844 487 930 528 meus
948 480 977 528 et
995 481 1150 544 compater
1165 481 1239 530 tuus
1258 473 1314 546 qui
1335 491 1387 532 me
1404 476 1439 532 de

280 559 467 618 sacrofonte
488 559 674 632 baptismatis
695 559 864 632 suscipiens
886 559 924 615 ad
947 575 1073 631 regnum
1095 560 1209 616 celeste
1234 564 1438 634 regenerauit,

279 655 309 702 te
327 647 400 719 petit
415 664 548 704 uxorem.
586 647 649 704 Sed
667 645 842 718 acquiesce¹
855 645 988 703 consiliis
1003 646 1088 714 meis,
1101 657 1130 704 et
1143 664 1298 719 sponsum
1312 649 1369 705 tibi
1382 668 1438 706 uon

280 734 454 791 moriturum
479 736 602 791 tradam
653 733 830 806 Quicunque
854 733 935 790 enim
960 735 1074 791 nubunt
1100 733 1231 804 Christo,
1251 735 1438 808 accipientes

251 837 265 890 5
279 819 379 894 ipsum
392 839 547 895 sponsum,
561 831 706 896 perpetua
719 822 788 878 dote
799 821 959 878 dotantur²
971 821 1003 876 in
1020 839 1114 894 regno
1126 822 1284 878 celorum!
1319 823 1360 880 Et
1372 826 1436 880 illa:

279 909 329 966 ‘Si
348 909 388 966 ita
406 919 461 978 est,
479 908 583 982 inquit,
601 908 761 982 impleatur
778 925 880 966 sermo
898 926 988 982 quem
1011 909 1120 978 dixisti,
1138 918 1170 966 vt
1191 909 1372 968 Brithfaido
1391 912 1438 968 vel

278 996 328 1053 alii
341 997 484 1054 morituro
497 1014 556 1053 non
571 997 698 1053 nubam!
727 994 884 1052 Wistauus
897 995 995 1068 igitur,
1008 996 1045 1052 de
1059 997 1163 1053 matris
1178 997 1371 1056 continentia
1383 1018 1437 1073 spe

278 1085 446 1142 certissima
464 1093 615 1158 concepta,
635 1083 751 1140 nunciis
769 1081 893 1156 prelatis
909 1083 1087 1140 matrimonii
1106 1083 1332 1157 impedimenta
1351 1105 1437 1144 reue·

278 1171 357 1228 lauit.
393 1173 461 1242 Quo
473 1171 581 1240 audito,
596 1169 781 1228 Brithsardus
794 1180 917 1228 conatus
930 1180 976 1228 est
988 1172 1025 1228 de
1038 1181 1133 1228 morte
1145 1170 1282 1229 Wistani
1297 1183 1437 1244 tractare,

233 1279 265 1316 ro
277 1270 308 1316 vt
326 1275 363 1317 eo
378 1261 416 1317 de
431 1259 530 1318 medio
547 1260 663 1316 sublato
680 1257 866 1332 propositum
885 1275 973 1316 suurn
993 1258 1171 1316 sceleratum
1189 1262 1229 1316 ad
1249 1260 1349 1319 finem
1369 1281 1437 1336 per·

277 1349 366 1405 ducat
375 1346 662 1422 nephandissimum.
689 1345 803 1403 Furore
814 1345 911 1419 itaque
922 1347 1066 1404 tirannico
1076 1365 1232 1417 accensus
1241 1349 1363 1408 crimen
1373 1351 1437 1408 lese

277 1435 440 1492 maiestatis
457 1435 610 1493 incurrere
624 1451 683 1490 non
697 1433 819 1503 veritus,
833 1433 987 1490 dominum
1003 1451 1092 1491 suum
1104 1434 1206 1492 verbis
1223 1437 1364 1508 pacificis
1381 1441 1436 1495 sed

275 1523 502 1596 cogitationibus
512 1523 707 1579 fraudulentis
716 1521 940 1595 adcolloquium
948 1522 1320 1596 supplicatorie,vtipsum
1328 1526 1436 1583 dolose

275 1611 594 1685 perimeret,inuitauit.
616 1610 822 1682 Acquiescens
830 1619 929 1666 autem
938 1625 1001 1678 rex,
1009 1611 1081 1667 dum
1089 1611 1434 1687 colloquutionis'[tem·

231 1715 261 1768 tt
275 1699 345 1776 pus]
357 1699 539 1770 aduenisset,
552 1699 632 1772 apud
645 1699 742 1754 locum
757 1697 809 1770 qui
820 1713 916 1770 vaque
929 1697 1017 1754 hodie
1029 1696 1302 1756 ‘Wistanestowe'
1316 1719 1434 1759 nuncu·

275 1797 362 1865 patur
376 1795 599 1845 conuenerunt:
622 1795 652 1843 et
668 1784 857 1842 Brithsardus
872 1785 1018 1857 cogitabat
1030 1786 1155 1858 qualiter
1167 1787 1328 1844 dominum
1342 1807 1433 1846 suum

274 1891 411 1934 seorsum
424 1893 442 1932 a
454 1877 540 1932 turba
552 1873 620 1930 dolo
632 1881 748 1930 teneret
761 1873 810 1929 et‘
827 1873 992 1929 occideret:
1012 1871 1121 1946 ⁵(quod
1133 1873 1258 1947 quidem
1273 1892 1339 1932 uon
1352 1878 1433 1934 bene

274 1979 366 2022 ausus
385 1963 479 2020 luerat
496 1971 672 2035 attemptare
690 1963 728 2017 ob
744 1961 843 2034 plebis
859 1959 997 2017 timorem
1005 1959 1027 2032 ὓ)
1044 1979 1102 2034 que
1118 1978 1187 2017 cum
1202 1979 1277 2036 rege
1293 1977 1434 2021 venerat

275 2049 469 2123 Recogitabat
499 2060 599 2108 tamen
627 2049 721 2122 (ille)⁸
746 2049 826 2123 quod
854 2047 880 2105 si
907 2048 1074 2121 principem
1102 2049 1186 2122 prius
1213 2053 1433 2124 percussisset,

228 2139 383 2200 nomilites
404 2149 436 2196 vt
459 2139 618 2212 acephalos
643 2155 703 2194 non
728 2135 855 2193 timeret.
890 2135 1044 2193 Venerant
1069 2137 1150 2194 enim
1177 2137 1375 2197 Brithfardus
1401 2151 1432 2198 et

272 2227 324 2301 qui
342 2243 411 2284 cunt
433 2245 470 2284 eo
491 2235 585 2294 erant,
600 2225 733 2282 clanculo
756 2223 862 2281 armati
886 2233 988 2281 contra
1010 2225 1152 2282 inermes.
1190 2224 1255 2283 Illis
1278 2226 1375 2299 igitur
1400 2229 1431 2286 in

272 2333 364 2372 vnum
383 2311 639 2381 conuenientibus,
657 2311 812 2370 dominum
832 2329 920 2369 suum
940 2313 1017 2370 sicut
1035 2312 1158 2369 filiolum
1177 2314 1215 2370 ad
1234 2314 1322 2387 pacis
1340 2333 1431 2372 oscu-

271 2403 333 2460 lum
350 2403 486 2460 inuitauit
501 2418 647 2470 seorsum,
665 2401 786 2458 dicens:
808 2400 899 2457 ‘Veni
918 2399 997 2458 etin
1016 2417 1089 2473 pace
1108 2409 1212 2458 sancta
1228 2403 1371 2460 osculum
1392 2407 1430 2460 da

271 2491 353 2559 mihi,
373 2491 462 2548 filiole
484 2489 541 2546 mi!
577 2488 636 2545 At⁷
654 2489 721 2561 ipse
740 2487 823 2561 pacis
842 2498 958 2545 amator
975 2489 1123 2546 accedens
1140 2490 1178 2546 ad
1197 2507 1269 2546 eum
1285 2493 1349 2548 ait:
1376 2493 1428 2549 ‘ln
1503 2485 1504 2490 ’

226 2603 256 2655 ²5
271 2579 393 2636 nomine
411 2587 513 2634 sancte
531 2576 623 2649 pacis,
636 2593 695 2648 que
712 2585 759 2633 est
775 2576 859 2646 deus,
872 2576 991 2633 osculor
1003 2586 1041 2644 te,
1052 2585 1085 2633 vt
1101 2577 1131 2632 in
1150 2576 1289 2634 eiusdem
1302 2580 1430 2637 nomine

269 2667 388 2723 osculer
411 2683 429 2722 a
452 2667 499 2723 te!
544 2663 732 2722 Brithsardus
750 2681 831 2734 vero,
854 2681 909 2721 nec
931 2663 1052 2721 domino
1072 2673 1194 2722 terreno
1215 2682 1350 2738 parcens
1371 2685 1429 2726 nec

269 2754 411 2810 celestem
424 2753 545 2822 veritus,
559 2752 760 2809 deosculando
776 2769 845 2810 eum
862 2753 992 2809 extraxit
1004 2751 1137 2824 gladium
1150 2769 1241 2825 quent
1258 2755 1318 2810 sub
1331 2755 1428 2813 latere

268 2859 323 2900 suo
338 2843 414 2900 clam
432 2841 568 2911 habebat,
584 2849 614 2896 et
630 2849 718 2912 caput
732 2840 847 2896 domini
864 2839 911 2896 sui
931 2842 1103 2912 quassando
1123 2856 1192 2896 cum
1210 2841 1320 2913 capulo
1337 2844 1426 2901 letale

267 2932 377 2988 vulnus
398 2931 429 2986 in
450 2947 526 2986 cono
544 2928 609 2984 eiua
628 2927 733 2984 infixit.
771 2927 899 2998 Quidam
917 2945 989 2984 vero
1007 2927 1084 2984 alius
1101 2929 1140 2984 de
1158 2926 1426 2988 circumstantibus

222 3043 255 3094 ³0
269 3035 411 3076 mucrone
433 3033 542 3089 corpus
562 3015 641 3089 regis
662 3015 832 3088 perforauit.
868 3015 1065 3088 Supradictos
1083 3023 1183 3071 autem
1203 3017 1344 3089 nuncios,
1363 3021 1423 3076 scil.
1503 3081 1504 3094 ἶ

267 3105 454 3174 νὶῦαἰάιιῃι“,
480 3104 560 3171 Man,
585 3113 614 3160 et
640 3103 822 3176 Edulphunt,
844 3121 881 3160 eo
905 3104 984 3176 quod
1012 3113 1081 3175 post
1106 3101 1264 3160 veritatem
1290 3107 1423 3178 agnitam
1503 3101 1504 3106 ’

267 3211 389 3267 semper
408 3194 494 3250 beato
515 3191 628 3248 martiri
651 3190 784 3248 veritatis
809 3190 960 3259 assertori,
981 3200 1013 3247 vt
1034 3207 1108 3246 vero
1130 3189 1263 3260 domino,
1286 3195 1422 3251 veritatis

266 3282 430 3339 imitatores
460 3279 659 3347 adhesissem,
690 3278 883 3337 detestabiles
917 3277 1045 3334 ministri
1078 3277 1214 3334 eiusdem
1252 3277 1422 3340 Brithsardi
1503 3277 1504 3284 '

266 3369 362 3443 gladio
375 3369 598 3425 interemerunt.
628 3367 691 3422 Nec
703 3383 796 3435 mora,
809 3365 889 3422 idem
904 3365 1101 3434 Brithsardus,
1114 3366 1217 3422 diuino
1230 3364 1343 3425 iudicio
1356 3388 1421 3442 per·

221 3479 252 3530 35
265 3473 382 3526 cussuS,
394 3455 494 3514 statim
506 3471 612 3512 amens
625 3453 749 3510 effectus
762 3462 817 3520 est,
829 3461 858 3510 et
870 3453 937 3525 [sic]
957 3471 1012 3510 nec
1025 3454 1062 3510 ad
1076 3453 1179 3526 regine
1192 3456 1420 3516 matrimonium

264 3545 410 3617 attingere
429 3561 484 3600 nec
502 3543 540 3599 ad
559 3541 673 3614 regiam
693 3541 868 3614 dignitatem
886 3541 1041 3598 sublimari
1057 3540 1210 3598 adomino
1226 3547 1420 3614 permittitur.

266 3635 379 3691 Passus
400 3641 446 3690 est
465 3640 564 3688 autem
587 3629 724 3685 kalendis
744 3628 831 3696 lunii,
851 3637 880 3684 et
898 3629 1070 3702 preciosum
1092 3646 1203 3702 corpus
1222 3638 1307 3688 terre
1331 3635 1419 3691 relin-

264 3739 369 3797 quens,
382 3720 543 3793 gloriosam
559 3717 690 3774 animam
710 3717 775 3774 celo
793 3716 897 3773 intulit.
937 3715 982 3773 De
1001 3718 1066 3774 loco
1083 3727 1183 3773 autem
1201 3717 1233 3772 in
1252 3735 1315 3790 quo
1334 3720 1420 3778 inno·

264 3819 368 3868 center
385 3805 501 3864 occisus
517 3815 571 3872 est,
584 3805 743 3877 columpna
755 3804 829 3860 lucis
841 3821 936 3876 vsque
952 3805 990 3860 ad
1007 3805 1104 3861 celum
1117 3813 1264 3877 porrecta,
1277 3811 1419 3866 omnibus

218 3920 251 3971 40
263 3897 368 3955 incolis
378 3895 433 3952 loci
444 3894 521 3951 illius
533 3911 692 3966 apparens,
703 3909 758 3965 per
768 3891 888 3965 triginta
898 3891 963 3948 dies
977 3893 1073 3948 stabat
1082 3892 1250 3965 perspicua
1274 3892 1418 3953 Delatum

263 3997 309 4044 est
330 3994 429 4042 autem
451 3999 560 4055 corpus
582 3981 722 4049 martiris,
742 3980 779 4036 ab
801 3979 859 4036 hiis
879 3980 930 4052 qui
951 3989 1021 4037 tunc
1042 3988 1202 4053 presentes
1223 3981 1361 4048 aderant,
1380 3987 1417 4040 ad

262 4072 476 4132 monasterium
489 4073 526 4128 de
541 4070 718 4143 Rependot‘t,
731 4079 760 4126 et
776 4069 807 4124 in
823 4069 977 4126 mausoleo
993 4070 1041 4125 aui
1059 4068 1104 4125 sui
1117 4067 1252 4142 Wiglaui
1268 4071 1417 4144 condigno

294 4217 302 4248 ¹
321 4218 350 4268 E.
362 4217 550 4280 acquiescente.
613 4214 624 4245 ¹
640 4215 672 4264 R.
687 4215 809 4263 ditantur.
875 4211 885 4240 ³
901 4212 930 4262 T.
944 4211 1156 4275 colloquucionis.
1168 4211 1198 4262 E.
1210 4212 1415 4278 colloquutioni3

261 4293 364 4348 tempus
376 4299 426 4332 om.
492 4283 552 4332 ⁴R.
565 4289 599 4332 vt.
666 4279 706 4308 Μ
722 4295 752 4329 so
765 4279 811 4340 E.;
827 4278 857 4329 T.
870 4279 903 4329 R.
914 4279 1020 4330 timebat
1031 4280 1100 4328 enirn
1110 4280 1221 4344 plebem.
1299 4283 1413 4332 ‘omia

262 4353 291 4402 T.
305 4352 338 4402 R.
404 4347 464 4400 ⁷R.
478 4349 525 4398 Ac.
591 4346 795 4396 ⁸E.iubaldum.
