3028 4894
259 296 334 386 406
574 289 706 376 nona
730 283 921 390 120de
944 283 1097 388 atalia

260 488 389 563 aliquid¹
407 487 460 546 tibi
475 487 613 546 inditium
630 487 770 562 pandam,
782 503 843 560 quo
859 503 920 543 non
933 495 1014 543 recte
1029 495 1060 544 te
1078 503 1153 560 erga
1172 503 1229 546 me
1252 497 1288 547 et
1306 491 1419 548 domu

260 577 309 634 dei
328 578 427 651 egisse
445 575 630 650 comperias:
649 583 681 632 vt
699 574 770 632 site
786 591 872 630 reum
889 573 948 630 iam
967 574 1078 632 exinde
1090 578 1296 647 cognonen-is,
1308 579 1420 635 veniam
1483 585 1495 611 0

261 665 423 722 merearia'
470 662 506 722 ln
525 661 663 738 proximo
681 661 763 719 enim
784 663 857 718 dum
876 661 983 720 eiecti'
1000 671 1104 720 essent
1123 663 1270 736 parietes
1289 665 1422 723 eiusdem

260 749 371 810 fabrice
390 751 604 826 prominentes,
618 749 806 822 trabiumque
825 766 969 823 compago
985 749 1122 823 sequenti
1137 750 1189 808 die
1204 769 1313 827 super
1327 771 1425 813 muros
1485 755 1487 786 l

233 841 385 910 rdebeoet
408 838 529 914 apponi,
553 847 643 896 noctu
667 837 850 911 aquilonaris
873 836 973 910 paries
998 837 1096 894 subito
1120 855 1223 912 vsque
1248 842 1296 898 ad
1319 851 1424 898 tertam

261 926 381 998 corntit,
405 935 435 983 et
460 934 605 984 terrorem
636 926 802 982 maximum
825 925 941 982 cunctis
964 924 1097 982 incussit.
1134 925 1207 996 Quo
1232 929 1359 998 audito,
1377 929 1426 986 Oi·

260 1013 381 1088 garius'
399 1013 568 1087 episcopus,
587 1013 734 1071 visionem
760 1029 852 1084 quam
870 1011 985 1070 viderat
1006 1030 1075 1070 esse
1099 1014 1294 1087 completam
1322 1017 1427 1073 intelli·

261 1119 346 1176 gens,
358 1101 516 1159 ecclesiam
530 1100 713 1171 instaurauit,
726 1109 756 1156 et
768 1099 943 1158 festinanter
955 1101 1094 1158 dedicare
1106 1102 1246 1160 curauit:
1268 1113 1305 1160 et
1319 1120 1427 1176 eorpus

262 1197 366 1248 sancte
377 1188 502 1264 virginis
514 1206 574 1246 vna
586 1205 654 1246 cum
667 1197 771 1246 sancto
779 1205 903 1262 corpore
916 1187 1015 1246 fratris
1028 1187 1074 1246 sui
1086 1187 1285 1248 winniboldi
1295 1193 1339 1249 ad
1353 1191 1428 1248 bais

220 1295 250 1333 ιο
262 1285 410 1336 tatensem
422 1275 573 1335 transtulit
585 1275 752 1336 ecclesiam

522 1545 564 1608 *il
588 1531 643 1604 Da
660 1561 776 1602 sancto
793 1541 972 1602 Waruuo⁸
991 1544 1139 1602 assara'.

324 1681 418 1741 Omes
431 1691 530 1740 autem
542 1681 716 1740 Walleuus'
735 1681 920 1740 serenissimi
939 1681 1066 1740 Siwardi
1085 1683 1204 1741 comitis
1223 1685 1322 1758 filius,
1337 1688 1427 1746 comi-

359 1779 453 1828 tatum
471 1769 686 1828 Northumbrie
704 1779 735 1828 et
752 1769 943 1828 eboracensis
960 1770 1112 1844 prouincia
1130 1771 1345 1848 principatum
1359 1793 1425 1849 pos-

264 1853 377 1928 sidens,
391 1857 546 1930 lulittam⁸‚
559 1857 704 1916 Willelrni
724 1857 804 1932 regis
820 1868 851 1915 et
869 1858 1075 1933 conquestoris
1093 1867 1228 1932 neptem,
1243 1863 1278 1920 in
1293 1879 1425 1920 uxorem

264 1945 357 2016 duxit,
375 1954 406 2004 et
427 1946 536 2003 iniuste
557 1947 680 2004 demum
702 1955 867 2014 accusatus,
884 1947 922 2002 ab
944 1947 1051 2003 eodem
1070 1964 1143 2020 rege
1164 1946 1355 2008 innocenter
1374 1953 1424 2008 de·

221 2045 250 2098 ¹⁵
264 2032 396 2104 collatur,
415 2041 446 2090 et
464 2033 645 2092 Croulandie
666 2033 817 2108 sepelitur.
855 2033 928 2090 Eius
946 2034 1027 2090 enim
1048 2033 1109 2090 tilia
1128 2037 1257 2093 nomine
1277 2038 1424 2106 Maffldis,

265 2118 393 2193 symoni
411 2121 511 2179 comiti
522 2121 749 2196 liuntingdouie
765 2129 866 2195 nupta,
878 2121 975 2178 virum
994 2122 1043 2179 dei
1061 2121 1234 2180 Walleuum
1255 2128 1328 2184 siue
1341 2127 1422 2184 Wal-

264 2207 332 2266 thei
352 2211 497 2284 concepit,
527 2217 557 2266 et
581 2210 619 2266 ad
644 2209 805 2267 multorum
830 2209 957 2267 salutem
982 2209 1107 2283 peperit.
1145 2209 1267 2270 Nomen
1293 2216 1367 2273 eius
1393 2217 1422 2270 in

264 2295 434 2370 Anglorum
453 2297 606 2370 ydiomate
630 2296 823 2368 dissillabum‚
846 2297 872 2355 si
896 2297 1029 2355 secunda
1050 2297 1182 2371 syllaba·
1203 2313 1353 2376 correpto
1377 2320 1422 2358 ac·

265 2392 354 2440 centu
370 2383 547 2456 proseratur,
564 2384 693 2442 ‘electus
706 2387 813 2458 sapor‚'
830 2383 856 2440 si
869 2385 1014 2458 producto
1026 2395 1160 2456 accentu,
1173 2387 1310 2447 ‘electus
1325 2391 1421 2448 latro’

221 2495 252 2532 οο
265 2469 487 2546 interpretatur.
525 2471 560 2528 ln
573 2471 674 2530 verbis
688 2473 769 2530 enim
788 2481 819 2530 et
837 2471 970 2529 moribus
988 2489 1128 2547 saporem
1141 2473 1311 2546 spiritualis
1324 2477 1421 2536 straui-

264 2559 334 2616 tatis
358 2559 500 2617 omnibus
525 2559 668 2630 exhibuit,
691 2568 723 2617 et
752 2561 803 2634 pio
827 2560 905 2617 furto
930 2577 1057 2634 regnum
1084 2560 1218 2618 celorum
1243 2563 1419 2623 latrocinari

266 2645 430 2718 videbatur,
450 2648 501 2722 qui
523 2647 648 2706 virtutes
669 2656 789 2706 suaset
809 2647 1010 2706 reuelationes
1031 2646 1087 2705 sibi
1106 2647 1249 2707 diuinitus
1276 2661 1420 2712 ostensas

265 2744 295 2791 et
315 2735 401 2808 signa
424 2745 541 2810 patrata
565 2735 713 2793 occultare
738 2753 860 2810 semper
883 2735 1040 2792 nitebatur.
1077 2734 1272 2794 Exheredato
1292 2741 1419 2799 demum

265 2831 352 2896 patre
379 2823 445 2880 eius
469 2831 499 2881 et
525 2823 557 2880 in
585 2823 795 2881 transmarinis
821 2821 957 2896 partibus
982 2831 1108 2894 mortuo,
1133 2833 1231 2881 mater
1254 2826 1324 2885 eius
1350 2846 1418 2888 cum

222 2925 252 2976 ²5
266 2910 408 2967 comitatu
427 2911 491 2984 regi
504 2911 605 2969 Scotic
620 2911 718 2968 Dauid
737 2911 900 2985 copulatur.
937 2909 984 2968 De
996 2928 1056 2984 qua
1071 2911 1151 2968 idem
1169 2929 1224 2969 rex
1243 2912 1417 2975 Henricum

265 2997 414 3066 comitem,
432 3007 549 3073 patrem
568 3017 673 3074 regum
691 3001 838 3058 duorum:
865 2999 1044 3057 Malcolmi¹⁰
1062 2999 1124 3057 scil
1136 3008 1167 3057 et
1179 2999 1341 3075 willelmi,
1353 3024 1419 3080 pro

266 3086 386 3142 creauit.
423 3085 601 3145 Walleuus⁷
625 3087 705 3144 enim
730 3087 790 3145 vita
815 3095 845 3146 et
866 3087 1000 3144 moribus
1024 3087 1192 3162 proficiens,
1216 3103 1366 3163 parentes
1390 3104 1418 3150 et

266 3175 412 3230 mundum
438 3173 566 3247 fugiens,
592 3173 622 3231 in
649 3175 773 3232 cenobio
797 3175 893 3232 sancti
917 3173 1051 3232 Oswaldi
1075 3175 1268 3235 eboracensis
1288 3179 1418 3239 diocesis

266 3259 400 3318 habitum
419 3261 632 3320 canonicorum
651 3263 792 3337 suscepit,
808 3271 838 3320 et
856 3263 887 3320 in
906 3263 987 3320 omni
1006 3265 1162 3322 sanctitate
1180 3267 1341 3338 speculum
1361 3271 1418 3328 ira·

221 3365 254 3416 ιο
265 3347 360 3406 tribus
378 3348 510 3420 effectus,
524 3361 553 3409 et
572 3350 610 3407 de
629 3351 754 3408 sacrista
772 3347 803 3407 in
821 3350 951 3426 priorem
970 3351 1008 3408 de
1028 3349 1174 3408 Kirkham
1192 3355 1330 3414 mamini
1348 3376 1418 3416 con·

266 3453 358 3494 sensu
373 3436 485 3494 electus
497 3447 551 3495 est.
583 3437 620 3494 Et
633 3447 745 3512 quanto
757 3437 787 3496 in
801 3439 895 3496 oculis
907 3440 1041 3495 omnium
1054 3438 1210 3498 videbatur
1222 3444 1384 3504 sublimior
1392 3447 1418 3515 ¹¹,

265 3533 348 3580 tanto
368 3525 400 3580 in
423 3524 516 3583 oculis
536 3526 667 3600 propriis
683 3525 823 3584 humilior
832 3527 854 3560 ¹¹
866 3527 1038 3600 apparebat.
1113 3515 1151 3584 ln
1176 3531 1268 3586 natali
1293 3534 1418 3604 domini,

266 3628 334 3670 cum
346 3612 471 3670 missam
489 3613 520 3670 in
538 3629 646 3688 magna
665 3615 764 3672 cordis
783 3613 942 3672 deuotione
961 3622 992 3671 et
1010 3613 1222 3673 lachrimarum
1240 3620 1417 3691 profusione

266 3700 423 3758 celebrans
435 3701 528 3758 verba
546 3703 725 3760 sacramenti
743 3702 900 3776 proferret,
913 3701 1092 3759 infantulum
1108 3719 1163 3776 pre
1176 3703 1246 3761 tiliis
1260 3707 1417 3768 hominum

221 3814 253 3868 35
266 3789 436 3861 speciosum
456 3787 487 3846 in
506 3789 645 3846 manibus
663 3789 727 3846 suis
739 3789 820 3861 vidit,
837 3791 915 3848 etin
934 3789 1030 3864 eapite
1049 3789 1114 3847 eius
1131 3807 1276 3851 coronam
1294 3812 1416 3856 auream

265 3875 394 3951 gemmis
411 3875 562 3935 stelliferis
582 3876 761 3936 rutilantem.
799 3877 871 3936 Erat
890 3887 991 3935 autem
1011 3876 1092 3934 omni
1113 3877 1183 3936 niue
1202 3882 1368 3955 candidior,
1389 3893 1417 3943 et

265 3963 406 4022 dulcifluo
418 3964 566 4024 luminum
579 3964 642 4023 risu
654 3965 796 4040 vultuque
809 3983 919 4023 sereno
927 3965 1097 4038 blandoque
1110 3981 1256 4026 manuum
1269 3972 1415 4045 applausu

299 4093 358 4148 ¹01.
369 4095 480 4159 aliquod.
580 4093 639 4147 ὀὶ.
651 4096 740 4148 enecti.
848 4096 903 4150 ⁸T.
915 4105 1031 4160 otgerus.
1123 4097 1285 4164 ‘Abridged
1295 4103 1362 4154 imm
1373 4105 1414 4156 tbe

265 4161 325 4212 tau
336 4161 363 4213 S.
371 4161 504 4213 Waltheui
514 4161 549 4226 by
559 4161 658 4224 Jordan
668 4161 808 4228 (Joscelin)
821 4163 852 4212 oi
862 4163 983 4226 Furness,
995 4164 1023 4213 in
1034 4163 1067 4217 Α.
1079 4163 1127 4216 SS.
1140 4163 1205 4216 Boll.
1217 4181 1234 4228 3
1245 4168 1315 4232 Aug.
1331 4171 1351 4220 1.
1362 4187 1413 4234 ²⁴9

265 4227 275 4260 ¹
293 4228 322 4279 E.
337 4227 465 4280 Willeno.
530 4227 540 4258 ⁸
555 4227 584 4278 T.
598 4229 638 4278 De
649 4227 770 4280 Walleuo
781 4229 838 4280 uiro
850 4229 893 4279 dei
904 4237 931 4279 et
941 4229 1040 4281 abbate
1107 4229 1117 4259 ¹
1133 4246 1164 4281 so
1176 4230 1216 4294 Τ.,
1229 4231 1259 4284 E
1271 4234 1411 4286 Wallenus.

265 4291 450 4348 'dimittam
553 4293 609 4346 ''l'.
623 4292 721 4346 sillaba.
830 4295 850 4326 ¹⁰
867 4295 1051 4361 Emalcolinm
1066 4296 1096 4349 T.
1107 4297 1243 4351 malcolmi.
1352 4301 1370 4334 Π
1385 4302 1411 4353 Τ.
1494 4315 1495 4326 ’

264 4359 398 4410 sullimior.
489 4356 509 4390 ¹¹
524 4358 703 4414 Ebutniliter.
