3036 4878
255 313 327 412 678
689 315 890 416 aarum
919 318 970 392 11.

254 530 366 590 tempus
390 520 540 575 sanitatem
563 528 689 590 optatam
711 520 895 589 recuperauit,
919 519 958 574 ita
978 521 1054 591 quod
1076 536 1107 575 se
1133 520 1171 575 ita
1195 520 1316 576 faciliter
1337 520 1413 578 sicut

256 603 333 674 prius
351 613 417 656 ante
436 601 669 670 contraccionem,
683 603 793 672 signare
811 612 907 673 posset
926 619 991 657 cum
1009 602 1071 672 ipsa
1090 621 1176 658 manu
1195 603 1273 674 prius
1291 605 1414 659 omnino

255 695 407 740 contracta.

361 870 411 923 DE
429 881 503 923 hun
522 880 583 923 PER
603 881 637 923 lx
656 881 761 925 hunos
779 881 965 926 comum
983 883 1023 925 ET
1042 883 1154 925 IBlDEM
1174 881 1305 926 snuATA.

329 990 442 1045 Uedam
456 990 582 1046 Matildis
594 991 714 1058 Busche,
723 991 759 1046 de
777 991 862 1062 Leyk,
875 992 995 1047 accessit
1008 991 1045 1046 ad
1059 991 1163 1047 dictam
1180 993 1320 1064 capellam
1334 1009 1414 1048 anno

228 1085 242 1134 5
362 1073 439 1143 prius
455 1074 609 1140 nominato,
623 1091 675 1144 que
694 1075 751 1128 lere
764 1091 814 1144 per
827 1075 853 1129 ix
864 1091 952 1130 annos
966 1073 1007 1129 sic
1018 1074 1069 1129 luit
1082 1085 1226 1130 contracta
1241 1077 1321 1146 quod
1336 1076 1416 1129 nullo

256 1156 342 1210 modo
354 1165 448 1226 posset
463 1155 591 1212 incedere
609 1157 662 1210 nisi
681 1167 796 1212 curuata
814 1174 896 1228 super
908 1175 1001 1227 genua
1020 1167 1048 1212 et
1068 1159 1182 1228 palmas.
1221 1159 1286 1226 Que
1304 1159 1415 1213 ibidem

257 1237 302 1294 dei
335 1239 458 1308 graciam
483 1250 657 1310 exspectaus,
682 1239 789 1294 meritis
821 1241 910 1295 sancti
935 1239 1079 1294 Edmundi
1110 1240 1206 1295 adiuta
1236 1251 1264 1294 et
1297 1241 1416 1311 copiose

257 1321 377 1389 suffulta,
390 1331 499 1376 tantam
516 1321 688 1392 recuperauit
706 1322 865 1390 sanitatem,
879 1323 955 1393 quod
972 1323 1072 1377 eodem
1087 1339 1162 1376 anno
1178 1323 1231 1376 sub
1245 1325 1416 1379 baculorum

257 1413 349 1459 erecta
362 1403 498 1474 regimine
511 1405 622 1460 deloco
636 1405 664 1460 in
677 1406 767 1460 locum
781 1404 909 1460 transiuit
922 1405 1032 1475 publice
1045 1414 1073 1460 et
1087 1405 1206 1460 incessit.

586 1595 636 1648 Da
653 1605 732 1649 ceco
751 1605 864 1648 raim-:u
883 1605 1089 1648 naumurum.

216 1729 245 1764 ιο
299 1713 435 1769 Ohannes
448 1714 491 1768 'de
513 1715 647 1784 Wrangle
673 1714 701 1768 in
728 1715 881 1782 Holandia‚
899 1731 980 1770 oecus
1006 1715 1121 1769 omnino
1146 1715 1262 1770 effectus
1287 1733 1342 1786 per
1365 1733 1418 1770 oc·

333 1796 474 1852 casionern
506 1796 674 1852 infimitatis
705 1795 905 1864 morbillonun,
930 1797 1049 1852 accessit
1079 1798 1117 1852 ad
1141 1797 1246 1853 dictam
1271 1800 1416 1868 capellam

259 1879 349 1936 sancti
368 1879 511 1934 Edmundi
532 1881 568 1934 de
588 1880 731 1947 wainflet,
754 1889 781 1934 et
804 1879 907 1934 ibidem
930 1897 1035 1934 vacans
1056 1880 1233 1935 oracionibus
1255 1897 1307 1950 per
1329 1881 1417 1952 quin-

259 1965 362 2019 denam
379 1963 524 2032 integram,
538 1963 652 2018 tandem
670 1963 716 2018 dei
732 1963 827 2033 gracia
843 1973 870 2018 et
889 1963 979 2018 sancti
992 1963 1136 2017 Edmundi
1150 1963 1255 2018 meritis
1274 1962 1417 2024 visitatus,

259 2047 307 2118 qui
327 2047 364 2101 ad
383 2047 519 2116 capellam
538 2045 682 2101 subducis
703 2045 823 2100 accessit
841 2045 975 2116 regimine
997 2046 1072 2100 nullo
1093 2045 1214 2100 ducente
1235 2045 1274 2099 ad
1296 2047 1417 2116 propria

218 2141 246 2192 15
260 2145 324 2183 curn
336 2128 440 2200 gaudio
453 2128 595 2184 remeauit.

538 2317 588 2370 Da
606 2329 679 2372 auro
698 2327 777 2372 caco
796 2327 910 2372 minan
928 2327 1136 2372 reuuurunro.

358 2438 479 2492 illelmus
492 2439 528 2492 de
542 2437 695 2508 Slregneys,
709 2437 792 2492 etatis
804 2437 916 2492 circiter
926 2456 961 2492 xx
976 2455 1122 2506 annorum,
1139 2454 1230 2501 cecus,
1243 2438 1366 2494 accessit
1377 2441 1417 2494 ad

391 2520 545 2590 predictam
570 2520 705 2590 capellam
730 2519 765 2575 de
791 2519 941 2576 Wainflete
964 2529 992 2574 et
1018 2519 1056 2575 ibi
1081 2537 1131 2591 per
1154 2539 1189 2574 xv
1214 2521 1276 2576 dies
1302 2522 1416 2578 deuotis

261 2618 365 2658 uacans
381 2601 557 2657 oracionibus
575 2621 625 2673 pro
638 2603 831 2672 recuperanda
848 2602 976 2670 sanitate,
990 2613 1017 2657 et
1036 2603 1072 2659 de
1086 2613 1145 2658 tota
1157 2603 1215 2658 uita
1230 2621 1281 2659 sua
1295 2605 1415 2660 domino

264 2683 382 2742 lohanni
400 2685 436 2739 de
457 2685 573 2754 Haytor't
589 2685 734 2756 capellano
754 2684 858 2740 ibidem
876 2685 1078 2740 confessionem
1097 2686 1210 2753 faciens,
1228 2687 1346 2742 tandem
1362 2707 1415 2758 per

219 2787 250 2823 ao
262 2766 360 2823 men'ta
375 2765 465 2822 sancti
484 2767 558 2838 regis
574 2778 602 2822 et
620 2767 741 2823 martiris
757 2767 901 2822 Edmundi
920 2767 1086 2838 perueniens
1103 2768 1141 2824 ad
1153 2770 1246 2824 lumen
1259 2771 1416 2837 oculorum,

263 2851 322 2907 siue
336 2850 469 2920 regimine
482 2851 677 2922 cuiuscumque
688 2850 763 2906 visus
774 2851 824 2906 fuit
838 2851 976 2906 incedere.

413 3043 462 3096 DE
481 3051 538 3104 va
556 3052 672 3096 usuris
691 3053 712 3094 Α
728 3051 885 3096 PERICULO
903 3051 1078 3097 NAUFRAGll
1098 3052 1271 3095 LlBERATlS.

319 3162 455 3217 Exdecim
473 3170 557 3216 nante
573 3160 759 3231 periclitantes
777 3161 904 3232 inportu
927 3161 1011 3216 maris
1036 3160 1083 3232 qui
1099 3172 1213 3218 vocatur
1229 3163 1367 3229 Numan,
1388 3173 1415 3218 et

353 3245 463 3315 penitus
484 3245 519 3300 de
541 3244 598 3299 uita
619 3243 810 3314 desperantes,
830 3245 867 3298 ad
889 3244 994 3299 dictam
1011 3254 1147 3299 vouerunt
1165 3245 1304 3314 capellam
1324 3245 1415 3301 sancti

264 3328 410 3384 Edmundi
428 3327 464 3382 de
482 3326 631 3382 Wainflet:
657 3337 686 3382 et
709 3327 804 3382 statim
827 3327 909 3382 celeri
929 3325 1015 3381 fulciti
1040 3326 1167 3381 subsidio
1191 3343 1290 3381 ornnes
1315 3327 1414 3382 saluati

220 3434 248 3479 ²5
264 3413 391 3476 luerunt;
411 3411 486 3466 vnde
505 3411 612 3481 absque
626 3409 765 3465 dilacione
784 3408 821 3463 ad
839 3409 946 3464 dictum
966 3411 1058 3464 locum
1075 3419 1205 3464 sanctum
1217 3409 1353 3466 velociter
1367 3428 1414 3464 ac·

264 3501 408 3550 cesserunt
421 3509 454 3547 ac
466 3503 533 3547 vota
545 3510 595 3547 sua
608 3492 711 3548 emissa
723 3491 828 3547 ibidem
841 3493 943 3547 deuote
961 3492 1177 3562 compleuerunt

553 3687 603 3741 Da
621 3698 694 3742 auo
713 3697 949 3742 usurariorum
967 3695 1131 3740 erasmo.

330 3810 398 3865 Nno
421 3807 528 3864 domini
547 3807 761 3876 M⁰.ccc'.lxxv⁰,
781 3809 888 3876 Symon
908 3808 1011 3872 Broun,
1028 3805 1063 3860 de
1082 3805 1225 3872 Wainflet,
1244 3803 1273 3858 in
1292 3803 1340 3860 die
1358 3805 1413 3876 pal·

365 3909 473 3948 marum
491 3889 628 3960 nauigans
653 3890 682 3944 in
706 3889 830 3961 quadam
856 3891 962 3961 scapha
987 3889 1016 3944 in
1040 3906 1114 3960 aqua
1138 3887 1296 3959 periculosa
1316 3900 1414 3944 vocata

266 3975 426 4043 Rahwater,
442 3974 534 4029 subito
553 3989 603 4043 per
619 3973 796 4028 occasionem
815 3972 907 4027 valide
925 3973 1101 4043 tempestatis
1119 3972 1234 4026 auulsus
1255 3969 1321 4041 [est]
1340 3983 1414 4026 extra

220 4081 253 4130 30
266 4059 410 4128 scapham,
436 4057 496 4111 sine
525 4073 574 4126 spe
602 4055 657 4110 vite
683 4073 733 4110 sue
761 4055 975 4121 conseruande;
1003 4065 1045 4109 set
1070 4053 1228 4123 recogitans
1253 4055 1289 4109 de
1318 4065 1414 4109 sancto

267 4139 419 4195 Edmundo
438 4149 465 4193 et
485 4139 592 4209 capella
610 4137 670 4193 eius
689 4139 725 4194 de
742 4137 885 4206 Wainflet,
905 4138 977 4192 inter
994 4147 1070 4192 artas
1089 4147 1117 4192 et
1136 4138 1250 4192 crebras
1271 4137 1413 4206 angustias

265 4231 362 4276 votum
375 4221 452 4275 uouit
466 4221 575 4276 eidem:
596 4229 623 4276 et
643 4219 738 4276 statim
756 4238 821 4276 cum
841 4221 982 4276 celeritate
1000 4219 1159 4275 admirabili
1173 4221 1209 4274 de
1224 4220 1306 4290 aquis
1319 4237 1412 4290 supra·

266 4301 349 4356 dictis
362 4302 462 4355 itenrm
475 4303 503 4356 iu
516 4304 651 4373 scapham
665 4304 773 4375 absque
789 4303 913 4374 dampno
926 4301 1062 4374 corporali
1075 4302 1245 4370 restituitur3
1266 4303 1367 4358 deinde
1378 4301 1412 4355 ad

265 4383 399 4451 capellam
412 4383 539 4440 eiusdem
551 4385 639 4440 sancti
651 4394 748 4441 votum
761 4403 843 4441 suum
855 4385 1013 4442 redditurus
1031 4385 1159 4441 accessit.
