3052 4896
432 300 508 395 tit
531 298 696 389 sonno
722 299 910 391 tauma
1175 319 1243 397 521

94 501 125 560 si
139 501 225 559 nam¹
237 519 309 575 spes
319 513 400 560 esset
410 501 582 560 valitudinis
594 519 658 560 sue.
683 501 852 576 Episcopus
862 501 942 560 enim
955 503 993 559 ad
1006 501 1147 559 nuncium
1155 500 1247 557 dixit:

95 590 211 648 ‘Refer
234 590 371 660 celerius,
390 589 493 664 inquit,
512 590 634 647 domino
659 599 710 646 tuo
728 600 760 646 vt
784 590 938 664 dispositis
963 592 1053 646 rebus
1078 589 1159 645 omni
1178 604 1250 644 cura

94 687 241 752 preparet
259 695 302 746 se,
321 679 391 752 quia
409 695 476 736 eras
494 695 613 736 mecum
631 677 839 751 proficiscetur
856 679 893 734 ad
912 678 1009 735 eterni
1027 677 1108 750 regis
1126 678 1249 747 curiam,

94 765 151 822 vbi
175 765 272 822 fidelis
299 765 417 824 seruitii
441 784 459 824 a
482 765 634 823 communi
658 765 779 822 domino
805 765 927 838 recipiat
953 766 1123 822 mercedem
1145 765 1249 821 suam!

97 852 158 909 Illo
171 861 270 910 autem
283 855 421 924 abeunte,
433 856 594 927 episeopus
610 861 770 927 presentes
786 852 894 911 fratres
906 853 957 910 tali
969 871 1042 912 voce
1054 851 1139 910 affari
1151 852 1248 924 cepit:
1264 865 1278 918 t

96 939 195 1009 ‘Hoc,
214 941 381 998 charissimi
401 941 469 1012 mei,
489 951 614 1015 paterna
635 941 778 998 charitate
797 941 913 1014 rogati¹
931 949 1050 998 seruate
1076 940 1151 1012 [νῒ]8
1170 939 1250 996 hune

96 1027 222 1086 fidelem
241 1037 386 1100 nostrum,
401 1031 439 1086 ad
454 1031 545 1087 deum
558 1046 677 1086 meeum
690 1029 887 1102 migraturum
906 1045 1007 1084 meum
1026 1026 1115 1084 funus
1133 1036 1250 1101 presto-

97 1116 199 1183 lando,
218 1133 337 1173 mecum
355 1118 393 1174 ad
412 1117 658 1174 schireburniam
676 1117 787 1174 deferri
805 1125 834 1173 et
852 1115 974 1188 sepeliri
991 1115 1121 1183 faciatis;
1147 1125 1178 1172 vt
1200 1115 1251 1188 qui

97 1201 176 1259 mihi
193 1204 320 1261 deuotus
335 1203 366 1260 in
385 1205 519 1276 presenti
533 1205 593 1261 vita
610 1220 733 1276 semper
750 1203 812 1273 fuit,
825 1204 855 1260 in
870 1213 968 1261 morte
983 1203 1074 1260 etiam
1091 1212 1121 1259 et
1133 1203 1164 1260 in
1177 1219 1251 1275 pace

97 1289 175 1346 assit
194 1293 357 1363 perpetua!
396 1291 532 1364 Lugebat
551 1291 713 1364 plurimum
737 1290 816 1348 inter
835 1299 952 1348 ceteros
971 1292 1112 1348 sacerdos
1130 1291 1251 1363 quidam
1267 1305 1298 1344 ro

98 1386 206 1434 sancto
227 1378 340 1451 presuli
365 1379 472 1436 merito
493 1378 660 1436 sanctitatis
680 1375 835 1436 familiaris
859 1397 894 1436 ac
919 1386 1104 1436 secretorum
1129 1394 1252 1435 suorum

98 1465 249 1534 conscius,
268 1465 391 1523 nornine
410 1466 552 1525 ericus.
598 1465 653 1523 Cui
677 1474 800 1523 sanctus
820 1466 981 1540 episcopus
1006 1467 1200 1540 compatiens,
1222 1473 1253 1523 et

98 1553 188 1625 quasi
205 1554 265 1610 iam
284 1555 400 1612 solutus
418 1565 448 1612 et
467 1555 497 1611 in
511 1555 576 1612 celo
589 1555 706 1627 positus
725 1553 901 1612 fiducialiter
913 1554 1040 1627 loquens
1054 1553 1146 1610 dixit:
1166 1551 1252 1609 ‘Noli

99 1639 186 1710 llere,
204 1641 310 1713 inquit,
329 1642 421 1698 frater
439 1641 626 1712 charissime,
645 1641 714 1715 quia
731 1643 809 1698 vado
827 1643 865 1698 ad
884 1641 1025 1714 gaudium
1044 1641 1123 1698 mei⁴
1139 1640 1252 1698 domini

98 1727 236 1784 vocantis
255 1746 313 1786 me.
349 1729 475 1788 Confide
493 1729 593 1804 potius
611 1738 641 1787 et
660 1731 749 1787 crede
765 1729 836 1803 quia
853 1729 922 1786 hine
941 1746 958 1785 a
976 1728 1153 1785 duodecimo
1172 1737 1297 1796 tran-15

100 1815 179 1872 situs
192 1816 251 1873 mei
263 1834 343 1874 anno
355 1835 389 1874 ac
405 1818 557 1891 deinceps,
569 1819 744 1875 recordatus
760 1816 899 1874 dominus
914 1815 1053 1872 bonitatis
1068 1833 1123 1872 sue
1138 1815 1253 1871 miseri·

100 1903 220 1960 cordias
232 1921 303 1962 suas
316 1923 433 1963 mecum
447 1906 657 1963 miraculorum
669 1906 857 1962 attestatione
871 1904 1019 1971 ostendet,
1031 1903 1153 1976 plebem
1166 1919 1252 1960 suam

99 1990 197 2064 gratie
210 2009 264 2050 sue
277 1993 459 2050 reuelatione
471 1993 501 2050 in
513 2011 562 2050 me
573 1993 704 2050 visitabit
716 2011 723 2064 ;
736 2002 767 2049 vt
779 1994 855 2049 sicut
867 1993 906 2048 de
915 1992 1042 2048 transitu
1055 2008 1124 2047 meo
1138 1990 1252 2062 [modo]

101 2079 206 2136 dolore
218 2079 317 2137 affecti
328 2081 410 2150 estis,
423 2083 464 2137 ita
476 2090 547 2139 tunc
560 2099 694 2154 superno
707 2090 846 2154 respectu
859 2079 1032 2152 gaudeatis’
1070 2078 1138 2135 Hiis
1158 2077 1253 2149 dictis,

101 2165 227 2224 eleuatis
250 2167 282 2224 in
302 2169 399 2226 celum
421 2168 515 2226 oculis
536 2169 567 2225 in
591 2169 767 2226 admirabile
792 2167 871 2226 beati
894 2165 1040 2240 Stephani
1065 2165 1163 2239 erupit
1186 2183 1254 2239 pre·
1269 2183 1300 2220 ao

101 2253 223 2310 conium
247 2255 369 2314 dicens:
402 2256 497 2314 ‘Ecce
518 2257 605 2314 video
631 2257 713 2314 celos
736 2265 857 2330 apertos
881 2263 911 2312 et
936 2254 1058 2311 ihesum
1083 2263 1212 2312 stantem
1236 2271 1254 2311 a

101 2340 219 2398 dextris
241 2343 306 2400 dei’
345 2343 382 2401 Et
404 2344 434 2401 in
454 2344 509 2402 hac
529 2363 612 2416 voce,
633 2353 720 2402 sexto
740 2343 812 2401 Idus
830 2343 962 2412 ianuarii,
983 2341 1014 2399 in
1031 2359 1122 2399 manu
1140 2340 1254 2398 domini

102 2429 215 2486 efflauit
229 2431 367 2504 spiritum
380 2449 477 2490 suum.

590 2545 773 2609 ihm&

142 2651 235 2724 Circa
259 2665 315 2723 hos
338 2665 404 2725 dies
429 2667 574 2725 heremita
594 2668 725 2742 quidam,
745 2667 792 2724 vir
816 2668 971 2726 modestus
992 2677 1022 2725 et
1043 2677 1173 2736 sanctus,
1193 2683 1254 2725 non

103 2752 194 2826 longe
209 2771 226 2809 a
239 2755 410 2827 purgatorio
422 2755 517 2814 sancti
532 2755 649 2813 Patricii
662 2755 692 2811 in
705 2756 769 2812 loco
783 2756 902 2813 deserto
914 2756 945 2813 in
959 2755 1106 2813 Hibernia
1118 2755 1255 2828 degebat,
1269 2779 1299 2830 ²5

103 2840 137 2896 in
156 2841 241 2898 cuius
260 2842 345 2898 horto
366 2843 449 2900 omni
469 2842 533 2902 fere
551 2853 639 2900 nocte
658 2844 803 2900 demones
824 2842 979 2900 visibiliter
1000 2851 1206 2900 conuenerunt
1224 2852 1254 2906 et

104 2927 206 2984 statim
231 2937 300 3002 post
318 2929 390 2986 solis
415 2947 553 2987 occasum
573 2930 746 3004 congregati
766 2930 907 3003 placitum
929 2930 970 2986 ibi
992 2938 1160 2998 tenuerunt,
1184 2938 1255 2986 ante

104 3015 179 3073 solis
203 3025 302 3072 ortum
326 3016 397 3076 inde
421 3019 615 3089 recedentes;
641 3019 787 3075 rationem
806 3017 847 3074 ibi
867 3018 1032 3075 reddebant
1053 3016 1180 3090 principi
1199 3033 1254 3072 suo

103 3103 178 3177 quid
203 3104 273 3161 mali
298 3105 447 3162 fecerant⁶
471 3105 655 3179 decipiendo.
704 3105 846 3190 Quorum·
864 3105 1117 3163 confabulationes
1142 3102 1254 3161 audiuit

103 3190 153 3248 vir
172 3201 294 3248 sanctus
318 3192 487 3263 manifeste,
511 3203 540 3250 et
565 3211 671 3250 eorum
694 3193 805 3267 figuras
830 3193 983 3251 deformes
1004 3193 1160 3249 visibiliter
1184 3209 1254 3248 con·
1268 3205 1300 3254 30

104 3279 214 3352 spexit
251 3280 301 3336 Ad
321 3281 430 3336 ostium
450 3281 556 3339 cellule
578 3279 643 3338 eius
667 3290 880 3349 conuenerunt,
901 3282 956 3338 sed
978 3280 1118 3354 quoniam
1143 3279 1254 3336 intrare

104 3383 167 3423 non
181 3375 327 3440 poterant,
340 3368 436 3424 nudas
448 3367 490 3424 illi
503 3386 576 3442 sepe
588 3368 731 3425 mulieres
743 3369 948 3426 ostenderunt.
985 3369 1095 3441 Sicque
1109 3367 1255 3425 heremita

104 3453 158 3510 ille
176 3471 232 3528 per
244 3453 499 3512 confabulationes
513 3473 616 3512 eorum
630 3455 721 3514 vitam
734 3455 812 3512 illius
830 3455 961 3529 regionis
979 3456 1142 3513 multorum
1160 3455 1254 3513 homi-

104 3558 180 3598 num
193 3542 339 3615 cognouit.
377 3542 449 3599 Erat
462 3552 563 3601 autern
577 3544 606 3599 in
619 3545 714 3617 patria
730 3543 780 3600 illa
792 3546 935 3602 sacerdos
946 3544 1067 3618 quidam
1080 3553 1182 3601 sancte
1194 3542 1254 3602 vite

104 3638 137 3685 et
156 3629 291 3698 honeste,
305 3629 355 3703 qui
367 3630 499 3704 quotidie
518 3649 607 3688 mane
624 3648 754 3705 surgens
772 3631 950 3690 cimiterium
968 3631 1132 3690 circumiuit
1151 3641 1181 3689 et
1199 3648 1254 3704 pro
1268 3653 1299 3706 35

104 3715 264 3774 animabus
276 3715 306 3772 in
323 3716 467 3775 cimiterio
479 3718 696 3792 quiescentium
711 3729 828 3793 septem
844 3720 977 3794 psalmos
989 3721 1116 3777 deuotus
1129 3719 1253 3790 cecinit;

104 3813 188 3862 caste
209 3803 291 3874 vixit,
314 3812 344 3861 et
365 3807 452 3862 bonis
472 3807 614 3879 operibus
638 3824 671 3864 ac
693 3816 796 3864 sancte
817 3809 952 3865 doctrine
974 3808 1099 3866 sollicite
1123 3806 1254 3864 studium

104 3891 260 3964 impendit.
299 3891 451 3950 Demones
469 3895 500 3949 in
519 3893 661 3952 concilio⁶
678 3911 733 3952 suo
752 3896 928 3952 multociens
950 3894 1105 3969 conquesti
1126 3904 1196 3951 sunt
1216 3893 1255 3951 de

105 3997 143 4036 eo
156 3980 236 4051 quod
245 3997 263 4036 a
272 3979 425 4053 proposito
433 3981 533 4038 nullus
544 3999 647 4038 eorum
657 3982 757 4054 ipsum
765 3983 885 4040 flectere
893 3991 1005 4056 posset.
1028 3979 1254 4056 increpa[ba]t⁷

106 4066 251 4124 satellites
271 4083 343 4124 suos
363 4067 507 4141 princeps
526 4087 630 4126 eorum
652 4071 731 4144 quod
756 4079 816 4128 tam
837 4070 887 4127 diu
912 4070 1064 4143 presbiter
1081 4067 1254 4126 inflexibilis
1268 4091 1301 4140 40

106 4154 297 4229 perstitisset
335 4154 373 4212 Et
394 4157 542 4214 accedens
561 4175 639 4214 vnus
661 4175 766 4216 eorum
781 4158 874 4216 dixit:
903 4158 983 4232 ‘Ego
1005 4157 1153 4232 decipiam
1175 4174 1255 4230 eum,

139 4292 195 4344 ¹L.
207 4309 317 4359 qaenam
377 4293 544 4359 'Esogata
605 4297 683 4348 ⁸out.
695 4299 722 4348 in
736 4297 780 4356 E.;
798 4298 892 4347 Lansd.
904 4298 1029 4360 quatinus
1090 4296 1147 4348 ⁴13.
1158 4295 1255 4347 domini

107 4361 167 4412 mei.
242 4361 298 4411 ⁵T.
312 4361 437 4414 fecerunt.
504 4362 557 4414 ⁸2.
570 4363 687 4416 consilio.
751 4361 808 4414 lli.
821 4364 943 4428 increpat.
