3008 4904
422 363 498 457 De
523 362 687 452 sancto
712 367 866 455 tuoto.
1147 396 1217 466 213

63 548 103 603 ab
118 547 175 604 hac
194 547 255 604 uita
272 546 338 604 sine
354 565 427 605 uera
443 550 612 622 penitencia
630 561 660 608 et
678 561 869 625 peccatorum
887 569 1011 611 suorum
1027 553 1217 612 confessione

63 652 136 691 eum
148 635 278 708 migrare
288 652 348 692 non
357 637 552 709 permitteret.
568 639 699 713 Contigit
707 657 780 712 ergo
790 648 821 696 ut
832 640 861 696 in
870 640 1012 714 Angliam
1020 641 1217 714 proficiscens

63 723 255 796 naufragium
267 732 428 796 pateretur.
456 724 591 799 Cumque
601 745 707 784 omnes
714 727 839 784 comites
847 745 918 784 suos
928 726 1036 786 fluctus
1049 727 1218 786 inuolueret

64 811 107 879 (et
127 809 195 882 ipse
209 811 340 883 quoque)
353 812 486 868 marinos
499 823 672 871 uersaretur
684 815 715 870 in
729 815 845 885 fluctus,
860 814 986 872 Mariam
1007 814 1215 890 Magdalenam

62 897 229 954 deuocione
249 915 309 970 qua
326 898 421 971 potuit
439 899 614 959 inuocabat:
645 901 697 972 (et)
720 920 790 958 ecce
812 902 920 959 mulier
939 903 1069 976 quedam
1086 903 1245 976 formosa5

61 987 222 1041 dexteram
234 984 312 1041 illius
325 985 443 1056 (tenuiit
455 995 486 1044 et
497 1004 553 1060 per
565 989 704 1046 undecim
718 989 813 1046 stadia
825 1007 921 1063 usque
934 990 971 1046 ad
985 990 1080 1064 ripam
1094 991 1145 1064 (ex
1157 1009 1217 1065 qua

59 1073 222 1145 ingressus
237 1071 345 1143 fuerat)
364 1091 433 1130 eum
453 1075 601 1147 perduxit
639 1076 676 1132 Et
695 1077 800 1133 decem
821 1085 937 1133 tantum
957 1077 1064 1135 diebus
1084 1077 1161 1136 sicut
1178 1080 1216 1135 ab

60 1160 184 1230 ealdem
203 1159 260 1216 sibi
278 1161 520 1233 prenunc)iatum
538 1162 634 1220 fuerat
649 1163 764 1234 uiuens,
783 1181 896 1234 ueram,
911 1167 987 1222 sicut
1004 1166 1216 1239 postulauerat,

60 1247 265 1320 penitenciam
278 1247 400 1321 accepit,
413 1257 443 1306 et
455 1259 523 1324 post
535 1249 591 1308 hec
603 1253 642 1308 ad
654 1251 810 1308 dominum
824 1251 983 1326 migrauit]

233 1538 259 1600 il
279 1525 334 1596 Dr:
352 1553 468 1597 sancto
489 1525 604 1598 Naoro
621 1557 741 1598 assare
761 1557 798 1597 nr
816 1557 1008 1598 consessores
1015 1541 1033 1598 ¹.

66 1674 181 1805 REx
205 1676 326 1748 quidam
351 1675 425 1734 suit²
444 1677 680 1735 Occidentalium
705 1678 873 1752 Anglorum
899 1695 933 1735 ac
957 1677 1069 1736 Cancie
1094 1677 1216 1734 nomine
1231 1705 1262 1742 10

169 1762 389 1836 E[l]dulphus⁸,
398 1767 517 1838 egregie
531 1765 626 1839 magis
638 1766 807 1823 liberalitati
820 1767 946 1823 studens
959 1783 1050 1838 quam
1063 1767 1216 1822 mundane

60 1849 202 1908 seruiens
233 1851 393 1924 cupiditati
453 1850 548 1909 Multa
572 1855 652 1911 enim
678 1855 716 1911 de
741 1853 931 1911 facultatibus
961 1853 1095 1910 ecclesiis
1126 1862 1216 1926 atque

59 1938 247 2010 pauperibus
265 1939 431 2013 errogabat,
450 1940 566 1997 cunetis
586 1941 742 1998 ecclesiam
764 1940 1007 2014 obpugnantibus
1026 1949 1144 1996 scutum
1164 1940 1216 1996 de-

59 2025 208 2082 fensionis
235 2025 329 2082 libere
359 2028 538 2100 opponebat.
587 2027 735 2084 Dominus
765 2038 875 2100 autem,
901 2045 969 2085 cum
997 2027 1035 2084 sit
1066 2027 1215 2098 excelsus,

59 2113 186 2168 humilia
205 2113 372 2186 respiciens
388 2123 418 2170 et
437 2115 496 2170 alta
517 2115 642 2188 alonge
661 2133 855 2188 cognoscens,
874 2116 939 2172 eius
961 2131 1054 2188 opera
1072 2115 1215 2188 respexit,
1231 2145 1260 2194 15

59 2200 149 2273 eique
169 2200 266 2256 filium
286 2201 368 2258 dedit
387 2201 509 2259 nomine
529 2202 666 2259 Neotum.
705 2203 763 2260 Hic
782 2204 882 2276 itaque
902 2203 1017 2260 Neotus
1034 2201 1127 2276 regali
1146 2219 1215 2274 pro·

58 2289 145 2360 sapia
157 2297 251 2357 ortus,
263 2289 422 2344 transactis
434 2289 557 2346 infantie
569 2290 658 2346 annis
673 2290 768 2347 literis
784 2307 818 2346 ac
834 2291 966 2347 moribus
984 2289 1110 2347 traditur
1125 2288 1215 2346 infor-

59 2376 200 2432 mandus.
238 2375 307 2432 Non
325 2375 406 2432 enim
425 2393 442 2432 a
461 2377 569 2434 studiis
586 2377 729 2434 virtutum
748 2377 918 2450 diuinisque
930 2377 1097 2451 disciplinis
1115 2376 1215 2433 carnis

58 2464 227 2531 delectatio,
252 2481 312 2519 non
337 2463 501 2536 petulantia
526 2465 574 2522 vel
595 2465 705 2521 mentis
730 2465 828 2535 elatio,
853 2483 913 2522 non
938 2481 1048 2538 pompe
1072 2463 1216 2522 secularis

58 2552 223 2608 reuocabat
242 2550 372 2608 ambitio.
410 2551 545 2608 Nitorem
565 2561 596 2608 et
615 2552 741 2624 gloriam
762 2553 892 2610 vestium
913 2552 1126 2625 preciosarum,
1151 2569 1214 2608 om·
1229 2581 1260 2617 20

59 2656 193 2713 nemque
215 2638 319 2694 luxum
339 2637 459 2711 penitus
480 2639 670 2697 abhorrebat.
706 2640 783 2697 Cum
804 2639 886 2696 enim
906 2640 1049 2696 militares
1068 2639 1215 2712 tetigisset

57 2745 164 2798 annos,
182 2725 309 2782 seculari
326 2725 450 2782 militie*
466 2726 614 2799 implicari
634 2726 736 2798 noluit,
755 2729 811 2784 sed
831 2727 930 2800 potius
945 2726 1151 2799 temporaliter
1163 2727 1215 2783 eli-

56 2813 155 2888 gens⁶
173 2814 309 2870 abiectus
328 2831 397 2870 esse
417 2813 448 2869 in
468 2815 558 2870 domo
573 2814 622 2870 dei
641 2814 688 2871 sui
701 2832 791 2887 quam
808 2816 840 2871 in
857 2816 940 2886 regio
958 2813 1077 2887 gloriari
1095 2813 1214 2885 palatio,

55 2903 87 2958 in
107 2901 305 2976 glastoniensi
325 2901 451 2958 cenobio
465 2902 631 2960 monachus
648 2903 705 2958 sub
719 2901 877 2959 Dunstano
890 2901 997 2958 abbate
1014 2900 1140 2957 effectus
1158 2909 1214 2957 est.

58 2991 107 3046 Ad
122 2999 208 3046 tante
219 2988 373 3061 religionis
389 2989 421 3045 in
438 2988 523 3045 breui
543 2987 694 3062 fastigium
714 2989 859 3059 ascendit,
872 2990 952 3062 quod
970 2988 1043 3044 nihil
1056 2987 1084 3044 ei
1096 2987 1214 3044 virtutis
1229 3009 1257 3057 ²5

57 3087 86 3135 et
106 3077 203 3150 gratie
225 3077 333 3133 deesse
353 3077 535 3133 crederetur.
585 3075 768 3133 ieiuniorum
786 3077 867 3134 enim
886 3085 917 3132 et
938 3073 1141 3148 parsimonie⁸
1160 3076 1213 3130 ob·

56 3163 239 3234 seruatione,
252 3162 367 3236 vigiliis,
380 3171 411 3219 et
424 3163 606 3220 orationibus
625 3164 763 3237 spiritum
782 3165 942 3221 roborabat
954 3173 984 3220 et
997 3163 1095 3219 carnis
1109 3179 1214 3234 super·

57 3253 138 3310 biam
158 3252 325 3308 edomabat
363 3249 540 3308 Sitientibus
552 3252 637 3308 verbi
649 3251 698 3308 dei
711 3253 817 3325 pocula
830 3251 1015 3325 propinabat,
1028 3251 1066 3306 ab
1079 3249 1213 3306 obsessis

58 3340 236 3414 corporibus
253 3340 399 3396 demones
418 3337 546 3412 fugabat,
558 3339 706 3412 languidis
723 3340 931 3412 debilibusque
945 3338 1094 3394 medelam
1107 3337 1213 3394 salutis

58 3428 239 3484 conferebat.
277 3426 458 3484 cateruatim
471 3429 558 3484 turbe
565 3429 603 3485 ad
612 3444 682 3484 eum
691 3427 890 3498 confluebant,
898 3426 948 3483 alii
957 3425 1153 3499 corporalem,
1162 3425 1213 3482 alii
1226 3447 1257 3498 ³0

57 3514 244 3588 spiritualem
257 3515 440 3572 curationem
454 3513 631 3588 flagitantes.
670 3514 741 3571 Erat
750 3524 850 3571 autem
862 3513 1022 3571 virtutibus
1034 3521 1064 3570 et
1077 3512 1213 3571 moribus

58 3604 196 3672 ‘clarus'
207 3599 309 3676 lingua
321 3601 475 3670 facundus,
488 3604 580 3660 verbo
593 3603 749 3672 discretus,
762 3601 887 3660 scientia
899 3599 1062 3672 laudabilis,
1075 3599 1212 3657 doctrina

58 3689 212 3760 mirabilis,
225 3687 367 3746 consiliol
382 3689 470 3758 vtilis,
484 3699 513 3746 et
525 3689 665 3747 omnibus
677 3689 772 3746 factus
785 3689 940 3760 amabilis3
960 3697 1084 3761 aspectu
1100 3688 1210 3760 angeli·

58 3795 120 3848 cus,
133 3779 189 3836 sed
206 3777 341 3850 corporis
353 3776 498 3834 breuitate
515 3777 589 3835 alter
603 3777 740 3835 Zacheus
750 3779 769 3834 ⁸.
806 3777 944 3834 Scabello
963 3793 1093 3849 namque
1112 3774 1211 3832 ferreo

58 3865 216 3939 supposito
237 3865 347 3922 missas
366 3865 538 3924 celebrauit.
575 3853 604 3922 F
605 3875 689 3922 actus
710 3874 810 3922 autem
831 3863 982 3933 sacrista⁹,
998 3881 1065 3920 cum
1087 3862 1209 3936 quidam
1223 3885 1254 3934 35

91 4031 99 4060 ¹
115 4031 251 4092 Abridged
268 4031 334 4079 from
351 4030 396 4079 the
409 4029 469 4078 Vita
486 4029 513 4078 in
532 4029 587 4080 tts.
605 4031 694 4080 Claud
708 4031 739 4080 Α
753 4030 795 4091 V.,
807 4032 856 4094 ed,
873 4031 939 4080 from
956 4045 972 4080 a
990 4029 1045 4080 MS.
1063 4028 1094 4078 of
1107 4028 1168 4078 Bec.
1181 4029 1209 4078 in

60 4095 183 4145 llabillon
203 4096 245 4145 lV.
262 4096 287 4146 ii.
303 4111 362 4158 337,
375 4095 406 4144 Α
421 4096 472 4144 SS.
489 4095 555 4144 Boll.
571 4097 623 4156 Jul.
635 4095 694 4146 Vll.
712 4112 769 4159 330·
802 4097 872 4159 (The
895 4097 981 4146 oldest
1000 4094 1045 4145 lite
1062 4095 1136 4143 isan
1153 4110 1207 4156 aga.

59 4169 113 4210 text
126 4163 153 4209 in
167 4161 221 4211 tts.
230 4161 309 4223 Vesp.
325 4161 356 4209 D.
370 4159 448 4221 x1v.,
461 4161 502 4210 ed.
516 4161 543 4208 in
554 4161 669 4211 Gorhanr
681 4163 786 4225 Antiqu.
799 4162 829 4211 of
841 4161 996 4224 Eynesbury
1006 4162 1058 4210 and
1070 4159 1097 4210 S.
1109 4159 1207 4222 Neot's,

60 4225 177 4286 Londou,
190 4229 306 4290 ibeo-4).
340 4225 396 4274 Tne
407 4226 570 4276 Translation
583 4227 604 4276 is
615 4228 708 4278 added.
774 4227 784 4256 ¹
799 4228 828 4278 T.
843 4229 901 4277 Fuit
912 4228 1014 4290 quidam
1029 4241 1083 4276 rex.
1151 4225 1207 4275 Ἐ

59 4292 201 4354 edulpbua;
216 4292 246 4343 T.
261 4292 404 4356 eldulphus.
470 4292 481 4323 ⁴
498 4291 549 4344 Vit.
562 4293 658 4344 militia.
731 4294 741 4324 ⁵
756 4309 787 4342 so
798 4294 842 4355 T.;
854 4293 883 4344 E
896 4295 995 4356 eligens
1008 4299 1086 4354 temp.
1099 4289 1208 4352 eligens.

58 4354 293 4471 ‘FAEparcimonia
390 4355 466 4408 'vic
480 4359 506 4407 in
518 4373 539 4410 c.
638 4359 649 4388 ⁸
666 4359 695 4410 E.
707 4361 829 4412 zacheus.
924 4357 1002 4411 ’Vit.
1013 4356 1168 4408 secretarius
1180 4378 1203 4400 -

58 4436 88 4472 ae
108 4423 181 4476 'tuus
