3036 4878
252 313 326 401 ⁶9⁶
674 301 877 404 mesano
904 307 979 382 111.

251 507 386 579 temporis
410 506 486 564 aliud
511 505 540 562 in
564 505 670 578 Anglia
694 523 753 564 non
782 505 984 570 intreniebatur.
1008 506 1054 562 dei
1078 507 1224 562 uoluntate
1250 507 1309 562 sub
1337 517 1412 563 terra

251 595 394 652 dmomum
415 595 560 650 inueniret.
595 595 679 650 Vnde
700 593 792 666 primo
813 594 1002 664 dubitasset
1023 595 1182 665 sompnium
1202 595 1340 664 credens,
1362 596 1415 649 iter

251 677 367 745 distulit,
385 679 451 749 quia
470 677 506 733 de
526 675 667 749 promisso
686 677 812 733 nondum
831 687 923 733 certus
942 676 1042 734 estitit.
1080 677 1213 749 Sequenti
1233 695 1305 733 uero
1325 691 1415 732 nocte

250 761 342 818 eidem
356 771 421 816 ante
434 761 611 831 sepulchrum
628 759 731 816 iacenti
743 777 799 816 uox
811 760 913 816 similia
925 759 1083 832 precipiens
1095 759 1235 816 insonuit:
1257 763 1324 826 sed,
1338 761 1417 816 sient

224 843 337 915 5prins,
357 843 442 900 itaet
463 855 529 900 tunc
551 843 653 900 dubius
675 843 780 900 ibidem
802 843 964 915 permansit,
982 860 1036 900 nec
1057 844 1149 900 minas
1170 843 1196 899 ei
1218 843 1314 898 lamas
1340 844 1417 898 satis

252 927 381 998 expauit;
406 925 556 998 pecuniam
574 937 670 982 tamen
688 927 774 998 precii
792 927 888 997 magni
903 927 957 983 sibi
973 926 1098 998 promitti
1117 927 1235 998 putauit.
1274 927 1315 981 Et
1336 927 1417 989 ideo,

252 1011 319 1082 quia
339 1009 378 1066 ibi
401 1011 510 1066 diucius
531 1010 716 1081 perendinare
737 1009 892 1082 proposuit,
911 1027 963 1082 pro
981 1009 1094 1066 mcertis
1115 1010 1168 1066 iter
1185 1009 1271 1066 citius
1287 1009 1417 1079 aggredi

252 1093 350 1150 noluit.
387 1093 443 1149 Dei
457 1109 525 1148 uero
541 1093 715 1149 uoluntatem
730 1109 765 1148 ex
784 1094 868 1150 corde
886 1094 1050 1166 perquirens
1067 1093 1177 1164 rogauit
1194 1093 1317 1149 sollicite
1336 1104 1371 1148 nt
1390 1093 1417 1146 si

253 1195 287 1234 er
308 1177 452 1233 uoluntate
473 1175 570 1232 diuina
590 1175 737 1248 responsio
760 1176 808 1232 illa
831 1177 1005 1247 procederet,
1024 1177 1111 1232 tercio
1135 1175 1161 1232 ei
1183 1177 1341 1248 promissio
1365 1177 1420 1230 illa

209 1278 241 1315 ιο
254 1261 341 1316 fieret.
383 1259 485 1316 Tereia
516 1260 611 1332 itaque
638 1269 722 1316 nocte
747 1260 773 1316 ei
803 1259 949 1318 uisibiliter
976 1261 1093 1330 angelus
1117 1259 1254 1330 apparuit,
1284 1275 1420 1330 eumque
1499 1326 1500 1338 χ

252 1343 367 1400 nomine
386 1359 437 1398 suo
453 1343 649 1398 Ethelbertunr
664 1341 786 1410 uocauit,
799 1343 892 1398 minas
909 1343 1001 1398 intulit
1019 1355 1048 1398 et
1068 1359 1119 1415 pro
1139 1342 1340 1397 incredulitate
1360 1357 1418 1396 sua
1499 1341 1500 1356 ¹

252 1427 346 1482 taliter
370 1425 542 1494 increpauit:
569 1425 692 1497 ‘thuid
713 1425 759 1480 dei
782 1425 935 1482 iussionem
957 1427 1082 1482 secundo
1099 1426 1150 1482 tibi
1169 1425 1325 1481 exhibitam
1351 1441 1416 1479 non

253 1508 394 1580 implesti?
429 1508 538 1578 thuid
554 1508 616 1562 uoci
635 1525 697 1564 mee
714 1509 851 1566 hactenus
866 1509 982 1564 credere
998 1509 1181 1565 detrectasti?
1217 1510 1310 1578 Perge
1323 1509 1417 1562 uelox

252 1593 291 1647 ad
309 1590 436 1662 patriam,
454 1601 492 1656 et,
511 1601 542 1646 ut
563 1591 614 1647 tibi
636 1591 752 1662 predixi,
771 1593 864 1648 locum
884 1608 969 1664 quere
988 1593 1136 1663 prelatum,
1157 1591 1251 1663 ibique
1274 1593 1415 1646 arborem

209 1693 239 1746 1⁵
253 1674 348 1731 salicis
378 1691 480 1742 magne
509 1674 646 1742 inuenies,
670 1684 698 1730 et
727 1677 781 1732 sub
807 1675 917 1730 arboris
947 1675 1042 1731 radice
1069 1676 1247 1747 sepulchrum
1275 1673 1416 1746 precioso

253 1759 385 1814 thesauro
409 1757 484 1812 intus
507 1759 672 1813 decoratum
693 1757 820 1827 effodies,
843 1759 871 1814 in
893 1775 950 1830 quo
971 1775 1073 1830 corpus
1093 1758 1262 1814 sanctissimi
1284 1757 1416 1812 martiris

254 1841 407 1898 Frernundi
425 1858 476 1911 pro
494 1839 609 1897 Christo
627 1841 790 1898 innocenter
807 1841 892 1898 occisi
914 1842 1056 1912 reperies;
1075 1852 1104 1897 et
1123 1854 1152 1898 ut
1170 1841 1304 1912 promissi
1323 1841 1415 1896 buius

254 1935 347 1980 certus
371 1923 482 1992 existas,
507 1924 560 1980 sub
584 1924 711 1980 eiusdem
736 1925 859 1980 martiris
884 1925 1032 1996 sepulchro
1056 1925 1206 1996 scropham
1230 1941 1318 1979 vnam
1342 1941 1413 1980 cnm
1500 1923 1501 1954 ³

254 2007 406 2064 tresdecim
430 2007 534 2062 letibus
559 2006 695 2073 inuenies,
720 2025 772 2063 nec
800 2018 896 2064 tamen
925 2009 1025 2064 horum
1050 2008 1205 2078 ingressum
1229 2008 1275 2062 uel
1300 2007 1412 2062 exitum

211 2109 242 2147 πο
255 2091 384 2162 reperies.
421 2091 496 2159 Quia
513 2107 580 2146 uero
598 2091 776 2162 promissioni
795 2107 858 2146 mee
878 2091 1037 2146 incredulus
1055 2091 1192 2146 hactenus
1210 2089 1336 2158 extitisti,
1354 2105 1412 2144 nec

255 2173 392 2229 uoluntati
410 2173 508 2228 dinine
522 2173 636 2229 obedire
653 2173 775 2243 uoluisti,
792 2175 867 2230 hanc
885 2173 1079 2230 inobediencie
1094 2183 1142 2230 tue
1158 2189 1261 2244 penam
1277 2171 1410 2242 recipies,

255 2268 283 2315 et
305 2274 356 2328 per
374 2257 499 2328 corporis
521 2259 650 2328 penalem
669 2257 838 2313 sententiam
860 2257 987 2327 angelico
1008 2257 1107 2313 iterum
1128 2256 1241 2312 oraculo
1261 2273 1319 2310 non
1338 2271 1410 2310 oon·

255 2341 340 2396 traire
353 2340 455 2396 talibus
471 2341 641 2396 ammonitus
660 2339 785 2396 disoer’:
808 2341 856 2396 Ad
870 2358 934 2396 eum
952 2341 1031 2412 qussi
1048 2341 1135 2396 iratus
1152 2341 1280 2407 accessit,
1298 2339 1409 2394 brachii

255 2423 343 2479 dextri
357 2421 511 2478 iuncturam
524 2442 542 2479 a
560 2423 675 2494 scapula
691 2423 827 2480 diuellens
843 2424 979 2493 distraxit,
992 2433 1021 2479 et
1037 2422 1127 2494 ipsam
1145 2423 1205 2479 eius
1222 2424 1352 2478 dextram
1369 2423 1407 2478 ad

211 2527 241 2578 ²⁵
255 2505 330 2562 dorsi
355 2507 466 2576 spinam
490 2506 632 2576 distorsit3
667 2523 721 2561 nec
743 2517 809 2564 ante
834 2507 957 2578 oorporis
982 2507 1101 2563 salutm
1125 2523 1296 2577 recuperare,
1322 2522 1408 2576 quam

256 2589 343 2660 ipsius
362 2589 484 2644 rnartiris
502 2605 602 2660 corpus
622 2589 766 2656 inueniret,
778 2599 806 2646 et
825 2589 912 2646 etiam
930 2607 981 2661 per
999 2588 1086 2661 ipsius
1104 2589 1238 2659 suffragia
1254 2599 1408 2656 curaretur,

256 2670 381 2726 ueritatis
405 2671 524 2727 nuncius
548 2673 727 2728 asseuerauit
765 2672 831 2728 Hiis
855 2673 941 2730 etiam
962 2673 1016 2728 ista
1039 2673 1149 2728 addidit
1169 2683 1198 2728 et
1222 2673 1259 2728 ad
1284 2673 1408 2728 nrartiris

257 2755 375 2826 insignis
392 2757 492 2812 merita
506 2758 686 2826 declaranda,
705 2759 817 2828 magnis
836 2758 944 2814 maiora
961 2757 1082 2814 adiecit:
1103 2758 1152 2812 Ait
1168 2755 1261 2812 enim:
1282 2758 1409 2812 ‘Omnes

257 2839 304 2912 qui
318 2841 355 2894 ad
367 2839 473 2895 domini
487 2841 599 2896 laudem
612 2841 695 2896 huius
708 2841 829 2896 martiris
846 2840 936 2896 sancti
949 2857 979 2896 se
995 2841 1125 2910 precibus
1140 2839 1408 2907 commendauerint,

213 2945 246 2996 ³0
258 2934 286 2980 et
305 2923 333 2978 in
352 2923 411 2978 eius
429 2923 565 2994 obsequio
582 2924 751 2979 celebrando
771 2923 865 2980 deuoti
885 2923 1032 2992 extiterint,
1049 2942 1068 2978 a
1085 2923 1201 2979 domino
1216 2922 1298 2978 huius
1317 2922 1410 2977 sancti

258 3006 380 3062 martiris
400 3007 529 3076 precibus
550 3006 658 3075 premia
678 3005 787 3062 meritis
808 3006 947 3076 condigna
966 3005 1126 3076 suscipient,
1147 3015 1178 3061 et
1198 3023 1230 3061 se
1250 3005 1410 3060 sanctitatis

259 3089 364 3144 meritis
389 3090 541 3160 proiecisse
563 3089 734 3159 intelligent.¹
770 3089 888 3146 Talibus
911 3089 1090 3156 ammonitus,
1110 3098 1139 3144 et
1159 3089 1287 3159 eorporis
1311 3088 1410 3143 dolore

259 3173 433 3240 constrictus,
446 3172 573 3243 angelico
585 3171 717 3227 uaticinio
729 3172 783 3228 hiis
796 3173 903 3228 cercior
913 3171 1037 3238 effectus,
1050 3173 1087 3227 ab
1099 3173 1167 3228 urbe
1181 3170 1410 3227 ierosolimorum

260 3272 310 3326 spe
324 3265 415 3311 certus
428 3255 568 3324 egreditur
576 3255 594 3322 ¹,
606 3265 634 3310 et
646 3254 684 3310 ad
697 3253 851 3325 apostolice
864 3255 940 3311 sedis
957 3271 1099 3310 summum
1117 3255 1259 3325 presulem
1277 3255 1410 3310 festinare

214 3359 245 3411 3⁵
259 3353 384 3398 conatur.
420 3343 467 3398 Ad
487 3343 547 3398 eius
567 3342 745 3398 discretionis
762 3343 965 3411 auctoritatem,
982 3359 1036 3414 que
1054 3343 1080 3398 ei
1095 3342 1228 3398 diuinitus
1245 3353 1410 3414 preostenso

258 3426 368 3481 fuerant
386 3426 487 3481 relerre
502 3426 655 3494 contendit,
672 3435 700 3482 et
717 3442 772 3496 que
788 3426 850 3496 ipse
866 3427 978 3496 agenda
996 3427 1202 3497 approbauerit‚
1214 3425 1275 3482 eius
1292 3424 1411 3480 consilio

258 3507 387 3564 uniuersa
403 3507 554 3565 terminare
569 3509 701 3580 disponit.
738 3510 802 3580 Quo
818 3509 993 3580 perueniens,
1005 3527 1041 3564 ex
1057 3509 1155 3566 ordine
1168 3509 1280 3578 singola
1292 3509 1409 3579 pandit:

259 3591 376 3648 miratur
393 3593 488 3662 presul
505 3593 543 3647 ad
566 3592 671 3648 Christi
686 3609 772 3664 opera
793 3593 923 3648 miranda
938 3610 995 3664 que
1008 3595 1095 3661 audit,
1113 3593 1142 3647 in
1157 3592 1333 3648 mirabilibus
1353 3592 1410 3648 suis

259 3677 345 3732 deum
369 3674 526 3743 collaudat;
554 3685 582 3731 et
606 3674 766 3732 huiusmodi
791 3675 909 3733 consilia
932 3677 958 3731 ei
982 3694 1017 3732 ex
1040 3677 1150 3732 racione
1178 3676 1324 3747 prebenda
1348 3693 1410 3746 per·

214 3785 248 3837 4⁰
260 3768 379 3814 tractat:
399 3757 505 3826 ‘Vade,
518 3757 617 3830 inquit,
631 3758 660 3813 in
677 3758 797 3829 patriam
814 3769 842 3814 et
859 3776 914 3830 que
932 3759 982 3814 tibi
1000 3769 1162 3828 preostensa
1179 3767 1245 3813 sunt
1262 3759 1412 3829 diligenter

260 3841 381 3914 inquire;
408 3852 436 3897 et
455 3840 477 3896 si
496 3840 542 3896 dei
560 3841 682 3911 gratuita
704 3841 830 3897 bonitate
850 3842 891 3898 ita
912 3859 975 3898 esse
997 3842 1145 3911 inueneris,
1164 3841 1338 3913 parochiano
1357 3841 1411 3897 loci

260 3925 334 3980 illius
353 3923 486 3996 episcopo
507 3924 662 3980 litterarum
683 3942 809 3981 mearum
831 3925 958 3996 apicibus
981 3926 1124 3981 annotatis
1145 3936 1173 3980 et
1194 3935 1288 3980 tecum
1311 3925 1411 3980 delatis

261 4007 370 4062 iubebis
391 4016 421 4062 ut
442 4006 563 4063 martiris
585 4008 765 4079 sepulchrum
785 4009 821 4062 de
843 4019 918 4064 terra
938 4009 1038 4076 eleuet,
1056 4017 1086 4064 et
1106 4007 1226 4079 proximi
1248 4007 1410 4063 monasterii

259 4093 322 4144 loco
333 4099 401 4160 apto
418 4099 578 4161 componat,
591 4108 736 4163 quousque
751 4091 789 4146 ad
805 4107 858 4146 nos
877 4090 972 4146 ueniat
990 4101 1018 4146 et
1034 4091 1074 4148 rei
1096 4091 1242 4146 ueritatem
1262 4109 1297 4147 eu
1314 4091 1410 4146 ordine

214 4191 246 4241 45
260 4173 384 4244 pandat.’
423 4173 622 4230 Benedictione
637 4175 719 4244 igitur
734 4185 866 4244 percepta
884 4175 921 4228 ad
939 4173 1060 4245 patriam
1076 4175 1183 4245 pergin
1202 4176 1296 4230 locum
1308 4175 1408 4229 diutim

260 4271 391 4324 querens,
405 4254 511 4312 itineris
522 4257 696 4327 longitudine
709 4258 836 4314 defessus
854 4259 971 4314 tandem
990 4258 1106 4330 inuenit,
1118 4269 1147 4315 et
1161 4258 1217 4315 deo
1234 4258 1343 4315 ductori
1361 4273 1408 4313 suo

713 4359 722 4390 ²
740 4360 794 4412 us
806 4361 956 4426 rggrmrm.
