3052 4896
427 293 512 388 ,De
536 291 701 382 &tutto
726 292 943 383 tulatuu.
1188 310 1259 400 5²5

104 500 233 567 valeret,
248 493 445 554 Lamsrancus
458 493 589 554 nouitate
602 493 737 552 miraculi
755 491 941 568 stupefactus
952 510 1012 551 vna
1025 509 1093 550 cum
1111 491 1262 566 episcopis

106 597 143 647 et
164 604 236 660 rege
253 587 292 641 ad
310 583 456 640 tumulum
475 600 651 656 properans,
670 582 747 640 sacta
768 581 900 638 oratione
922 599 1045 639 manum
1062 581 1204 638 inuanum
1223 581 1261 638 ad

107 675 280 734 eruendum
302 672 441 730 baculum
463 672 610 745 apposuit
655 671 812 728 Exclamat
833 688 897 740 rex,
917 679 982 726 orat
1005 669 1147 744 pontifex,
1170 677 1200 726 et
1224 670 1262 726 ad

107 772 249 822 sanctum
267 759 325 818 ait:
344 759 442 818 ‘Vere
461 759 557 816 iustus
575 758 731 827 dominus;
750 767 781 814 et
799 775 867 815 cum
881 757 1066 831 simplicibus
1078 758 1219 831 graditur,
1232 766 1262 815 et

107 867 181 908 cum
202 847 364 905 humilibus
382 863 483 906 sermo
508 846 583 904 eius.
629 847 736 903 Derisa
754 855 837 904 esta
856 845 951 915 nobis,
970 845 1068 915 irater,
1087 853 1137 902 tua
1156 854 1290 924 sanctas

109 937 296 1012 simplicitas,
316 936 370 992 sed
391 935 494 992 eduxit
518 933 604 1007 quasi
625 934 727 991 lumen
748 933 894 991 iusticiam
919 942 1020 990 tuam:
1050 932 1161 990 errauit
1181 933 1211 989 in
1232 941 1262 990 te

109 1025 256 1082 iudicium
270 1032 414 1091 nostrum,
427 1031 457 1079 et
470 1021 691 1096 simplicitatem
703 1031 785 1078 tuam
798 1023 856 1078 deo
871 1029 986 1093 gratam
999 1020 1138 1077 omnibus
1151 1037 1261 1093 propa·

109 1112 193 1170 lauit.
229 1110 412 1168 Auctoritate
432 1110 559 1184 proinde
578 1127 637 1182 qua
656 1108 817 1182 fungimur,
838 1108 930 1166 immo
950 1108 1052 1166 diuino
1070 1107 1178 1166 iudicio
1199 1127 1260 1182 quo

110 1199 328 1266 conuincimur‚
347 1215 449 1254 curam
471 1215 530 1271 qua
550 1207 580 1254 te
601 1197 799 1255 inconsultius
815 1195 964 1266 exuimus,
981 1196 1089 1254 iterum
1108 1197 1161 1253 tibi
1179 1214 1261 1254 com-

110 1287 261 1346 mittimus
273 1296 304 1344 et
316 1285 517 1359 imponimus?
556 1285 610 1343 Ille
624 1295 725 1343 autem
743 1285 1013 1358 impossibilitatem
1031 1303 1126 1357 suam,
1139 1296 1169 1343 et
1183 1305 1260 1344 onus
1279 1304 1310 1342 ιο

110 1393 206 1448 supra
224 1373 304 1432 vires
325 1374 518 1448 pretendens,
537 1373 644 1431 asserit
665 1373 695 1430 in
717 1375 782 1430 loco
804 1383 908 1432 sancto
931 1373 1102 1431 ministrum
1122 1385 1258 1433 sanctum

111 1463 315 1522 statuendum.
358 1460 462 1518 Victus
481 1463 603 1518 tandem
625 1478 750 1534 precum
770 1461 918 1532 instantia,
939 1479 1040 1520 coram
1060 1462 1199 1520 omnibus
1224 1464 1263 1520 ad

111 1550 308 1623 sepulchrum
331 1548 467 1617 accessit,
491 1549 606 1622 virgam
630 1566 721 1606 manu
745 1550 859 1623 tetigit:
890 1557 920 1607 et
948 1567 1019 1606 mox
1044 1566 1167 1608 manum
1193 1550 1260 1608 eius

111 1646 249 1711 sequuta,
267 1654 302 1694 ac
324 1635 350 1693 si
367 1636 399 1693 in
422 1637 503 1693 molli
521 1637 584 1693 luto
603 1635 709 1694 fuisset
729 1637 879 1712 impressa
900 1637 1016 1696 desiliit.
1064 1637 1261 1695 Lamsrancus

113 1743 187 1798 ergo
209 1726 247 1782 ad
272 1725 366 1798 pedes
386 1723 452 1781 eius
473 1724 659 1798 prouolutus‚
678 1725 787 1783 fatetur
806 1726 957 1790 delictum,
976 1725 1095 1782 veniam
1115 1725 1262 1798 implorat,
1279 1739 1308 1790 15

112 1813 219 1870 dicens
232 1812 453 1886 simplicitatem
466 1811 532 1869 eius
546 1814 604 1870 deo
622 1821 777 1885 acceptam
795 1823 825 1869 et
840 1813 1066 1886 beneplacitam,
1079 1813 1129 1887 qui
1142 1814 1263 1886 sapien·

111 1901 186 1959 tiam
209 1901 297 1957 huius
317 1899 421 1956 mundi
439 1899 560 1958 stultam
581 1899 658 1969 iacit,
679 1910 711 1956 vt
730 1900 817 1957 fortia
838 1901 1000 1958 confundat
1020 1909 1050 1957 et
1068 1901 1195 1974 gratiam
1216 1902 1259 1959 in·

112 1987 219 2046 fundat
237 1987 406 2044 humilibus
478 1976 664 2045 ¹Mulierem
681 1989 831 2061 quandam
849 2005 867 2044 a
884 1986 1023 2046 demonio
1041 1997 1190 2060 vexatam,
1208 2005 1265 2062 per

112 2093 290 2148 camporum
309 2073 400 2132 deuia
421 2074 545 2147 spiritus
565 2075 679 2148 impetu
699 2085 866 2148 vagantem,
886 2092 941 2132 sua
962 2075 1170 2133 benedictione
1190 2075 1263 2132 vali-

112 2163 211 2220 tudini
230 2162 357 2236 pristine
375 2162 520 2233 restituit3
543 2179 577 2220 ac
595 2161 731 2235 precepit
749 2171 782 2220 vt
802 2179 862 2220 non
882 2161 1076 2220 Wulstanum
1097 2163 1151 2220 sed
1172 2164 1263 2221 deum
1280 2177 1311 2215 ao

112 2250 315 2319 benediceret,
333 2249 460 2307 virtutes
482 2258 604 2317 amaret,
623 2249 796 2323 pudicitiam
817 2267 877 2308 non
900 2251 1049 2324 perderet,
1067 2268 1107 2308 ne
1130 2253 1263 2311 deterius

113 2337 144 2396 ei
163 2337 273 2410 aliquid
291 2336 486 2409 contingeret
524 2336 634 2395 Mulier
650 2338 731 2394 enim
750 2338 863 2395 monita
875 2338 940 2395 eius
953 2354 1094 2412 sequens,
1107 2338 1137 2395 in
1156 2340 1265 2398 saneti·

113 2425 238 2484 moniali
257 2425 359 2482 babitu
381 2425 549 2498 placentem
571 2425 629 2482 deo
648 2425 740 2482 vitam
760 2425 830 2499 egit.
904 2413 1112 2483 Demoniacus
1134 2426 1265 2500 quidam,

114 2511 223 2570 ferreis
252 2511 388 2570 cathenis
415 2511 495 2586 posti
525 2512 642 2586 ligatus,
666 2522 748 2570 tanta
778 2531 886 2571 vocum
913 2513 1061 2571 variarum
1091 2514 1266 2574 confusione

113 2599 255 2672 loquutus
272 2608 320 2658 est
340 2608 372 2656 vt
391 2617 430 2656 cx
447 2617 508 2657 vno
526 2616 579 2659 ore
597 2602 764 2659 exercitum
782 2600 889 2674 quasi¹
905 2601 987 2674 loqui
1005 2603 1155 2660 crederes.
1189 2602 1264 2661 Viso
1280 2616 1311 2668 ²5

114 2696 216 2744 autem
245 2686 397 2760 pontifice,
421 2687 490 2744 totis
517 2687 727 2746 intremiscens
751 2688 904 2758 membris,
929 2689 1073 2747 stridebat
1105 2689 1265 2761 dentibus;

115 2775 217 2848 patulo
240 2774 316 2832 rictu
335 2783 424 2848 sputa
444 2792 598 2846 euomens,
619 2793 728 2850 magno
749 2776 830 2832 hiatu
851 2777 1027 2849 obstrepere
1045 2777 1133 2849 cepit.
1169 2778 1266 2836 Tanto

114 2861 329 2934 incom[m]odo
342 2863 484 2920 sacerdos
496 2863 650 2936 impalluit,
664 2873 693 2920 et
705 2863 849 2936 expansis
858 2863 889 2920 in
899 2864 997 2920 celum
1007 2865 1145 2921 manibus
1152 2865 1266 2921 orauit:

116 2959 147 3009 et
166 2949 305 3007 infirmus
317 2949 474 3007 confestim
491 2951 649 3008 conualuit.
723 2939 882 3024 Leprosus
901 2951 1022 3024 quidam
1034 2951 1100 3008 visu
1120 2951 1267 3018 horridus,

113 3055 208 3094 carne
226 3036 403 3107 maculosus,
419 3054 497 3111 aqua
507 3037 628 3095 lotionis
647 3055 792 3095 manuum
804 3037 900 3096 sancti
918 3037 974 3094 viri
992 3037 1024 3092 in
1043 3037 1152 3095 balneo
1170 3037 1266 3110 posita
1280 3051 1313 3102 30

116 3141 152 3184 se
182 3125 270 3182 lauit:
296 3134 327 3181 et
351 3125 537 3198 pustularum
568 3125 707 3182 continuo
737 3135 837 3183 tumor
866 3123 987 3193 resedit,
1011 3123 1160 3184 letilenrm
1184 3125 1267 3182 virus

116 3211 240 3282 effluxit,
252 3211 411 3284 omnisque
429 3229 498 3269 caro
515 3211 547 3268 in
565 3212 712 3285 puerilem
730 3212 891 3285 puritatem
910 3211 940 3268 in
959 3211 1044 3268 breui
1063 3211 1216 3282 reiloruit;
1236 3221 1268 3270 et

115 3297 291 3372 impetigine
310 3307 340 3356 et
358 3299 457 3357 scabie
470 3299 576 3372 capitis
590 3299 708 3369 abolita,
728 3298 859 3356 cesaries
877 3299 992 3373 capillis
1005 3300 1265 3358 succrescentibus

115 3385 305 3446 reformatur.
388 3373 555 3444 Gunnildis
570 3386 814 3456 sanctimonialis,
832 3386 914 3458 regis
934 3386 1059 3445 Haraldi
1078 3387 1148 3458 filie,
1167 3396 1269 3445 tumor

116 3473 246 3530 infestus
259 3473 361 3530 oculos
373 3473 492 3542 inuasit,
505 3481 536 3530 et
549 3475 647 3531 moles
659 3474 873 3546 palpebrarum
880 3473 978 3531 visum
990 3475 1154 3545 obducens,
1167 3492 1267 3533 massa
1280 3491 1311 3544 35

116 3577 225 3618 carnea
234 3559 375 3634 oppleuit
404 3561 551 3633 Suscepta
560 3563 641 3618 enim
650 3561 782 3634 episcopi
793 3561 888 3619 sancti
897 3562 1113 3631 benedictione,
1124 3563 1268 3621 detectis³

115 3656 148 3705 et
165 3648 273 3706 erectis
292 3649 444 3722 palpebris
461 3649 559 3706 lucem
579 3666 719 3707 serenam
736 3648 822 3722 virgo
839 3649 1039 3722 consequitur.
1122 3639 1268 3708 Elsinus⁴

115 3735 199 3808 regis
231 3735 371 3792 Edwardi
396 3737 549 3809 quondam
581 3735 728 3806 minister,
756 3737 795 3793 ad
823 3738 1058 3794 consecrandam
1088 3737 1268 3795 ecclesiam⁸

115 3823 294 3896 episcopum
324 3823 464 3896 precibus
488 3823 651 3881 aduocauit
700 3823 772 3881 Erat
795 3825 914 3881 autem·
943 3823 975 3881 in
1004 3823 1148 3881 cimiterio
1177 3826 1267 3882 arbor

116 3927 215 3968 nucea
236 3910 345 3982 patulis
365 3910 521 3968 frondibus
542 3912 691 3978 vmbrosa,
711 3929 771 3985 quc
792 3911 963 3968 luxuriante
987 3929 1139 3969 ramorum
1160 3911 1266 3985 ampli·
1280 3929 1313 3980 40

116 3997 221 4053 tudine
242 3997 405 4055 luminibus
419 3999 567 4056 officiebat
584 3997 719 4056 ecclesie.
756 3999 879 4056 Solebat
898 4009 998 4056 autem
1016 4001 1063 4056 vir
1080 3999 1129 4056 ille
1147 3999 1220 4057 aleis
1237 4009 1267 4058 et

116 4085 216 4158 epulis
236 4087 293 4142 sub
315 4087 421 4144 eadem
441 4087 548 4144 arbore
567 4103 691 4144 vacare:
719 4096 750 4145 et
775 4105 843 4144 cum
863 4087 1000 4144 iussisset
1020 4105 1087 4144 cam
1108 4091 1268 4162 episcopus

116 4171 239 4241 abscidi,
260 4173 363 4230 maluit
381 4173 540 4232 ecclesiam
559 4191 619 4231 non
637 4174 769 4232 dedicari
787 4192 878 4248 quam
898 4176 1037 4233 arborem
1057 4175 1127 4232 inde
1146 4176 1268 4250 penitus

151 4285 218 4335 ¹Cs.
230 4285 291 4336 Vita
301 4287 352 4336 and
364 4287 400 4339 H.
484 4286 541 4338 ¹E.
556 4287 630 4350 quasi
642 4289 792 4338 exercitum.
878 4287 932 4339 1Τ.
946 4287 975 4337 E.
988 4289 1100 4338 deiectis.
1188 4290 1268 4340 ⁴Vit.

118 4349 239 4412 Eielsius.
291 4351 301 4382 ¹
317 4368 353 4406 sc.
366 4353 393 4404 in
404 4353 465 4404 villa
475 4369 522 4404 sua
534 4353 656 4417 Langene
668 4369 746 4418 supra
758 4353 902 4406 Sabrinam.
959 4353 970 4382 ⁸
985 4354 1015 4406 T.
1029 4355 1114 4416 enim;
1132 4355 1161 4408 E.
1173 4363 1267 4422 autem.
