3008 4904
270 243 340 293 2¹2
581 219 711 306 liuba
738 215 928 320 ituenda
954 217 1107 322 aomo.

265 425 335 490 post
358 413 584 490 completorium
608 415 681 474 vidit
705 425 839 474 sanctam
866 415 1078 475 Modwennam
1103 415 1134 474 in
1159 417 1226 474 loco
1253 414 1303 473 vbi
1334 432 1427 473 orare

265 505 380 563 solebat
392 504 476 578 quasi
489 505 642 562 uiuentem
659 514 689 562 et
707 523 814 562 manus
830 505 860 561 in
879 504 1012 562 oratione
1025 506 1063 562 ad
1080 505 1179 562 celum
1196 504 1427 561 extendentem.

266 591 364 662 Quam
377 593 449 649 dum
462 591 635 650 tremefacta
647 593 843 666 conspiceret,
857 593 962 650 cecidit
975 611 1070 666 prona
1082 593 1120 650 ad
1133 593 1229 666 pedes
1241 591 1305 648 eius
1319 601 1349 648 et
1362 592 1429 649 ait:

266 678 414 736 ‘Domina
427 689 530 751 mater,
541 679 612 753 quid
626 697 675 737 me
688 680 774 737 iubes
787 679 886 738 sacere
896 683 922 736 i'
960 680 1015 737 Cui
1028 680 1095 736 illa:
1116 679 1216 736 ‘Vade
1229 679 1278 736 die
1291 679 1427 736 crastina

236 776 295 835 5et
313 768 360 824 dic
379 769 534 824 sororibus
552 767 646 825 meis:
674 767 767 824 “Hec
792 769 913 825 mandat
934 768 1021 824 vobis
1046 776 1142 824 mater
1165 776 1282 824 vestra:
1312 767 1426 836 Nolite,

266 855 336 926 filie,
347 865 453 928 putare
466 873 516 912 me
530 863 678 912 mortuam
691 876 698 912 :
712 855 782 912 viuo
795 854 876 912 enirn
886 872 958 912 vere
971 872 1039 912 cum
1053 855 1175 912 domino
1190 853 1281 910 lhesu
1290 854 1427 922 Christo,

264 951 294 998 et
313 942 412 1000 audiui
431 961 471 1001 ex
487 943 574 999 vobis
591 943 707 1016 aliquas
720 943 877 1016 loquentes
895 943 933 998 ad
949 943 1078 999 inuicem
1096 941 1127 998 in
1146 941 1426 1014 incompetentibus

265 1029 355 1100 horis,
375 1047 430 1089 nec
455 1039 595 1087 tenentes
620 1039 759 1086 sanctum
785 1029 936 1087 silentium
962 1030 1038 1086 sicut
1056 1028 1191 1102 oportuit.
1239 1029 1290 1084 An
1310 1029 1425 1086 excidit

265 1117 349 1175 vobis
361 1119 440 1190 quod
454 1119 494 1174 ait
503 1117 650 1190 propheta
661 1137 668 1175 ε
684 1117 804 1174 ‘Cultus
817 1117 932 1174 iusticie
945 1116 1097 1174 silentium
1108 1116 1150 1174 ¹¹?
1186 1116 1297 1172 Adhuc
1311 1134 1426 1190 corpus

223 1217 251 1254 ιο
265 1221 366 1262 meum
385 1205 464 1262 inter
480 1222 535 1261 vos
554 1205 740 1262 inhumatum
754 1205 838 1272 iacet,
851 1213 881 1260 et
899 1223 954 1262 vos
972 1213 1032 1260 tam
1052 1203 1110 1260 cito
1127 1203 1340 1260 obliuiscimini
1354 1205 1426 1260 cloc-

264 1292 341 1348 trine
360 1293 407 1348 dei
427 1301 456 1349 et
476 1292 621 1366 regularis
639 1291 842 1362 obseruantie,
855 1292 941 1349 cuius
958 1291 1105 1349 terminos
1119 1308 1180 1348 non
1193 1291 1280 1347 vobis
1298 1293 1426 1364 expedit

264 1379 450 1452 aliquatenus
469 1379 720 1452 transgrediendo
741 1379 909 1452 preterire?
954 1379 1061 1446 Nolite,
1082 1378 1181 1446 filiole,
1202 1387 1425 1451 contempnere

265 1467 398 1536 minima,
411 1483 450 1522 ne
468 1467 545 1524 forte
563 1466 704 1540 paulatim
724 1484 780 1539 per
795 1466 987 1523 minimorum
1004 1466 1218 1540 negligentiam
1231 1465 1426 1524 offendentes

264 1553 524 1628 decidatis-quod
537 1554 741 1612 absit—etiam
756 1554 786 1610 in
800 1553 936 1610 maiora”
972 1553 1019 1610 Tu
1032 1562 1133 1611 autem
1146 1554 1222 1610 vade
1240 1561 1271 1608 et
1290 1572 1426 1628 prepara

221 1659 250 1709 ¹5
265 1641 321 1698 iter
333 1650 437 1699 tuum:
457 1641 598 1715 quoniam
610 1651 678 1714 post
691 1651 809 1715 septem
825 1641 891 1698 dies
908 1643 1011 1698 venies
1029 1642 1067 1698 ad
1087 1641 1153 1698 me?
1192 1640 1230 1696 Et
1243 1640 1358 1698 sactum
1377 1652 1426 1700 est

264 1729 312 1786 ita.
386 1717 470 1788 Cum
482 1739 583 1786 autern
597 1745 707 1802 corpus
720 1738 858 1786 sanctum
871 1730 908 1785 ad
923 1729 1070 1785 tumulum
1085 1728 1261 1799 deferretur,
1276 1729 1358 1786 lacta
1376 1741 1425 1786 est

264 1817 416 1874 contentio
428 1833 538 1890 magna
550 1817 588 1872 de
601 1816 741 1874 habendo
754 1833 880 1889 corpore
893 1816 958 1874 eius
975 1816 1053 1874 inter
1067 1815 1298 1886 Hibernienses,
1313 1817 1425 1874 Scotos

265 1914 294 1960 et
319 1905 436 1978 Anglos
459 1903 499 1961 ibi
525 1913 739 1978 congregatos:
778 1905 833 1960 sed
859 1905 981 1960 tandem
1007 1903 1219 1961 Columkillum
1241 1903 1423 1982 episcopum

264 1991 402 2049 adierunt
415 2001 445 2049 et
458 1991 523 2049 eius
536 2001 650 2048 rectum
664 1991 806 2048 iudicium
820 1991 979 2064 petierunt.
1018 1990 1076 2061 Qui
1085 2000 1154 2063 post
1165 1991 1276 2047 multas
1289 1994 1424 2064 partium

221 2097 251 2132 ιο
264 2079 474 2136 altercationes
487 2079 578 2136 dixit:
599 2078 724 2150 ‘Eligite
737 2097 776 2135 ex
788 2078 875 2135 vobis
885 2079 1023 2134 omnibus
1037 2088 1104 2134 octo
1116 2079 1256 2136 robustos
1270 2079 1425 2149 homines,

264 2167 315 2239 qui
328 2166 472 2224 feretrum
490 2183 559 2224 cum
576 2166 682 2223 baculo
700 2166 731 2222 in
749 2166 883 2224 humeris
896 2175 1024 2239 portent,
1037 2175 1067 2222 et
1086 2183 1265 2240 quocunque
1278 2168 1424 2226 dominus

264 2255 391 2311 voluerit
408 2252 553 2310 feretrum
572 2253 737 2311 deducant!
775 2253 841 2323 Quo
855 2253 939 2322 lacto,
953 2253 1028 2310 miro
1046 2255 1136 2310 modo
1153 2253 1254 2310 diuina
1266 2253 1424 2312 voluntate

264 2340 420 2414 compulsi,
445 2340 525 2398 versi
543 2341 582 2397 ad
602 2340 742 2414 Angliam
765 2350 846 2396 recto
868 2341 975 2398 itinere
997 2341 1153 2398 sanctum²
1170 2358 1281 2414 corpus
1301 2342 1424 2400 delerre

265 2437 418 2502 ceperunt.
455 2427 541 2485 Tunc
567 2439 689 2486 sanctus
715 2429 884 2501 episcopus,
908 2428 1017 2485 virtute
1048 2428 1097 2485 dei
1127 2427 1254 2502 cognita,
1281 2429 1424 2504 Anglicis

220 2535 249 2586 ²⁵
265 2533 374 2589 corpus
403 2526 540 2572 sanctum
571 2518 739 2585 concessit;
770 2518 850 2574 vnde
876 2527 905 2574 et
929 2517 967 2573 ad
998 2516 1141 2590 Angliam
1172 2515 1313 2583 delatum,
1341 2520 1424 2590 apud

264 2603 465 2660 Andreseiam
484 2603 647 2660 honorilice
664 2604 815 2677 sepultum
835 2613 889 2660 est.
964 2590 1132 2676 Postquam
1150 2612 1248 2660 autem
1267 2616 1424 2662 monaste

265 2692 343 2749 rium
355 2693 394 2749 de
408 2692 519 2748 Burton
533 2692 781 2764 superTrentam
799 2692 955 2748 fundatum
969 2701 1023 2762 est,
1037 2692 1163 2766 reliquie
1176 2700 1281 2748 sancte
1293 2691 1424 2766 virginis

265 2779 333 2836 illuc
346 2780 490 2836 translate
508 2788 586 2836 sunt.
660 2767 796 2854 Quidam
814 2781 853 2836 de
872 2779 1022 2836 nobilibus
1042 2779 1219 2853 Anglorum,
1232 2779 1375 2838 tirannus
1394 2791 1424 2838 et
1496 2831 1497 2857 ,

264 2867 402 2936 crudelis,
428 2883 478 2924 res
502 2876 533 2924 et
557 2875 654 2924 terras
679 2867 787 2938 prelati
809 2867 983 2923 monasterii
1005 2867 1153 2924 violenter
1176 2866 1293 2933 inuasit,
1315 2877 1424 2939 portas

218 2975 251 3027 30
265 2953 437 3012 monasterii
459 2953 613 3026 confregit,
633 2963 664 3011 et
684 2954 800 3010 cunctis
821 2954 947 3027 direptis
968 2955 1074 3012 domos
1098 2954 1261 3011 combussit
1285 2963 1314 3010 et
1341 2956 1424 3012 abiit.

266 3043 329 3099 Nec
349 3059 442 3110 mora,
463 3039 596 3098 vniuersi
616 3059 684 3097 curn
706 3041 782 3097 duce
801 3058 857 3097 suo
876 3058 894 3096 a
914 3041 1094 3098 demonibus
1113 3041 1224 3114 arrepti
1232 3041 1251 3109 ¹,
1271 3040 1354 3098 iusto
1374 3043 1423 3100 dei

264 3129 372 3187 iudicio
385 3127 520 3186 suffocati
534 3137 612 3184 sunt.
684 3115 768 3186 Cum
788 3127 869 3184 enirn
888 3145 981 3185 vorax
995 3129 1116 3186 llamma
1132 3129 1234 3186 villam
1253 3128 1423 3198 inuaderet,

263 3216 408 3274 feretrum
431 3225 533 3274 sancte
553 3215 679 3288 virginis
701 3215 839 3272 monachi
865 3225 952 3272 extra
973 3216 1131 3273 ecclesiam
1152 3217 1373 3288 deportarunt:
1394 3229 1423 3276 et

265 3303 364 3361 statim
377 3303 456 3376 ignis
469 3320 595 3362 cessans
606 3313 695 3376 atque
709 3303 857 3371 resiliens,
867 3303 989 3359 omnino
1000 3303 1150 3360 extinctus
1162 3312 1217 3360 est.
1281 3291 1422 3378 Quidam

219 3409 250 3462 ³5
265 3392 432 3448 vicecomes
445 3391 475 3446 in
489 3389 658 3464 captiuitate
671 3390 786 3462 positus
801 3390 875 3446 etin
888 3391 978 3446 archa
991 3391 1180 3464 superposito
1193 3391 1307 3464 ingenti
1320 3392 1422 3466 lapide

265 3479 400 3536 reclusus
419 3495 454 3536 ae
473 3477 672 3550 compeditus,
694 3477 830 3534 inuocata
846 3486 949 3534 sancta
964 3477 1079 3550 virgine
1102 3477 1292 3548 Modwenna,
1316 3482 1420 3538 statim

265 3566 379 3625 deiecta
392 3574 486 3639 petra,
499 3565 626 3638 diruptis
638 3564 764 3621 vinculis
777 3565 988 3638 confractoque
1001 3566 1151 3637 ergastulo
1164 3566 1307 3624 liberatus
1320 3579 1383 3626 est.

302 3737 381 3809 [MS.
393 3736 459 3793 Tib.
472 3736 563 3792 adds:
770 3733 934 3792 Narratio&

303 3830 426 3900 Nobilis
443 3841 564 3913 quidam
584 3838 666 3895 Brito
688 3839 766 3896 circa
787 3841 873 3896 beate
894 3839 989 3897 Marie
1009 3839 1189 3913 Magdalene
1201 3841 1349 3914 obsequia
1369 3847 1419 3902 de·

265 3938 361 4000 notus,
374 3929 529 3986 cotidianis
542 3927 681 4000 precibus
693 3928 731 3982 ad
745 3945 833 3983 suum
847 3927 1012 4000 presidium
1027 3945 1094 3984 eam
1107 3927 1272 3998 inuocabat,
1284 3929 1417 4002 uigiliam

219 4040 252 4088 40
265 4017 331 4075 eius
344 4017 470 4073 deuotus
483 4015 640 4083 ieiunabat,
653 4025 684 4072 et
702 4015 733 4070 in
753 4014 818 4070 eius
834 4015 911 4072 sesto
928 4031 1068 4088 magnam
1086 4017 1269 4088 pauperibus
1287 4026 1317 4073 et
1330 4037 1417 4090 pere·

264 4105 360 4178 grinis
369 4103 566 4161 releccionem
577 4102 702 4176 parabat
710 4111 740 4158 et
748 4101 867 4159 ueniam
877 4102 1001 4159 offensis
1011 4103 1126 4175 (dabat)
1136 4121 1144 4173 ;
1157 4121 1247 4160 orans
1256 4105 1382 4164 assidue
1391 4117 1417 4164 ut

299 4268 356 4321 ιΕ.
368 4269 505 4321 silentiam.
563 4267 620 4318 ¹E.
632 4270 781 4318 secundum.
840 4266 1000 4331 ¹T.arepti.
1055 4267 1205 4320 ‘etvinc
1219 4269 1285 4320 Bell.
1301 4270 1350 4322 IX.
1367 4289 1416 4324 rro
