3012 4898
270 291 344 371 ³54
581 263 1105 370 mmmmm&

270 467 437 543 'Sampson
455 467 784 534 deodilectuiriliter
800 467 1060 540 ege,dctermet
1077 464 1155 540 [de]¹
1173 467 1426 539 cognationem

268 553 1426 630 epedmrpredestinstusenimesedeovluamsreiundatormona-

268 642 1082 717 mmmgnifimctoeooeinpoputogionosa·
1140 629 1426 716 Assumpusenrm

269 749 374 788 secum
393 731 574 804 quibusdam
599 731 749 796 iratribus,
768 749 838 788 cnm
866 747 922 804 per
943 747 1055 804 pagum
1079 729 1251 788 Tricorium
1272 730 1427 795 transiret,

241 818 508 886 ibomineeidolis
524 818 809 878 immolantesvidit
834 817 1425 892 Quouisoingemuneteosabermre

270 906 540 980 mpredicatione
559 906 841 964 reuooerecureuit.
878 905 1381 978 [Et]¹eccepuerequoinsidens
1397 915 1427 962 et

269 993 488 1066 ciroaydolum
509 995 701 1063 currenssd
726 1002 838 1051 tenum
859 993 971 1052 tonuit
994 992 1138 1052 etirscto
1161 993 1240 1048 colio
1263 993 1427 1066 expiauit.

271 1079 603 1138 Etaitvirsanctus:
633 1080 1427 1154 ‘siyuoiamuearuerevuuserindeum

270 1183 371 1224 meum
383 1169 518 1237 credere,
531 1167 669 1226 musceto
681 1169 804 1226 nomine
822 1167 935 1226 domini
947 1177 1083 1226 mmm
1096 1185 1257 1241 resurgere
1270 1179 1427 1225 mortuum

226 1271 258 1310 ιο
269 1251 393 1312 faciam!
442 1255 712 1328 Aequiescentibus
742 1255 809 1324 illis
833 1265 985 1314 mortuum
1010 1255 1208 1324 resuscitauit,
1231 1264 1265 1312 et
1290 1255 1336 1312 illi
1361 1273 1426 1312 cre·

268 1341 377 1398 uates
398 1342 559 1398 umacus
573 1341 673 1415 ydola
694 1341 834 1415 sapsas
855 1351 933 1400 sunt
1007 1329 1046 1402 In
1061 1343 1167 1400 suem
1186 1342 1349 1415 prouincia
1362 1352 1427 1400 aa

268 1445 396 1501 serpens
421 1429 542 1502 quidam
567 1429 644 1488 mire
668 1429 891 1502 magnitudinis,
912 1429 963 1502 qui
990 1429 1143 1488 mortifero
1167 1427 1239 1486 flatu
1265 1447 1326 1488 suo
1350 1431 1426 1487 duos

268 1532 348 1590 pene
364 1533 459 1589 pagos
474 1517 634 1574 ddeoemt.
670 1517 720 1574 Ad
739 1533 837 1590 quem.
855 1519 886 1574 in
905 1525 992 1574 antro
1013 1517 1184 1583 latitantem,
1199 1516 1358 1590 Sampson
1378 1535 1426 1576 ac-

268 1603 389 1672 cedens,
409 1603 519 1662 lineam
541 1603 669 1662 nonum¹
689 1605 768 1662 ciros
789 1604 898 1662 collum
919 1603 986 1664 eius
1006 1603 1117 1678 ligauit,
1141 1614 1171 1660 et
1191 1605 1229 1662 de
1251 1621 1333 1677 rupe
1358 1623 1425 1678 pre

224 1712 255 1766 ¹⁵
268 1689 396 1764 cipitens
408 1709 487 1758 eum,
504 1709 544 1748 ne
562 1691 692 1766 amplius
712 1693 827 1750 uiueret
848 1693 993 1765 precepit.
1029 1691 1207 1750 Consuucto
1226 1691 1258 1748 in
1281 1693 1353 1750 loco
1374 1694 1426 1750 iilo

268 1779 458 1845 monasterio,
472 1779 564 1836 fontis
575 1797 685 1836 uenam
698 1779 805 1853 iugiter
816 1777 962 1838 fluentem
973 1781 1097 1853 aperuit.
1171 1765 1339 1852 Nauigans
1356 1791 1426 1854 post

267 1865 323 1923 bec
340 1866 370 1923 in
386 1865 674 1937 Britanniam⁸,vidit
683 1867 714 1924 in
729 1877 817 1940 portu
830 1866 1028 1939 tuguriumet
1042 1867 1073 1924 in
1085 1867 1284 1940 coquendam
1297 1867 1426 1926 misera·

267 1953 367 2012 biliter
377 1953 545 2028 plorantem
558 1971 739 2028 semperque
750 1955 789 2012 sd
801 1971 884 2012 mare
897 1954 1118 2028 respicientem.
1144 1952 1200 2012 Cui
1212 1953 1252 2012 ait
1265 1973 1273 2011 ε
1289 1953 1425 2026 ‘Fratcn

266 2041 338 2114 quid
363 2041 500 2115 plorasi'
550 2041 587 2098 Et
614 2041 682 2100 illc:
707 2041 858 2100 ‘onrem
882 2041 981 2100 babeo
1004 2043 1166 2115 leprosam,
1190 2051 1221 2098 et
1244 2041 1347 2100 filiam
1373 2045 1424 2102 de·

223 2145 255 2184 so
268 2129 445 2196 moniacam,
456 2146 533 2202 ques
551 2129 625 2186 mibi
642 2129 783 2186 dominus
797 2147 904 2188 sanare
921 2129 1059 2203 promisit
1075 2146 1132 2203 per
1149 2129 1303 2202 quendam
1321 2141 1425 2188 mans·

267 2217 424 2282 marinum,
454 2233 545 2290 quem
569 2216 669 2274 triduo
693 2216 742 2272 hic
764 2225 931 2290 expectans
954 2225 1114 2274 venturum
1138 2217 1167 2272 in
1192 2217 1273 2272 hune
1298 2229 1424 2289 portum

266 2307 374 2377 spero!
410 2303 496 2361 Tunc
508 2319 666 2377 supereris
679 2303 809 2377 supplex
822 2303 965 2373 omnitet
974 2303 1094 2360 sanitati
1106 2303 1242 2360 restituit
1281 2302 1424 2379 Reperio

266 2391 307 2448 ibi
324 2392 390 2448 ioco
406 2391 571 2464 aptissimo,
587 2391 804 2448 monasterium
817 2391 938 2450 nomine
952 2390 1060 2450 Dolum
1073 2391 1248 2462 construxit,
1260 2392 1313 2448 vbi
1326 2395 1424 2452 multa

266 2479 409 2536 miracula
433 2479 510 2546 iecit,
535 2487 566 2536 et
589 2495 646 2552 per
668 2477 855 2552 prouinciam
879 2478 1006 2537 cenobia
1029 2479 1186 2538 edificauit
1269 2467 1310 2536 In
1336 2481 1425 2538 curia

222 2585 253 2636 si
267 2565 347 2638 regis
367 2565 535 2624 Hildeberti
561 2565 700 2624 comitem
726 2567 977 2640 energuminum⁴
995 2567 1127 2636 cur-auin
1153 2577 1182 2624 et
1201 2584 1271 2625 cum
1295 2567 1424 2627 iubente

266 2653 370 2726 regina
388 2670 539 2712 venenum
558 2654 596 2711 ad
618 2653 781 2710 bibendum
801 2654 832 2710 in
849 2653 927 2710 vitro
946 2663 1051 2712 sanem
1070 2653 1216 2728 episcopo
1239 2665 1326 2712 esset
1353 2674 1425 2730 por·

266 2749 390 2811 rectum,
409 2740 552 2798 diuinitus
566 2741 622 2798 hoc
640 2757 826 2814 cognoscens
848 2739 969 2814 signum
990 2742 1089 2800 crucis
1109 2743 1186 2800 vitro
1206 2742 1376 2815 imposuit:
1395 2753 1424 2800 et

265 2826 296 2884 in
317 2838 420 2901 partes
437 2837 566 2901 quatuor
583 2830 707 2902 crepuit,
726 2838 757 2886 ct
775 2829 872 2887 effuso
889 2845 984 2902 super
1001 2846 1122 2888 manum
1141 2830 1274 2888 tenentis
1292 2848 1423 2896 ueneno,

264 2916 379 2974 cunctis
398 2915 583 2974 intuentibus
599 2932 697 2989 vsque
721 2916 760 2973 ad
781 2933 852 2974 ossa
870 2933 992 2974 corrosa
1010 2925 1056 2974 est
1073 2916 1150 2974 cutis
1168 2927 1199 2974 et
1215 2935 1297 2976 caro.
1334 2919 1423 2977 Tunc

219 3021 253 3072 30
266 3003 418 3077 Sampson
448 3003 506 3062 ait:
536 3003 620 3060 ‘Non
644 3012 692 3062 est
715 3005 901 3062 conueniens
925 3003 982 3062 hoc
1006 3004 1147 3077 poculum
1170 3006 1208 3061 ad
1232 3005 1421 3065 bibendum'

265 3090 398 3148 Turbato
423 3107 494 3164 rege
518 3108 587 3150 cum
611 3108 673 3164 quo
693 3091 741 3148 vir
765 3101 888 3150 sanctus
911 3090 942 3148 in
967 3107 1073 3150 mensa
1097 3093 1228 3159 sedebat,
1250 3101 1281 3149 et
1304 3098 1422 3152 cunctis

265 3177 490 3248 admirantibus,
503 3195 626 3235 manum
639 3179 694 3236 lesi
707 3178 844 3252 signauit,
857 3189 887 3236 et
900 3195 1006 3236 sanam
1018 3179 1153 3236 reddidit.
1191 3178 1337 3238 Indumta
1348 3200 1421 3240 vero
1491 3221 1492 3254 3

265 3264 370 3338 regina
389 3283 449 3322 non
469 3267 596 3324 multum
617 3276 687 3340 pust
706 3275 810 3324 contra
829 3266 928 3324 virum
946 3267 994 3324 dei
1016 3268 1135 3324 leonem
1157 3265 1290 3325 ferocem
1310 3269 1421 3328 dimitti

266 3351 368 3410 iussit:
396 3354 451 3409 sed
470 3353 597 3412 electum
619 3353 668 3411 dei
689 3354 785 3412 virtus
805 3353 915 3412 Christi
935 3354 1074 3428 protexit,
1092 3364 1123 3412 et
1141 3353 1233 3411 veluti
1255 3366 1348 3414 conto
1372 3357 1418 3415 leo

220 3459 253 3512 35
266 3455 428 3512 percussus
448 3439 479 3496 in
498 3439 598 3514 sugam
620 3459 653 3498 se
673 3441 827 3498 conuertit.
866 3441 903 3498 lit
924 3443 965 3499 ait
989 3451 1127 3500 sanctus:
1148 3441 1291 3514 ‘lmpero
1312 3445 1367 3502 tibi
1386 3447 1416 3501 in

266 3526 390 3583 nominc
414 3525 505 3584 ihesu
530 3527 651 3599 Christi,
671 3546 711 3586 ne
735 3527 873 3602 cuiquam
897 3529 1027 3602 amplius
1051 3546 1171 3598 noceas,
1190 3531 1245 3588 sed
1269 3531 1416 3590 velociter

265 3615 390 3688 pereas!
428 3614 487 3684 Qui
506 3617 606 3672 statim
628 3616 738 3673 saltum
760 3617 836 3673 dans
857 3616 1044 3689 precipitem,
1067 3617 1235 3690 expirauit;
1261 3629 1293 3674 et
1316 3621 1419 3692 regina

265 3719 335 3759 cum
347 3701 414 3759 suis
426 3701 590 3760 fautoribus
602 3703 781 3776 Sampsonis
796 3705 925 3777 pedibus
940 3715 1090 3777 prustrata
1107 3707 1227 3764 veniam
1244 3707 1419 3779 postulauit

268 3776 358 3849 quta
380 3789 543 3848 Secanam⁸
561 3792 599 3848 ad
619 3807 726 3863 preces
750 3793 831 3865 regis
855 3801 1039 3865 serpentem,
1063 3793 1188 3867 patriam
1214 3794 1418 3864 infestantem,

220 3903 253 3956 40
266 3879 331 3936 solo
348 3895 489 3936 sermone
503 3878 617 3948 occidit,
630 3887 660 3936 et
679 3882 894 3940 monasterium
912 3879 1023 3938 ibidem
1041 3881 1215 3940 construxit.
1253 3882 1352 3942 Biduo
1364 3901 1418 3942 seu

265 3965 372 4035 triduo,
390 3974 420 4022 et
435 3966 614 4038 quandoque
634 3966 763 4040 septimo
780 3969 828 4024 die
847 3985 882 4024 se
901 3968 1020 4039 reiecit3
1040 3978 1143 4027 noctes
1164 3969 1351 4030 orationibus
1370 3989 1416 4028 as-

266 4052 360 4110 siduis
381 4054 487 4110 stando
506 4051 683 4128 insompnes
700 4055 837 4112 ducebat.
875 4054 910 4111 In
930 4056 1082 4114 remotiori
1104 4056 1169 4114 loco
1188 4058 1228 4114 ab
1244 4057 1416 4116 bominibus
1491 4087 1492 4096 2

265 4139 296 4197 in
317 4141 545 4214 quadragesima
564 4151 750 4216 segregatus,
771 4142 936 4202 oblationes
955 4152 1017 4202 tres
1042 4161 1144 4202 secum
1166 4153 1302 4217 portans,
1322 4163 1415 4220 vsque

297 4269 403 4334 ιεοἹῖ,
418 4271 552 4322 omini.
602 4271 658 4324 ¹T.
670 4273 739 4324 linea
750 4289 824 4328 sonu.
879 4272 941 4326 ἐς.
953 4275 1093 4326 Armorica.
1144 4275 1199 4318 *ι
1214 4276 1415 4330 daemoniacum.

265 4333 342 4384 ’Vit
356 4335 486 4396 sigonam.
