3028 4894
269 307 340 398 388
581 303 712 392 uota
737 299 928 406 turona
952 299 1105 404 uncta

269 504 383 561 mundo
394 501 533 560 videntur
549 505 665 574 mortui,
678 519 748 562 eum
763 504 914 574 deserant,
927 520 983 576 ego
995 511 1096 560 tamen
1111 519 1180 560 eum
1195 519 1258 560 non
1271 501 1422 570 deseram,

269 591 495 666 sedsuscipiam
504 602 628 666 propter
637 593 727 650 deum
736 599 767 649 ct
776 590 1071 665 propter¹iusticiam
1080 590 1269 664 pacientem!
1296 589 1423 648 Biennio

270 678 359 752 igitur
376 679 626 754 peregrinationis
643 697 698 738 sue
715 679 873 753 completo,
886 695 904 736 a
917 678 1091 736 Pontiniaco
1106 680 1276 745 discedens,
1291 677 1423 737 Senarus

269 783 365 840 vsque
375 767 496 826 deuenit
508 787 515 838 ;
534 777 565 826 et
577 767 608 824 in
617 767 724 824 itinere
736 767 835 824 abbati
848 767 1067 840 pontiniacensi
1079 783 1148 824 cum
1160 765 1319 824 lachrimis
1332 767 1422 823 dixit:

240 869 256 924 ε
270 855 354 926 ‘Que
364 857 402 914 de
410 872 460 913 me
470 864 548 926 sunt,
557 855 649 912 finem
660 855 787 912 habent:
804 854 946 913 dominus
954 871 1043 912 seruo
1053 871 1108 912 suo
1117 854 1177 912 vite
1186 855 1283 911 linem
1293 855 1424 928 finisque

270 945 393 1002 modum
418 945 449 1001 in
471 943 537 1001 visu
562 943 705 1016 preterita
729 942 824 1001 noctis
847 944 1008 1000 ostendere
1032 941 1261 1017 dignatusest:
1291 941 1424 1014 gladium

270 1029 460 1105 spiculatoris
472 1029 678 1103 subterfugere
691 1047 752 1088 non
765 1033 886 1104 potero!
918 1029 1024 1104 ‘Ergo,
1037 1030 1132 1103 inquit
1144 1031 1237 1088 abbas
1249 1030 1424 1096 subridens,

270 1118 403 1176 martirio
416 1117 572 1178 interibis?
602 1118 684 1189 Quid
696 1119 851 1176 esculento
863 1128 894 1176 et
905 1119 1079 1188 temulento,
1092 1127 1122 1176 et
1134 1117 1318 1191 martyr-io'?
1360 1117 1424 1174 Non

271 1208 349 1266 bene
362 1205 543 1265 conueniunt
560 1224 615 1264 nec
628 1207 659 1263 in
671 1224 731 1264 vna
743 1208 817 1264 sede
830 1205 1003 1264 morantur³
1014 1207 1092 1266 calix
1104 1205 1166 1262 vini
1177 1223 1271 1279 quem
1283 1215 1387 1280 potas,
1398 1215 1425 1262 ct

227 1313 258 1353 ro
271 1295 349 1352 calix
374 1294 514 1352 martirii!
551 1294 685 1363 ‘Fateon
709 1293 804 1368 inquit
831 1293 1085 1368 archiepiscopus,
1109 1293 1265 1367 corporeis
1287 1294 1426 1368 volupta-

271 1382 351 1440 tibus
368 1381 527 1456 indulgeo;
547 1383 644 1440 bonus
657 1393 756 1439 tamen
770 1382 920 1453 dominus,
933 1383 985 1455 qui
997 1381 1136 1439 iustificat
1150 1381 1288 1454 impium,
1302 1381 1426 1456 indigno

271 1469 411 1544 dignatus
423 1479 470 1528 est
483 1471 619 1528 reuelare
632 1469 815 1528 misterium·
853 1469 890 1526 Et
907 1487 976 1527 curn
993 1469 1118 1526 instaret
1133 1470 1227 1526 abbas
1239 1479 1273 1526 vt
1290 1471 1426 1527 seriatim

272 1567 515 1632 prosequeretur,
529 1558 700 1616 subintulit:
721 1557 869 1615 ‘Domine
887 1560 990 1628 abbas,
1004 1557 1079 1615 etsi⁴
1092 1556 1245 1614 familiaris
1264 1575 1356 1615 meus
1376 1557 1427 1626 sis,

273 1663 333 1702 non
351 1645 437 1719 prius
455 1645 621 1704 edisseram
642 1645 699 1704 nisi
717 1663 753 1702 eo
769 1655 857 1720 pacto
868 1654 900 1703 vt
918 1655 1067 1703 secretum
1085 1654 1190 1702 teneas
1206 1646 1309 1718 quoad
1321 1647 1427 1702 vixero

230 1751 259 1804 15
273 1737 346 1806 ego.¹
383 1733 469 1805 Quod
489 1751 557 1791 cum
577 1733 706 1802 lecisset,
725 1733 783 1790 ait:
809 1733 922 1791 ‘Nocte
941 1734 996 1790 hac
1015 1733 1112 1790 visum
1131 1742 1178 1790 est
1195 1733 1270 1789 mihi
1291 1735 1376 1807 quod
1397 1734 1427 1789 in
1490 1803 1491 1816 χ

273 1821 408 1890 ecclesia,
421 1821 524 1879 nescio
540 1829 640 1878 tamen
654 1839 722 1894 qua,
735 1830 839 1878 contra
851 1821 1006 1878 dominum
1023 1837 1127 1893 regem
1139 1821 1311 1893 Anglorum
1324 1839 1426 1878 coram
1490 1817 1491 1820 ’

273 1927 353 1984 papa
371 1918 402 1966 et
420 1909 619 1966 cardinalibus
637 1909 861 1978 contenderem,
874 1909 996 1966 domino
1015 1924 1093 1982 papa
1111 1907 1188 1982 parti
1206 1925 1276 1965 mee
1296 1907 1427 1978 fauente,

274 1997 328 2055 sed
352 1995 555 2054 cardinalibus
579 2013 635 2069 pro
660 2013 731 2069 rege
762 1997 992 2054 aduersantibus
1017 2005 1120 2052 contra
1144 2013 1202 2052 me.
1242 1995 1332 2053 Tunc
1357 2015 1428 2053 ecce

274 2083 371 2144 subito
392 2093 519 2159 quatuor
538 2094 782 2158 superuenerunt
802 2085 921 2153 milites,
940 2085 991 2157 qui
1012 2085 1215 2142 summitatem
1236 2084 1347 2156 capitis
1370 2085 1429 2141 mei

230 2171 519 2242 aoexcoriauerunt3
549 2173 684 2246 adeoque
707 2172 900 2246 angustiabar
924 2173 1003 2246 quod
1027 2172 1152 2230 videbar
1170 2171 1244 2228 mihi
1267 2171 1429 2229 defecisse.

276 2259 335 2318 Per
353 2260 438 2330 hanc,
452 2259 482 2316 ni
500 2258 595 2328 fallor,
608 2261 822 2318 reuelationem
840 2261 930 2317 credo
948 2260 1028 2334 quod
1047 2269 1144 2318 morte
1163 2261 1246 2329 dura,
1259 2261 1317 2316 sed
1337 2277 1429 2333 spero

275 2347 419 2420 preciosa,
443 2349 482 2404 de
508 2347 564 2404 hoc
589 2348 701 2405 mundo
726 2364 794 2405 sum
819 2349 1018 2404 transiturus!
1093 2334 1167 2404 Rex
1191 2357 1292 2404 autem
1316 2349 1430 2421 Anglie

275 2434 355 2492 misit
379 2435 505 2492 nuncios
531 2435 569 2492 ad
591 2435 803 2508 imperatorem
830 2433 1024 2492 Fredericum
1048 2435 1138 2507 quod,
1162 2433 1188 2490 si
1213 2451 1329 2491 nomen
1354 2433 1431 2508 [et]⁸

274 2521 475 2580 obedientiam
492 2521 661 2580 Alexandri
679 2539 757 2596 pape
776 2523 934 2589 abiuraret,
953 2523 1130 2596 participem
1149 2539 1183 2578 se
1201 2522 1356 2580 scismatis
1378 2525 1431 2580 ha-

230 2625 261 2676 as
276 2611 361 2668 beret
391 2627 460 2667 cum
491 2609 642 2683 episcopis
673 2609 745 2667 suis.
784 2610 821 2667 Et
852 2609 961 2666 iactum
991 2619 1039 2667 est
1067 2611 1115 2666 ita
1159 2609 1276 2666 Feralia
1307 2628 1431 2684 quoque

276 2698 378 2755 statuit
399 2697 495 2754 edicta
517 2707 619 2754 contra
640 2696 716 2754 eos‘
734 2698 785 2770 qui
805 2715 884 2771 pape
907 2697 1020 2754 litteras
1042 2697 1073 2754 in
1093 2697 1232 2770 Angliam
1255 2697 1431 2768 deferrcn13

276 2803 442 2859 omnesque
461 2785 546 2858 regni
566 2787 611 2842 sui
631 2803 739 2858 papam
753 2784 962 2842 Alexandrum
982 2785 1119 2842 abiurare
1137 2784 1244 2857 coegit
1283 2784 1432 2859 Episcopi

275 2891 394 2947 quoque
407 2882 511 2930 contra
523 2872 781 2946 archiepiscopum
794 2889 881 2930 suum
894 2872 1091 2946 appellarunt
1128 2871 1327 2929 Mittebantur
1338 2875 1431 2932 etiam

276 2962 314 3018 ad
335 2961 506 3018 instantiam
529 2961 609 3034 regis
632 2962 692 3017 duo
716 2960 884 3018 cardinales
903 2959 991 3017 amici
1009 2959 1083 3018 eius.
1116 2960 1166 3016 Ad
1185 2977 1317 3033 quorum
1339 2963 1432 3018 collo·

231 3067 263 3118 ³0
276 3049 379 3122 quium
398 3065 465 3106 cum
481 3047 598 3106 veniret
616 3048 867 3122 archiepiscopus,
887 3057 974 3105 nocte
992 3047 1130 3120 proxima
1146 3047 1219 3104 vidit
1238 3047 1270 3104 in
1289 3050 1431 3122 sompnis

276 3137 356 3210 quod
381 3135 592 3210 propinaretur
616 3136 644 3194 ei
668 3153 818 3194 venenum
842 3136 873 3192 in
899 3135 991 3192 calice
1020 3153 1120 3192 aureo.
1164 3135 1279 3192 Inseeto
1304 3139 1431 3194 tandem

276 3223 405 3296 negotio,
436 3232 466 3280 et
498 3226 611 3298 absque
642 3241 699 3296 spe
729 3224 820 3298 pacis,
852 3223 1020 3280 cardinales
1053 3225 1091 3280 ad
1122 3241 1232 3297 papam
1264 3225 1430 3282 rediemnt.

279 3298 398 3368 Habito
417 3311 497 3368 enim
517 3311 617 3385 papali
635 3311 801 3385 priuilegio,
820 3311 930 3369 multos
949 3311 978 3366 in
991 3311 1103 3384 Anglia
1120 3309 1264 3368 clericos²
1277 3313 1382 3368 citauit
1400 3322 1431 3369 vt

277 3400 315 3455 ad
329 3398 428 3472 ipsum
440 3399 544 3456 venire
558 3416 618 3455 non
631 3399 804 3470 differrent;
823 3416 857 3455 ac
869 3399 961 3455 etiam
974 3400 1032 3456 sub
1044 3398 1159 3455 ordinis
1175 3398 1221 3455 sui
1239 3408 1272 3455 et
1289 3400 1430 3458 beneficii

232 3505 262 3556 35
277 3486 410 3560 periculo
430 3487 572 3544 nonnulla
590 3487 744 3560 precepit:
765 3487 819 3545 sed
838 3505 899 3543 non
916 3495 1081 3561 paruerunt
1099 3486 1149 3543 illi.
1185 3485 1276 3543 Vnde
1294 3489 1431 3562 appella-

277 3574 350 3631 tioni
373 3591 433 3630 non
452 3575 611 3632 deserens‘*
629 3575 697 3631 illos
715 3575 834 3648 publice
853 3574 1132 3631 excommunicauit.
1167 3573 1324 3644 Quosdam
1345 3577 1430 3649 quasi

276 3663 442 3730 inuasores,
462 3664 608 3735 quosdam
629 3663 714 3737 quasi
737 3680 838 3720 rerum
860 3661 1130 3720 ecclesiasticarum
1149 3661 1299 3719 violentes
1322 3664 1430 3721 deten-

277 3760 360 3808 tores
371 3771 379 3820 ;
398 3752 544 3824 quosdam
557 3750 647 3808 ctiam
657 3753 818 3824 episcopos
831 3749 1103 3807 excommunicauit
1116 3757 1240 3823 propter
1251 3749 1430 3808 inobedien-

278 3839 350 3896 tiam
363 3839 560 3910 manifestam,
573 3847 603 3896 et
616 3839 748 3897 maxime
760 3840 831 3912 quia
843 3839 1038 3912 interregem
1050 3849 1080 3895 et
1094 3837 1194 3911 ipsum
1204 3835 1296 3894 totius
1310 3837 1429 3896 dissen-

231 3948 265 4000 40
277 3927 369 3985 tionis
380 3925 550 3984 incentores
558 3928 568 3959 ⁹
577 3927 746 3997 extiterant,
755 3943 844 4000 quarn
855 3935 884 3983 et
898 3925 1002 3983 fouere
1012 3943 1072 3982 non
1086 3925 1276 3982 desistebant
1316 3923 1429 3984 Multos

278 4033 398 4089 quoque
410 4015 493 4084 alios,
505 4015 630 4072 clericos
648 4024 678 4072 et
691 4015 790 4083 laicos,
803 4016 842 4071 ob
856 4014 994 4072 diuersas
1008 4012 1140 4072 offensas
1152 4011 1271 4084 publice
1284 4021 1315 4070 et
1332 4014 1429 4070 nomi-

278 4105 372 4162 natim
394 4101 676 4174 excommunieauit,
697 4103 774 4160 adeo
791 4110 823 4159 vt
842 4101 873 4158 in
893 4101 1008 4174 capella
1026 4100 1108 4175 mgis
1125 4099 1177 4158 vix
1195 4108 1277 4157 esset
1297 4100 1357 4157 nisi
1376 4119 1428 4160 ex·

312 4253 468 4305 ¹ominT.
541 4253 726 4318 'almnyrt
800 4253 993 4306 'Emoratun
1058 4251 1195 4302 ‘Emtae
1266 4250 1425 4304 ‘ominli

277 4315 591 4435 :npppttppeppsomint
685 4319 746 4374 lai.
757 4319 854 4370 aulicos
866 4319 984 4372 clericos.
1074 4317 1130 4370 Ἐ
1144 4318 1274 4369 differens
1370 4319 1426 4370 Τ.
