3028 4894
192 308 267 402 Da
291 305 456 398 sancto
481 308 696 396 colluunt
721 321 845 410 nuato
871 315 911 396 at
936 315 1126 412 natante.
1176 333 1251 408 453

102 509 312 582 reprimerent,
336 527 355 568 a
380 509 477 584 capite
498 513 640 568 deorsum
663 509 916 568 feruentissimam
940 527 1049 583 aquam
1072 509 1252 567 infuderunt.

102 595 215 671 Sicque
228 598 332 656 martir
344 599 500 672 gloriosus,
513 600 642 673 septimo
654 598 771 655 decimo
788 599 931 656 kalendas
945 598 1016 655 Maii
1026 599 1044 669 ¹,
1058 598 1196 671 migrauit
1212 599 1251 655 ad

101 686 266 743 dominum.
312 686 369 743 Die
388 704 507 760 quoque
527 687 638 760 pasche
663 703 773 759 corpus
797 686 829 742 in
853 702 941 743 sacco
965 686 1093 759 ponitur,
1114 696 1146 742 vt
1168 695 1253 743 extra

1 780 2 813 ³
100 773 203 830 villam
221 775 260 830 ad
284 774 392 830 siluam
415 775 586 842 deductum,
608 775 754 832 secretius
777 773 809 830 in
833 791 869 831 ea
893 773 1079 846 sepeliretur.
1116 773 1252 847 Cumque

1 870 3 877 '
101 860 210 917 siluam
234 861 389 932 intrarent,
415 862 545 918 obuiauit
570 861 615 919 eis
639 862 799 935 burgensis
827 863 949 934 quidam
976 860 1106 918 Norwici
1130 863 1279 925 nomines

1 987 2 990 η
102 947 273 1020 Eilucrdus,
295 949 347 1022 qui
367 948 521 1023 paulisper
539 950 666 1022 gradum
687 950 831 1006 continuit
841 949 860 1019 ²,
882 967 942 1022 quo
963 950 1122 1006 tenderent
1142 949 1251 1022 quidue

100 1036 254 1093 deferrent
284 1037 456 1110 inquisiuit;
495 1047 525 1094 et
558 1037 684 1110 propius
715 1038 873 1107 accedens,
904 1054 1071 1109 manusque
1104 1035 1251 1108 iniiciens,

100 1125 266 1180 humanum
279 1141 348 1182 esse
365 1142 476 1198 corpus
490 1124 696 1198 deprehendit.
735 1125 780 1182 llli
791 1142 863 1182 vero
881 1142 915 1182 se
933 1125 1141 1198 deprehensos
1158 1142 1251 1198 exps-

1 1236 2 1257 1
99 1222 268 1283 uescentes,
276 1223 307 1270 et
319 1231 373 1286 pre
387 1213 493 1270 timore
507 1213 579 1270 nihil
592 1214 737 1270 habentes
749 1212 820 1286 quid
833 1215 974 1284 dicerent,
984 1213 1060 1270 silue
1070 1213 1250 1270 densitatem

1 1325 2 1328 ¹
100 1299 242 1373 fugiendo
250 1301 379 1374 ingressi
389 1309 468 1372 sunt,
477 1318 646 1374 corpusque
656 1301 735 1358 linea
744 1301 875 1358 cordella
886 1300 939 1374 [in]
949 1300 960 1333 ⁸
969 1301 1074 1358 arbore
1083 1302 1250 1374 suspende-
1267 1321 1297 1358 ιο

1 1433 2 1436 η
100 1396 179 1445 runt.
206 1389 348 1446 Ineuntes
360 1397 461 1446 autem
476 1388 559 1446 ludei
575 1389 733 1446 consilium
743 1389 950 1446 vicecomitem
969 1388 1087 1456 adeunt,
1100 1397 1129 1445 et
1148 1389 1174 1446 si
1192 1406 1250 1462 ope

1 1492 2 1497 ¹
100 1492 157 1532 sua
175 1475 294 1533 liberari
313 1494 332 1532 a
349 1485 432 1534 tanto
449 1477 584 1551 periculo
601 1486 735 1551 possent,
755 1485 875 1533 centum
892 1493 1010 1534 marcas
1028 1478 1145 1550 argenti
1164 1477 1250 1550 polli-

99 1572 213 1621 centur.
260 1563 419 1622 Eiluerdus
449 1563 607 1622 confestim
647 1565 836 1634 accersitus⁴,
869 1564 988 1621 iubente
1017 1564 1191 1622 vicecomite
1221 1575 1250 1622 et

1 1696 2 1701 κ
98 1659 235 1724 cogente,
248 1651 308 1708 fide
320 1661 350 1708 et
369 1652 536 1709 iuramento
549 1652 762 1724 constringitur
774 1653 853 1725 quod
865 1651 926 1709 vita
943 1651 1052 1709 comite
1066 1651 1176 1708 ludeos
1189 1668 1250 1708 nou

98 1738 256 1796 infamaret
274 1749 304 1796 et
318 1757 414 1814 vsque
432 1741 470 1798 ad
487 1748 658 1797 extremum
675 1741 735 1797 vite
753 1756 807 1797 sue
825 1740 907 1796 diem
924 1740 989 1797 visa
1007 1757 1068 1795 non
1088 1740 1249 1812 detegeret
1266 1758 1295 1810 ¹⁵

1 1869 8 1879 ..
100 1825 238 1884 Euolutis
259 1827 371 1884 etenim
391 1827 480 1884 annis
500 1827 634 1901 quinque
662 1826 822 1884 Eiluerdus
845 1828 883 1883 ad
908 1835 1077 1884 extremum
1095 1827 1155 1883 vite
1183 1844 1250 1899 per·

98 1914 227 1972 ueniens
238 1916 276 1972 ab
295 1915 363 1988 ipso
384 1931 470 1972 sacro
486 1933 581 1988 puero
593 1914 748 1971 Willelmo
767 1931 822 1987 per
834 1916 932 1971 visum
950 1915 1129 1971 admonetur
1140 1922 1172 1971 vt
1191 1932 1250 1986 que

97 2003 214 2060 viderat
225 2004 334 2075 quibus
346 2002 437 2060 vellet
450 2002 585 2060 reuelare
598 2019 658 2059 non
672 2003 798 2074 timeret,
809 2001 979 2074 factumque
991 2010 1038 2058 est
1050 2003 1098 2057 ita
1174 1989 1249 2060 Hiis

97 2092 177 2146 intra
185 2091 290 2148 vrbem
298 2091 400 2164 gestis,
409 2107 479 2147 ecce
491 2090 580 2164 ignea
592 2091 630 2146 de
643 2090 707 2147 celo
720 2090 772 2146 lux
785 2090 883 2147 subito
895 2089 1023 2158 emicuit,
1033 2106 1092 2162 que
1104 2105 1199 2162 vsque
1210 2091 1249 2146 ad

98 2176 241 2251 martyris
264 2178 361 2234 locum
380 2177 518 2234 tractim⁶
536 2195 570 2235 se
582 2177 751 2250 porrigens,
770 2177 865 2234 oculis
886 2178 1047 2234 multorum
1069 2176 1198 2233 diuersis
1217 2177 1248 2233 in
1264 2195 1295 2232 ao

96 2265 172 2322 locis
192 2265 310 2322 effulsit.
346 2264 512 2322 Videbatur
531 2273 632 2322 autem
653 2265 705 2321 lux
724 2265 774 2321 illa
791 2265 822 2321 in
842 2266 918 2322 duos
936 2264 1032 2322 diuisa
1049 2263 1150 2321 radios
1169 2265 1249 2322 scale

1 2382 3 2386 ν
97 2352 273 2426 longissime
281 2363 385 2410 tenere
396 2352 532 2422 sormam,
542 2353 580 2410 ab
588 2354 649 2409 imo
661 2355 692 2409 in
705 2353 797 2409 altum
810 2368 844 2410 se
856 2351 1035 2426 porrigentis
1045 2352 1083 2408 ad
1094 2351 1248 2410 orientem.

1 2469 3 2480 ·
97 2439 232 2497 Sabbato
244 2440 326 2497 enim
339 2450 444 2498 sancto
460 2441 582 2515 pasche,
596 2441 734 2496 monialis
751 2440 880 2513 quedam
899 2456 967 2496 cum
986 2439 1164 2512 quibusdam
1183 2439 1249 2498 aliis

95 2537 168 2586 ante
190 2529 263 2586 solis
281 2539 379 2586 ortum
397 2530 454 2586 iter
471 2528 620 2602 arripiens
629 2528 705 2585 silue
724 2528 903 2584 densitatem
921 2528 1029 2585 deuota
1045 2527 1247 2600 ingreditur⁶z

95 2615 279 2689 intuensque
292 2615 411 2673 eminus
423 2618 461 2673 ad
476 2616 607 2672 radicem
619 2633 748 2688 quercus
762 2617 908 2673 iacentem
925 2632 1063 2688 puerum,
1075 2615 1247 2686 tunicatum,
1263 2633 1293 2686 ²⁵

95 2703 262 2772 calciatum,
271 2704 367 2777 capite
380 2721 490 2774 rasum,
504 2713 533 2760 et
546 2703 675 2760 sentineo
688 2713 826 2777 correpta
838 2703 954 2774 timore,
966 2703 1091 2776 propius
1104 2704 1248 2760 accedere

1 2848 3 2852 ,
94 2809 158 2848 non
184 2794 377 2864 presumpsit
422 2790 552 2864 Aspexit
576 2799 677 2848 autem
697 2808 790 2865 super
813 2790 896 2847 illum
916 2807 1024 2847 coruos
1045 2792 1130 2860 duos,
1154 2790 1249 2863 [qui]⁵

96 2879 268 2936 voracitatis
281 2878 395 2936 rabiem
408 2878 532 2952 explere
544 2878 718 2951 gestientes,
731 2887 828 2935 rostro
841 2895 910 2934 eum
924 2878 1096 2951 discerpere
1113 2879 1248 2935 certatim

98 2968 337 3039 attemptabant3
356 2968 411 3024 sed
430 2966 601 3024 nullatenus
619 2975 751 3039 tangere,
765 2983 863 3038 neque
882 2983 916 3022 se
934 2967 1085 3022 sustinere
1103 2965 1247 3035 valentes,

95 3055 166 3111 hinc
183 3064 213 3110 et
230 3054 301 3111 inde
318 3071 336 3110 a
352 3054 444 3111 latere
461 3055 614 3112 cadebant.
653 3051 722 3111 Hiis
738 3054 811 3110 visis
827 3052 933 3110 mulier
950 3053 1008 3109 deo
1025 3053 1135 3125 gratias
1152 3069 1246 3125 agens
1261 3065 1293 3114 ³⁰

93 3142 135 3198 ad
156 3142 280 3198 domum
302 3159 450 3216 regressa,
472 3159 531 3216 que
552 3142 668 3199 viderat
692 3141 791 3215 palam
813 3141 927 3198 cunctis
950 3141 1108 3198 enarrauit.
1144 3140 1246 3197 Turba

93 3229 187 3302 igitur
198 3229 371 3286 cateruatim
385 3231 422 3286 ad
435 3230 543 3287 siluam
556 3238 706 3303 properat,
719 3246 926 3303 penarumque
946 3229 1041 3301 signis
1058 3245 1092 3284 ac
1112 3243 1146 3284 re
1162 3237 1247 3300 gesta

94 3317 253 3375 euidenter
276 3317 480 3388 consideratis,
503 3315 613 3374 ludeos
636 3335 654 3374 a
673 3326 758 3373 reatu
783 3335 843 3373 non
864 3318 1015 3372 immunes
1040 3315 1196 3385 affirmant,
1216 3325 1246 3372 et

93 3421 206 3477 corpus
220 3403 401 3474 (sanctum)⁷
414 3404 567 3477 sepulture
580 3421 648 3461 cum
660 3405 769 3478 gaudio
781 3405 910 3460 tradunt.
969 3391 1246 3475 Monachiquidam

94 3492 299 3550 ramusculum
317 3492 368 3564 qui
382 3498 518 3565 tempore
535 3492 633 3549 estiuo
649 3492 680 3548 in
694 3492 822 3549 claustro
841 3490 964 3548 lloribus
980 3491 1094 3548 roseis⁸
1106 3507 1245 3561 vernans,
1260 3506 1291 3558 ³5

94 3583 156 3638 iam
170 3579 350 3650 effloruerat,
363 3580 400 3636 ad
414 3587 502 3653 caput
519 3579 671 3653 sepulchri
684 3581 779 3637 sancti
792 3579 922 3636 martiris
935 3577 1014 3635 circa
1026 3578 1137 3635 festum
1151 3578 1246 3636 sancti

96 3666 253 3726 Michaelis
270 3667 541 3740 transplantamnt:
563 3665 655 3740 (qui)⁷
672 3667 814 3724 continuo
828 3675 908 3724 terre
926 3665 1066 3722 radicitus
1082 3665 1199 3723 adhesit
1216 3675 1246 3724 et

94 3753 350 3812 reuirescentibus
368 3754 446 3812 loliis
464 3771 525 3812 non
544 3755 610 3812 sine
627 3772 736 3828 magna
748 3755 882 3812 omniurn
895 3753 1090 3810 admiratione
1103 3753 1245 3824 refloruit,

92 3841 244 3902 vniuersis
273 3841 396 3899 ssoribus
420 3859 516 3916 vsque
535 3843 573 3899 ad
595 3841 705 3900 festum
726 3843 821 3900 sancti
846 3841 997 3900 Edmundi
1020 3842 1051 3898 in
1076 3841 1245 3898 ramusculo

93 3931 369 4004 perseuerantibus,
389 3938 520 4003 tuncque
543 3930 709 3988 vehemens
733 3930 892 3987 imbrium·
911 3937 941 3987 et
962 3937 1120 3986 ventorum
1141 3939 1245 3985 exorta
1258 3944 1291 3993 40

93 4017 225 4091 procella
246 4033 353 4074 omnes
370 4025 471 4090 preter
489 4035 582 4076 vnum
600 4019 739 4086 excussit,
760 4019 810 4091 qui
828 4035 924 4092 vsque
948 4017 986 4074 ad
1010 4017 1163 4088 natalem)
1175 4016 1197 4049 ¹⁰
1214 4016 1245 4073 in

94 4104 256 4162 ramusculi
269 4103 441 4162 summitate
454 4122 562 4163 recens
574 4106 755 4179 perdurauit.

128 4205 137 4236 ¹
153 4204 216 4254 This
228 4205 250 4254 is
263 4207 308 4255 the
320 4205 372 4268 day
383 4205 414 4255 oi
421 4206 462 4256 his
472 4207 639 4266 translation3
656 4208 690 4258 he
701 4208 763 4258 died
774 4222 808 4257 ou
821 4221 853 4270 as
865 4207 962 4258 March.
998 4206 1038 4257 ct.
1047 4206 1105 4256 Act.
1116 4206 1164 4256 SS.
1177 4205 1243 4258 Boll.

94 4269 185 4320 March
199 4270 248 4320 111.
262 4286 286 4333 p.
299 4271 356 4334 486.
466 4271 476 4300 ¹
493 4271 521 4323 T.
535 4273 563 4324 E.
576 4274 706 4324 conticuit.
827 4273 837 4303 ⁸
854 4289 905 4326 om.
1021 4271 1030 4301 ¹
1049 4273 1077 4322 F.
1092 4273 1243 4324 accercitus.

92 4336 280 4454 ῑοῐὶῑὲἶῗὲ.
346 4333 403 4388 ⁸2.
416 4337 530 4390 intrauit.
596 4337 751 4392 'om.iuT.
819 4339 977 4390 ⁸E.eosets.
1044 4337 1100 4388 ·T.
1107 4338 1243 4402 ymbrium.
