3008 4904
206 310 281 404 ba
305 309 469 400 boneta
494 307 692 402 usuam
718 325 813 415 teau
837 317 877 399 at
902 309 1080 399 martire.
1151 319 1217 390 261

269 580 294 636 ‘l
315 565 369 637 Dr
388 574 504 636 seuero
523 565 684 639 Oswntno
703 597 783 638 naas
802 596 840 638 ar
858 597 997 638 unauna
1005 581 1024 638 ¹.

134 716 204 773 Nno
221 725 320 774 autem
337 719 375 775 ab
391 717 596 776 incarnatione
613 718 726 776 domini
739 718 979 793 quingentesimo
992 716 1221 793 quadragesimo

170 805 307 879 septimo,
333 807 371 862 ab
401 807 532 862 aduentu
557 807 727 879 Anglorum
751 807 782 863 in
808 806 994 864 Britanniam
1025 807 1221 880 nonagesimo

66 901 186 962 octauo,
208 893 269 964 Ida,
288 893 406 967 primus
426 911 481 950 rex
501 911 540 950 ex
560 893 679 967 Anglis,
699 895 779 968 cepit
799 912 926 967 regnare
945 895 976 950 in
997 895 1220 952 Northanhum·

66 981 195 1036 brorum
213 981 377 1054 prouincia,
393 999 411 1037 a
429 999 488 1055 quo
507 981 646 1056 primitus
666 981 764 1039 omnis
783 982 918 1039 eiusdem
937 981 1091 1057 prouincie
1110 983 1220 1055 regalis

66 1068 215 1142 prosapia
235 1070 380 1142 originem
402 1069 493 1126 duxit
531 1068 665 1126 Venerat
690 1070 771 1126 enim
793 1071 874 1128 idem
895 1070 949 1126 lda
971 1087 1039 1127 cum
1058 1079 1144 1143 patre
1164 1087 1251 1145 suo5

66 1157 180 1214 comite
192 1157 314 1213 nomine
328 1156 434 1230 Eoppa
449 1175 518 1214 cum
532 1158 728 1231 quadraginta
745 1157 873 1214 nauibus
890 1159 928 1214 ad
944 1157 967 1213 F
968 1158 1125 1230 lamburgh
1138 1158 1222 1214 iuxta

66 1244 254 1316 Scarburgh,
273 1245 404 1318 indeque
428 1245 635 1319 progrediens,
656 1245 785 1302 boriales
805 1245 911 1319 plagas
933 1263 1084 1318 occupans
1109 1245 1220 1302 ibidem

66 1349 198 1406 regnare
211 1333 299 1404 cepit,
310 1341 340 1389 et
353 1331 511 1390 duodecim
522 1333 609 1389 annis
619 1350 747 1406 regnum
761 1332 846 1389 rexit.
872 1331 982 1389 Genuit
992 1341 1091 1390 autem
1101 1332 1154 1389 lda
1164 1351 1220 1390 sex

65 1421 200 1476 liberos:
220 1420 282 1476 scil.
295 1420 393 1490 Adda,
406 1419 546 1492 Ethelric,
559 1421 726 1477 Theoderie
734 1420 753 1488 ²,
768 1419 879 1491 Ethrie,
889 1420 1053 1477 Theotheri
1062 1419 1080 1490 ³,
1091 1420 1218 1490 Osmer;

66 1515 97 1564 et
116 1525 158 1564 ex
176 1507 342 1564 concubina
362 1507 437 1564 alios
461 1525 525 1579 sex,
545 1508 607 1565 scil.
626 1508 702 1580 Ogg,
721 1507 866 1576 Alricum‚
887 1507 1005 1577 Eccam,
1025 1508 1219 1580 Osbaldum⁴,
1236 1534 1268 1570 10

66 1595 155 1665 Scor,
169 1603 199 1651 et
218 1594 378 1652 Steotheri.
417 1595 537 1652 Mortuo
556 1595 618 1666 Ida,
638 1595 703 1652 Elle
722 1594 753 1651 in
772 1612 866 1668 regno
886 1594 1046 1652 Deirorum
1065 1595 1220 1666 successit,

66 1683 159 1740 Adda
166 1699 240 1739 vero
249 1683 327 1739 filius
337 1681 390 1739 lde
399 1691 515 1739 tantum
524 1699 651 1756 regnum
661 1681 868 1740 Berniciorum
879 1685 1019 1755 suscepit.
1041 1683 1107 1739 Elle
1118 1691 1218 1740 tamen

66 1770 125 1827 iste
144 1770 317 1828 desemine
337 1770 391 1827 lde
410 1788 470 1827 non
491 1771 656 1840 descendit,
677 1771 732 1827 sed
757 1779 859 1827 tamen
884 1788 923 1827 ex
945 1769 1077 1839 Woden,
1096 1771 1135 1826 de
1160 1788 1219 1844 quo

67 1859 123 1914 lda
143 1857 251 1930 etipse
265 1857 338 1929 Elle,
352 1858 499 1931 originem
509 1859 605 1914 traxit
643 1858 783 1931 Regnum
796 1857 876 1913 enim
891 1857 1050 1914 Deirorum
1064 1873 1081 1912 a
1094 1857 1219 1914 ssumine

66 1946 220 2002 Humbrie
233 1963 328 2019 vsque
346 1948 384 2003 ad
396 1947 516 2020 Tyriam
536 1947 660 2002 ssuuium
679 1946 832 2018 quondam
850 1963 885 2002 se
904 1945 1056 2014 extendit;
1078 1944 1218 2017 Regnum
1235 1971 1264 2022 1⁵

64 2051 141 2091 vero
161 2033 366 2090 Berniciorum
388 2053 405 2090 a
426 2033 550 2091 ilumine
569 2033 657 2107 Tyne
677 2051 772 2106 vsque
794 2035 831 2090 ad
852 2032 937 2089 Mare
957 2033 1116 2102 Scoticum,
1138 2035 1217 2106 quod

67 2122 230 2178 Scotorum
248 2120 367 2194 lingua⁸
387 2121 410 2177 F
411 2119 478 2179 ortli
498 2120 695 2192 nominatur⁸,
716 2122 931 2195 porrigebatur.
969 2120 1117 2192 Quicquid
1136 2120 1218 2178 enim

64 2211 149 2267 inter
168 2209 288 2283 Tynam
312 2219 342 2268 et
363 2210 474 2267 Tesam
494 2210 603 2267 ssuuios
623 2210 728 2280 extitit,
750 2211 815 2266 sola
838 2209 956 2266 heremi
975 2209 1124 2266 vastitudo
1145 2219 1217 2266 tunc

64 2297 213 2372 temporis
225 2297 287 2368 suit,
300 2307 330 2354 et
346 2297 453 2355 iccirco
466 2297 577 2354 nullius
594 2297 698 2354 ditioni
715 2297 848 2367 seruiuit,
864 2315 900 2353 eo
914 2298 993 2369 quod
1010 2295 1074 2352 sola
1090 2296 1218 2353 indomi-

64 2396 164 2442 torum
188 2393 218 2443 et
243 2385 427 2442 siluestrium
449 2385 622 2442 animalium
646 2386 789 2458 spelunca
811 2392 840 2441 et
865 2384 1005 2440 habitatio
1029 2384 1089 2440 suit
1128 2384 1217 2441 Adda
1233 2407 1264 2444 ao

65 2473 204 2546 regnauit
217 2472 248 2529 in
263 2473 401 2529 Bernicia
418 2483 484 2529 octo
497 2473 601 2530 annis:
620 2482 688 2546 post
701 2490 790 2546 quem
803 2472 928 2545 Glappa,
943 2471 1053 2541 Hussa,
1068 2470 1217 2541 Fridwis',

63 2561 281 2628 Theodericus,
305 2560 474 2618 Ethelricus
495 2561 599 2634 viginti
621 2577 676 2617 sex
697 2560 785 2616 annis
809 2559 981 2617 successiue
1006 2569 1218 2632 regnauerunt.

66 2649 185 2720 Quibus
198 2657 320 2704 octauus
334 2647 519 2705 Ethelsridus
531 2648 635 2721 viginti
649 2657 776 2720 quatuor
787 2647 876 2704 annis
891 2649 921 2703 in
938 2647 1076 2703 Bernicia
1089 2663 1216 2718 regnum

63 2748 175 2795 tenens
189 2735 342 2795 successit.
380 2736 439 2792 Hic
453 2735 584 2793 Accam⁸
597 2735 689 2792 filiam
704 2735 770 2792 Elle
782 2737 862 2809 regis
876 2735 1038 2791 Deirorum
1051 2736 1082 2791 in
1090 2752 1215 2791 vxorem

64 2827 192 2894 ducens,
205 2833 323 2896 septem
341 2823 417 2880 filios
435 2825 557 2898 genuit:
577 2824 640 2881 scil.
655 2823 840 2894 Eaniridum,
854 2822 1038 2891 oswaldum,
1052 2821 1215 2894 Oswium⁹‚
1231 2849 1261 2900 25

65 2913 219 2978 osiacum,
238 2909 464 2982 Osmundum¹⁰,
482 2911 677 2985 Osaphum¹¹,
697 2910 805 2967 Offam.
850 2910 986 2980 Quorum
1006 2909 1167 2966 Eansridus
1185 2920 1216 2967 et

64 2999 229 3057 Oswaldus
248 2999 287 3055 de
305 2999 385 3072 regis
403 2999 468 3054 Elle
487 2999 547 3056 filia
565 2999 695 3069 suerunt,
709 2998 800 3054 ceteri
813 3015 885 3055 vero
904 2998 942 3052 de
961 2997 1134 3054 concubinis
1154 2997 1215 3053 nati

64 3095 146 3146 sunt.
184 3085 230 3142 De
243 3085 436 3143 successione
451 3085 515 3143 Elle
533 3087 613 3160 regis
631 3085 661 3142 in
674 3087 735 3142 vita
753 3094 925 3142 sanctorum
938 3102 1042 3156 regum
1056 3084 1172 3140 Oswini
1185 3094 1216 3140 et

65 3172 186 3232 Edwini
208 3173 286 3229 insra
305 3175 401 3230 videri
426 3182 534 3246 potest.
572 3173 680 3230 Occiso
699 3174 821 3230 tandem
842 3172 880 3228 ab
901 3171 1028 3228 Edwino
1050 3171 1215 3228 Ethelsrido

64 3281 147 3335 rege,
158 3261 211 3317 filii
225 3261 291 3317 eius
304 3279 372 3318 cum
385 3261 467 3317 Acca
480 3269 575 3318 matre
588 3261 688 3334 fugam
697 3261 845 3330 ineuntes,
855 3261 886 3316 in
897 3259 996 3316 Scotia
1004 3245 1066 3315 toti
1077 3268 1214 3332 tempore
1229 3285 1262 3334 30

64 3350 146 3423 regis
167 3347 285 3405 Edwini
305 3348 440 3422 ipsorum
462 3349 560 3422 patrui
585 3349 744 3405 latuerunt.
782 3348 825 3404 lbi
848 3347 929 3405 enirn
948 3345 1117 3415 Oswaldus,
1135 3347 1215 3404 bone

64 3435 176 3496 indolis
200 3436 386 3505 adolescens,
406 3437 455 3509 pie
480 3436 585 3493 matris
610 3454 664 3494 sue
686 3435 851 3492 doctrinam
872 3435 1040 3508 suscipiens
1062 3443 1092 3491 et
1114 3435 1214 3506 iidem,

64 3523 206 3598 baptismi
218 3525 343 3597 gratiam
356 3527 530 3598 promeruit.
568 3523 820 3597 Peregrinationis
839 3541 893 3581 sue
905 3533 1041 3596 tempore
1055 3522 1213 3580 Scotorum

64 3614 199 3686 linguam
220 3611 352 3685 perfecte
374 3613 543 3681 addiscens,
561 3612 673 3670 veteris
691 3613 751 3670 vite
772 3610 991 3669 conuersationi
1014 3610 1144 3683 perfecte
1165 3628 1214 3668 re-

65 3699 225 3758 nunciauit
304 3688 500 3759 ¹’Interfecto
524 3703 646 3758 tandem
670 3718 742 3776 rege
768 3701 902 3770 Edwino,
927 3699 1060 3772 suscepit
1085 3716 1212 3771 regnum
1227 3721 1258 3775 35

95 3840 105 3870 ¹
122 3839 259 3902 Compiled
271 3839 336 3889 from
354 3839 427 3890 Beda
444 3839 491 3892 lll.
512 3855 584 3902 1-13,
596 3841 648 3890 and
660 3841 704 3891 the
714 3841 776 3890 Vita
789 3840 827 3906 (in
839 3840 912 3890 three
928 3839 1022 3900 books)
1035 3839 1070 3901 by
1082 3838 1212 3901 Reginald

65 3908 90 3956 in
103 3905 159 3956 MS.
170 3905 272 3954 Fairi'ax
283 3908 301 3954 6
313 3907 374 3970 (and
387 3906 460 3956 Harl.
468 3907 553 3970 4853),
566 3913 634 3956 most
645 3907 675 3955 ot'
682 3907 768 3956 which
781 3907 803 3956 is
814 3907 855 3955 ed.
867 3906 902 3968 by
909 3905 1074 3964 Th.Amold,
1082 3905 1213 3955 Simeonis

66 3973 133 4022 Dun.
146 3971 214 4034 Opp.
228 3971 309 4020 Rolls’
322 3971 379 4022 Ser.
394 3973 466 4031 1882,
480 3971 499 4020 l.
511 3988 537 4034 p.
547 3975 605 4034 326.
638 3971 758 4021 Another
768 3972 811 4020 lise
823 3972 845 4022 is
856 3978 945 4020 extant
962 3973 989 4019 at
1001 3969 1211 4033 Peterborough;

65 4040 109 4087 the
119 4037 184 4086 lives
196 4035 221 4084 in
235 4035 289 4086 MS.
301 4036 370 4088 Trin.
384 4037 450 4087 Coll.
464 4037 558 4086 Dublin
571 4039 593 4086 B
606 4053 629 4088 a.
639 4053 653 4099 7
665 4038 716 4087 and
729 4037 756 4086 in
767 4037 837 4086 Trin.
851 4037 1024 4088 Colicambr.
1037 4036 1102 4086 Gale
1113 4037 1213 4099 merely

66 4105 122 4166 give
135 4101 229 4152 Bede's
241 4109 304 4163 text,
318 4117 347 4152 as
359 4103 413 4152 also
429 4104 485 4152 that
500 4103 535 4165 by
548 4103 644 4165 Droga,
657 4104 698 4154 ed.
711 4103 777 4154 Boll.
791 4103 884 4166 5Aug.
897 4118 921 4164 p.
933 4118 966 4166 94
979 4103 1023 4167 (ex
1036 4102 1091 4154 MS.
1100 4101 1212 4152 Winno·

66 4167 210 4232 cibergensi
221 4168 248 4215 in
261 4167 400 4232 Flandria).
435 4168 491 4218 The
502 4169 646 4232 genealogy
657 4169 679 4219 is
690 4169 755 4218 from
768 4167 904 4230 Reginald.
991 4165 1002 4196 ’
1017 4167 1046 4217 T.
1058 4167 1211 4218 Theodoric.

65 4235 74 4264 ³
90 4234 118 4284 T.
131 4233 272 4292 Deotheri;
291 4233 319 4284 E.
333 4234 471 4284 Theoderi.
536 4234 583 4284 ¹T.
599 4235 752 4294 Osbnldum
765 4233 793 4282 E.
807 4233 965 4283 Oswaldum.
1033 4233 1084 4283 ὅΤ.
1098 4235 1211 4297 scotice3

65 4301 93 4350 E.
106 4308 235 4350 scotorum
247 4299 324 4362 linga.
422 4297 432 4326 ⁸
448 4299 477 4349 T.
489 4298 589 4350 dieitur.
695 4298 704 4326 ⁷
723 4301 789 4362 Reg.
802 4299 933 4349 Fridwult'.
1043 4297 1053 4326 ⁸
1070 4299 1099 4349 Ε.
1110 4299 1211 4351 Aetam.

64 4365 279 4420 ’EOswiuurn
344 4363 588 4430 ”Reeoswuau
653 4363 670 4395 ¹¹
687 4365 845 4418 T.0saiirm.
913 4363 986 4416 ”Ch
999 4363 1079 4428 Reda,
1092 4365 1140 4416 lll.
1154 4381 1175 4418 1.
