3052 4896
290 283 365 373 482
603 281 735 368 Em
758 277 949 382 legurm
971 277 1125 380 flttgiie.
1241 281 1452 358 [nentur.

290 479 604 548 deuotamldeenm
629 479 784 536 mribus
808 477 945 536 Eudonia
967 479 1358 556 etEngeniavirginibus,
1381 500 1452 556 pre·

291 569 438 626 dictarum
446 567 751 641 virginumcognnet
771 566 845 623 fssie
854 585 926 624 vero
934 568 1450 641 quondamregisNormannorum,

291 657 342 730 qui
361 673 440 712 nunc
458 673 561 713 comes
577 655 746 729 appellatur
762 655 801 712 de
821 654 1014 724 Normarrdia,
1032 656 1118 712 beata
1132 656 1292 713 Dorothea
1310 669 1345 716 et
1364 675 1452 715 soror

291 743 357 800 eius
377 741 1168 812 Luciacumsuoall'ueruntoomitatunobilissimo.
1206 743 1285 802 Filie
1306 757 1449 819 preterea
1498 781 1499 800 r

263 833 443 905 ‚rquondam
468 831 548 904 regis
574 829 813 898 flandrensium,
830 829 883 902 qui
905 847 985 886 nune
1005 847 1108 886 eomes
1131 830 1253 900 dicitnr,
1279 832 1382 890 Lucia
1403 833 1451 890 et'

292 917 453 986 Germana,
476 935 545 974 etun
570 927 665 976 matre
689 917 849 974 Tneodora
872 915 1095 989 preclarissima
1117 927 1266 986 munna,
1291 921 1449 978 affuenrnt

291 1006 519 1080 peregrinantes
537 1023 592 1078 pro
611 1005 740 1061 Christo
778 1003 851 1060 lilia
868 1021 944 1061 sane
961 1005 1047 1061 ducis
1065 1005 1238 1062 brabantini
1257 1007 1451 1064 louaniensis

291 1093 423 1166 Gyaua',
443 1103 532 1166 atque
555 1103 680 1165 cognata
706 1091 801 1164 ipsius
822 1091 958 1148 Ywanat
979 1091 1040 1148 lilia
1062 1093 1202 1149 auunculi
1226 1095 1309 1163 eius,
1336 1107 1370 1152 et
1395 1097 1451 1152 due

292 1181 352 1238 filie
370 1181 488 1238 comitis
505 1179 680 1253 ynanensis
692 1179 815 1236 Ysamia
833 1189 865 1236 et
884 1179 1032 1246 ilerdam,
1044 1197 1113 1236 cum
1130 1180 1191 1237 illis
1204 1183 1452 1253 proficiscuntur.

248 1292 279 1328 ro
294 1267 369 1326 filia
387 1269 477 1325 etiam
495 1267 580 1324 ducis
598 1266 622 1323 F
623 1266 757 1323 risonum
781 1266 936 1322 Elisabeth
954 1277 1081 1338 cognata
1102 1267 1206 1339 regine
1226 1267 1406 1340 Danorum,
1425 1281 1453 1327 et

292 1373 379 1414 soror
394 1355 489 1429 ipsius
508 1354 645 1412 similiter
657 1363 786 1428 pergunt
799 1371 866 1410 curn
880 1353 947 1410 illis.
985 1354 1056 1411 Dux
1073 1372 1147 1412 vero
1164 1355 1352 1416 Alexander
1365 1358 1453 1416 cum'

291 1461 386 1500 uxore
405 1461 461 1498 sua
477 1451 508 1500 et
527 1442 643 1498 filiabus
661 1441 803 1515 quinque,
821 1443 883 1498 dux
903 1440 985 1498 Leo¹
997 1459 1067 1498 cum
1081 1459 1176 1499 vxore
1194 1451 1225 1500 et
1244 1445 1352 1503 tribus
1370 1465 1454 1503 soro-

292 1531 384 1598 ribus,
396 1531 458 1586 dux
471 1530 563 1587 vero·
577 1529 722 1586 Sinceros
736 1528 843 1585 lwari⁷
854 1529 935 1602 regis
950 1529 1030 1586 lilius
1046 1547 1115 1587 curn
1127 1548 1222 1588 uxore
1233 1541 1266 1588 et
1279 1533 1346 1590 filia
1358 1535 1454 1607 Taysi

292 1628 322 1677 et
334 1621 451 1676 duabus
468 1619 621 1676 sororibus
634 1617 692 1674 illis
704 1617 822 1674 adhesit
829 1617 849 1675 ⁸.
885 1617 1027 1675 Preterea
1041 1635 1110 1675 curn
1124 1618 1232 1675 ceteris
1245 1622 1451 1694 principibus

248 1727 278 1778 ιε
292 1707 439 1765 ducibus¹
453 1715 483 1763 et
501 1707 659 1764 comitibus
677 1705 760 1762 affuit
781 1705 967 1763 Harderieus
985 1723 1087 1764 comes
1105 1706 1230 1764 illustris
1238 1707 1259 1777 ⁹,
1277 1712 1455 1768 auunculus

293 1795 397 1870 regine
416 1794 539 1867 virginis
557 1793 667 1852 Vrsule
684 1794 798 1864 matris,
815 1811 884 1850 cum
900 1810 995 1850 uxore
1007 1793 1118 1851 Vrsula
1137 1795 1265 1852 muliere
1288 1798 1409 1855 deuota
1426 1810 1455 1856 et

293 1893 417 1942 strenua
436 1883 621 1956 multumque
638 1881 787 1939 laudabili
823 1881 873 1938 Ab
892 1881 948 1938 ista
959 1881 1070 1939 Vrsula
1087 1882 1240 1940 comitissa
1258 1885 1351 1956 regia
1367 1889 1453 1961 virgo

292 1971 403 2029 Vrsula
422 1987 532 2028 nornen
551 1971 674 2044 accepit.
711 1969 871 2026 Habebant
887 1986 961 2026 sane
978 1985 1082 2026 seeum
1096 1979 1158 2027 tres
1176 1969 1275 2027 filias:
1298 1971 1452 2030 lulianam

293 2071 323 2117 et
338 2059 484 2117 Ebbinam
497 2059 629 2132 virgines
642 2058 801 2132 preclaras,
813 2066 902 2130 atque
914 2057 1093 2130 Adewigenr
1102 2057 1123 2090 ¹⁰
1134 2057 1301 2128 ducissam,
1314 2059 1451 2118 Cordule

249 2168 281 2204 ao
293 2147 417 2221 virginis
436 2157 573 2204 matrem.
612 2145 764 2203 Elizabeth
776 2145 860 2217 virgo
879 2144 1068 2202 sanctissima
1086 2143 1228 2202 lobannis
1243 2147 1353 2219 magni
1368 2149 1451 2221 prin·

292 2235 368 2308 cipis
386 2234 455 2305 lilia,
474 2233 558 2291 cuius
576 2243 673 2290 mater
692 2233 845 2290 Elizabeth
864 2233 1017 2289 dicebatur
1034 2241 1064 2288 et
1082 2241 1147 2288 erat
1163 2249 1250 2288 soror
1268 2237 1372 2291 sancti
1393 2236 1449 2293 Ce-

293 2324 364 2380 sarii
388 2321 522 2396 episcopi
544 2321 717 2389 meldensis,
737 2321 815 2378 inter
833 2329 934 2377 cetera
956 2337 1017 2393 que
1038 2321 1167 2394 agebant
1192 2320 1299 2394 [opera
1321 2323 1420 2395 bona]
1432 2325 1451 2357 ¹¹

293 2421 391 2470 mater
403 2411 459 2468 hec
472 2419 502 2468 et
514 2409 574 2466 lilia
586 2409 738 2467 dominam
751 2417 883 2466 nomam
897 2407 1003 2465 intimo
1015 2407 1123 2465 affectu
1136 2409 1319 2466 dilexerunt.
1359 2411 1450 2469 Vnde

293 2499 361 2572 ipsa
378 2500 483 2572 regina
500 2498 641 2567 celorum,
655 2496 809 2554 materiam
821 2497 897 2552 dans
914 2493 998 2552 fratri
1015 2495 1240 2568 expeditionem
1252 2513 1362 2554 earum
1375 2501 1450 2556 scri·

250 2601 280 2652 ²5
294 2587 386 2656 benti,
406 2585 534 2643 iniunxit
553 2594 584 2642 vt
602 2601 670 2642 earn
688 2583 850 2652 scriberet;
878 2591 926 2640 est
943 2582 1025 2640 eninr
1044 2583 1140 2641 series
1158 2585 1365 2656 expeditionis
1384 2587 1450 2644 eius

293 2673 427 2748 pulchra.
471 2672 583 2730 Sancta
611 2671 701 2729 etiam
733 2670 872 2728 Nestoria
898 2669 982 2743 virgo
1012 2669 1096 2728 affuit
1126 2671 1336 2736 illustrissima,
1363 2676 1450 2732 cuius
1498 2693 1499 2704 ²

294 2771 393 2818 mater
418 2759 524 2834 Egidia
548 2760 609 2818 lilia
632 2759 686 2815 suit
712 2757 866 2816 Henriciss
889 2757 991 2831 magni
1022 2757 1104 2831 regis
1128 2758 1318 2817 Walliorum.
1357 2761 1449 2820 Pater
1498 2763 1499 2772 ³

294 2848 442 2921 siquidem
461 2848 600 2904 Nestorie
618 2845 742 2920 virginis
758 2847 820 2903 dux
838 2855 902 2902 erat
921 2845 1077 2916 Eusebius,
1092 2855 1122 2904 et
1140 2849 1224 2903 erat²
1235 2849 1344 2905 eadem
1364 2851 1447 2922 virgo

294 2953 381 2994 soror
401 2935 574 2992 Eleutherie
593 2944 623 2992 et
641 2933 760 3006 losippe
785 2932 934 3006 virginum
959 2942 1108 3007 exparte
1128 2934 1230 3007 patris.
1269 2934 1361 3007 Ecce,
1381 2956 1447 3010 pre·

248 3045 281 3096 30
294 3025 440 3081 dictorum
458 3039 564 3097 regum
582 3031 613 3080 et
630 3021 811 3094 reginarum,
824 3021 941 3088 ducum,
958 3021 1101 3078 comitum
1120 3031 1150 3078 et
1168 3022 1352 3096 principum,
1366 3025 1446 3082 illus·

293 3111 491 3168 trissimarum
505 3109 654 3182 virginum
672 3117 704 3166 et
721 3117 923 3165 matronarum
943 3109 1168 3181 expeditionum
1180 3110 1295 3168 seriem
1308 3113 1446 3184 pulcher·

293 3198 400 3256 rimam
410 3197 431 3231 ¹⁸
448 3195 620 3270 singillatim
633 3195 848 3270 descripsimus
860 3197 891 3253 in
903 3196 961 3252 alio
973 3196 1125 3254 volumine
1133 3195 1165 3264 ¹⁴,
1179 3206 1210 3254 et
1221 3198 1405 3270 pleniorem,
1417 3200 1445 3256 in

294 3285 403 3360 quibus
427 3286 521 3342 lector
543 3282 581 3357 (si
605 3301 672 3342 eam
691 3301 788 3356 usque
811 3285 849 3340 ad
874 3283 966 3340 linem
990 3283 1164 3356 perlegerit)
1181 3283 1336 3357 virginum
1356 3288 1446 3360 pluri·
1498 3337 1499 3344 ,

294 3389 410 3432 marum
435 3372 580 3430 nobilium
610 3381 640 3429 et
666 3371 891 3429 domicellarum
916 3371 1095 3428 laudabilem
1119 3371 1212 3430 vitam
1236 3373 1396 3432 mirabitur
1419 3385 1447 3433 et
1498 3385 1499 3414 ³

249 3483 279 3534 35
294 3461 465 3536 religiosam
478 3459 736 3518 comer-sationem
748 3476 852 3517 earum
866 3459 914 3516 et¹
925 3459 1074 3533 pudicam.

436 3655 460 3716 tl
479 3654 567 3725 Quod
580 3671 666 3712 sacre
678 3654 810 3728 virgines
822 3653 928 3712 celitus
940 3653 1079 3711 iubentur
1091 3653 1148 3711 iter
1159 3654 1304 3728 arripere.

331 3765 474 3850 Cumque
485 3775 507 3809 ¹⁸
524 3775 673 3850 virginum
691 3777 857 3834 earundem
878 3793 896 3832 a
915 3777 973 3833 deo
995 3775 1173 3848 dispositum
1195 3778 1445 3852 peregrinationis

294 3875 416 3939 tempus
439 3863 566 3922 instaret
587 3881 732 3937 sacreque
757 3863 957 3937 expeditionis
981 3862 1047 3920 dies
1071 3863 1213 3932 affuisset,
1233 3864 1377 3924 diuinitus
1397 3868 1445 3924 ad-

295 3961 456 4012 monentur
476 3950 534 4009 iter
553 3951 688 4025 arripere
709 3959 798 4024 atque
817 3951 856 4008 ad
879 3968 973 4010 naues
993 3951 1162 4025 confugere.
1198 3951 1287 4010 Tunc
1308 3971 1444 4011 surrexe·

330 4143 522 4208 ¹B.cognatit.
576 4142 653 4196 ¹0m.
666 4143 693 4192 in
705 4141 735 4196 B.
785 4143 843 4196 ⁸13.
856 4143 955 4206 Gyana.
1006 4143 1205 4206 ¹13.me
1270 4145 1441 4198 ³⁴crant...

296 4211 351 4263 Leo
366 4211 497 4262 orninli.
581 4208 738 4262 ⁸B.etiam.
815 4207 977 4262 'B.lwani.
1059 4209 1297 4262 'Radbeaerunt
1385 4211 1441 4260 ⁹13.

295 4277 491 4328 illustrissimus.
628 4277 648 4306 ¹⁰
665 4276 695 4325 E.
707 4275 877 4337 Aldewigern.
1007 4275 1027 4305 ¹¹
1043 4291 1093 4328 om.
1229 4277 1249 4306 ²¹
1267 4279 1298 4330 B.
1314 4277 1439 4328 Hunerici.

295 4339 314 4396 ¹⁸,
333 4341 363 4392 E.
375 4341 569 4406 expeditionem
580 4341 650 4392 serie
660 4339 840 4405 pulcherrima.
905 4340 926 4372 ²⁴
941 4356 978 4394 sc.
989 4341 1031 4394 lrb.
1044 4341 1078 4394 11.
1144 4341 1164 4372 ¹⁵
1182 4341 1214 4394 B.
1226 4342 1358 4410 Dumque.
