3012 4898
407 321 482 416 Di
505 318 669 409 &nutu
695 317 893 422 tuncino.
1154 325 1221 396 281

77 520 223 579 seruitute
247 520 361 580 suerat:
391 523 442 580 vbi
462 521 536 580 vidit
561 522 781 580 multitudinem
805 521 949 595 gentium,
973 523 1136 579 aduentum
1160 520 1227 578 eius

76 610 309 681 expectantium.
347 610 424 668 Nam
437 628 493 683 per
505 611 597 666 multa
609 619 746 682 tempora
758 610 838 682 magi
851 620 881 666 et
898 609 1046 682 prophete
1063 610 1226 666 aduentum

78 695 199 754 Patricii
208 697 414 770 predixerunt,
426 697 577 755 dieentes:
598 697 766 755 ‘Adueniet
773 698 863 754 homo
876 715 944 754 cum
957 715 1012 754 suo
1025 696 1106 770 ligno
1116 697 1132 764 ¹,
1142 697 1227 754 cuius

78 801 186 841 mensa
203 786 260 841 erit
276 785 307 842 in
323 786 438 843 oriente
455 786 563 842 domus
577 803 641 854 sue,
655 794 685 843 et
703 785 833 859 populus
851 785 917 841 eius
935 793 1118 841 retrorsum:
1138 793 1168 840 et
1187 802 1226 841 ex

78 888 135 928 sua
146 889 253 929 mensa
272 873 399 930 cantabit
406 873 426 944 ¹,
439 882 469 930 et
487 873 599 929 familia
617 873 811 946 respondebit
826 871 854 928 ei
873 889 970 928 amen.
1008 872 1067 928 Hic
1086 889 1155 929 curn
1173 873 1255 937 ad·s

80 961 209 1028 uenerit,
218 961 291 1016 deos
301 970 421 1017 nostros
430 961 574 1030 destruet,
582 961 697 1034 templa
706 961 868 1026 subuertet,
878 975 967 1032 reges
980 959 1036 1016 sibi
1048 959 1228 1016 resistentes

77 1045 211 1113 occidet:
230 1056 261 1103 et
270 1047 406 1105 doctrina
414 1048 479 1104 eius
489 1048 626 1121 regnabit
634 1048 665 1104 in
675 1048 810 1104 seculum
824 1047 931 1104 secuu’
957 1046 1094 1120 Preeepit
1107 1045 1226 1104 autem²

77 1150 136 1190 rex
155 1135 233 1192 illius
253 1136 417 1208 prouincie‚
435 1136 559 1192 nomine
580 1135 734 1208 Leogaire,
753 1135 873 1209 populis
895 1134 967 1205 suis,
986 1143 1019 1191 vt
1040 1134 1155 1191 solicite
1176 1135 1227 1190 ad·

78 1230 205 1278 uentum
218 1222 284 1278 eius
297 1231 500 1296 expectantes,
508 1241 527 1280 a
538 1223 649 1280 finibus
662 1223 724 1280 suis
738 1222 918 1296 repellerent
930 1239 1009 1280 eum.
1037 1222 1113 1279 Cum
1125 1231 1226 1278 autem

78 1307 228 1366 Patricius
240 1311 356 1367 veniret
368 1312 405 1368 ad
417 1319 539 1380 terram,
552 1310 729 1367 dimiserunt
740 1310 868 1384 gentiles
880 1325 986 1366 canem
998 1309 1226 1377 ferocissimum,
1242 1328 1273 1366 ro

77 1405 109 1452 vt
121 1395 206 1452 illum
219 1398 387 1456 denotaret.
425 1397 489 1455 Sed
501 1398 584 1455 canis
600 1399 659 1468 ille,
671 1398 754 1454 velut
772 1398 848 1472 lapis
866 1397 945 1454 fixus
959 1397 1041 1454 stetit
1056 1396 1226 1454 immobilis.

81 1481 151 1539 Hoc
169 1493 270 1541 autem
282 1485 389 1543 videns
401 1486 522 1559 quidam
535 1486 620 1559 gigas
635 1485 758 1542 nomine
771 1485 878 1554 Dichu,
891 1486 1022 1542 surrexit
1035 1503 1101 1543 cum
1119 1485 1228 1558 gladio,

76 1579 110 1626 vt
129 1581 268 1629 sanctum
286 1571 486 1630 interficeret:
511 1582 541 1630 et
563 1573 629 1647 ipse
648 1572 786 1630 similiter
802 1573 888 1641 aruit,
907 1582 936 1629 et
955 1591 1012 1630 uec
1030 1591 1152 1630 manum
1171 1591 1227 1631 nec

76 1659 190 1731 pedem
209 1675 333 1716 mouere
350 1661 454 1733 potuit.
491 1660 637 1718 Patricius
650 1678 723 1717 vero
740 1659 905 1733 predicauit
922 1660 965 1716 illi
982 1661 1107 1717 verbum
1127 1662 1184 1730 dei,
1197 1669 1228 1718 et

79 1746 118 1802 ad
132 1745 225 1802 fidem
238 1747 394 1804 conuertit.
432 1747 491 1818 Qui
503 1748 624 1804 tradidit
640 1748 681 1804 illi
693 1765 799 1821 agrum
811 1747 842 1804 iu
855 1765 915 1820 quo
927 1748 1052 1816 stabant,
1065 1757 1095 1804 et
1112 1748 1227 1821 rogauit
1243 1766 1271 1817 ¹5

79 1849 121 1888 ne
147 1832 300 1905 longitudo
322 1836 448 1892 ecclesie
470 1838 508 1892 ab
527 1836 682 1892 occidente
704 1837 734 1891 in
753 1834 901 1892 orientem
918 1843 1094 1905 verteretur,
1114 1837 1168 1892 sed
1188 1838 1228 1892 ab

78 1921 265 1992 aquilonein
278 1921 444 1979 meridiem.
483 1923 521 1979 Et
536 1923 707 1982 factumest
723 1923 772 1980 ita„
842 1911 918 1979 Alio
929 1922 987 1991 die,
999 1939 1068 1979 cum
1082 1922 1228 1980 Patricius

80 2007 207 2064 missam
225 2009 399 2080 celebraret,
418 2009 540 2083 quidam
559 2027 666 2084 magus
684 2009 790 2068 effudit
805 2009 928 2066 calicem
946 2027 1053 2066 suum:
1078 2019 1108 2066 et
1126 2009 1227 2066 statim

78 2103 172 2162 terra,
183 2095 324 2168 aperiens
337 2115 372 2154 os
384 2114 481 2166 suum,
490 2098 645 2155 deuorauit
658 2115 736 2155 eum.
807 2087 928 2156 Videns
941 2107 1041 2154 autem
1052 2097 1127 2166 Rus,
1137 2097 1228 2155 irater

80 2182 190 2252 Dichu,
207 2183 296 2240 valde
316 2201 421 2254 senex,
440 2187 521 2258 quod
539 2186 630 2243 irater
648 2203 721 2242 suus
740 2185 860 2243 Christo
879 2185 1064 2255 credidisset,
1082 2187 1227 2258 pugnauit
1243 2199 1274 2237 πο

77 2279 187 2326 contra
212 2270 381 2342 Patricium,
406 2281 437 2330 et
460 2273 554 2329 uoluit
579 2275 712 2330 credere.
755 2273 812 2331 Cui
835 2282 958 2330 sanctus
984 2272 1042 2331 ait:
1063 2273 1169 2344 “Quid
1195 2281 1226 2330 tu

77 2375 200 2431 pugnas
218 2375 274 2430 pro
292 2359 349 2415 hac
366 2359 436 2428 vita,
455 2377 514 2434 que
532 2361 585 2417 tibi
604 2360 744 2418 delicit⁴t
781 2361 858 2417 Nam
871 2378 979 2418 omnes
991 2377 1100 2418 sensus
1112 2360 1155 2416 tui
1174 2361 1227 2417 de-

77 2445 233 2503 fecerunt:
259 2447 336 2503 oculi
354 2465 414 2504 non
433 2449 512 2506 bene
529 2449 640 2518 vident,
659 2465 747 2506 aures
766 2465 826 2505 non
845 2449 924 2506 bene
941 2449 1073 2516 audiunt,
1092 2447 1227 2505 dentium

77 2549 226 2590 numerus
244 2533 419 2592 imminutus
429 2534 442 2566 ⁸
453 2545 515 2606 est;
537 2535 674 2592 similiter
689 2545 719 2593 et
735 2547 834 2594 cetera
850 2536 994 2595 membra.
1028 2535 1061 2593 Si
1074 2537 1141 2610 quis
1154 2553 1227 2610 ergo

78 2621 273 2678 renouauerit
290 2621 399 2678 iterum
418 2623 603 2680 iuuentutem
622 2633 713 2692 tuam,
730 2623 875 2697 numquid
894 2625 1035 2682 crederes
1053 2624 1128 2680 illii'
1166 2624 1227 2681 Re·
1242 2643 1273 2694 ²5

77 2708 203 2782 spondit
220 2708 304 2765 Rus:
327 2708 377 2765 ‘Si
395 2709 451 2767 hoc
470 2710 588 2779 feceris,
606 2710 659 2767 tibi
679 2713 817 2768 credam!
853 2712 948 2780 Tunc,
967 2720 1070 2768 orante
1091 2711 1228 2782 Patricio,

77 2805 245 2854 renouatus
265 2805 311 2853 est
331 2796 397 2854 Rus
415 2797 446 2853 in
471 2807 582 2856 etatem
603 2799 797 2873 pulcherrimi
816 2807 846 2856 ct
863 2798 1018 2856 fortissimi
1035 2798 1170 2857 iuuenis:
1197 2809 1229 2856 et

77 2883 181 2940 statim
202 2883 336 2955 credidit,
357 2893 386 2941 et
405 2884 573 2958 baptizatus
594 2894 650 2956 est,
672 2903 741 2943 cum
763 2887 858 2943 tribus
880 2887 967 2943 tiliis⁸
986 2885 1049 2943 suis
1071 2896 1100 2943 et
1119 2887 1228 2944 ceteris

76 2969 192 3028 multis.
230 2970 313 3027 Dixit
331 2980 432 3029 autem
445 2972 589 3030 Patricius
608 2974 646 3030 ad
660 2973 743 3032 Rus:
763 2974 876 3031 ‘Datur
892 2973 945 3031 tibi
962 2974 1067 3032 electio
1079 2983 1179 3031 vtrum
1196 2973 1227 3031 in

76 3060 137 3116 bac
158 3058 219 3114 vita
240 3061 374 3130 presenti
396 3059 485 3133 longo
505 3069 642 3134 tempore
665 3061 775 3118 iterum
794 3061 889 3131 viuas,
910 3079 949 3118 an
969 3078 1048 3118 nunc
1070 3063 1108 3118 ad
1129 3062 1228 3119 celum
1240 3079 1274 3130 30

76 3147 210 3220 pergas’
248 3145 418 3218 Respondit
430 3147 513 3204 Rus:
532 3147 635 3221 ‘Eligo
644 3158 676 3205 vt
688 3150 777 3206 modo
790 3150 929 3206 advitam
940 3158 1074 3206 eternam
1088 3166 1195 3206 exeam
1204 3151 1226 3206 ¹:

76 3243 110 3291 et
123 3234 233 3300 statim,
245 3242 368 3306 accepto
380 3233 535 3304 sacrificio,
548 3236 687 3308 migrauit
702 3237 740 3293 ad
752 3237 915 3294 dominum.
988 3224 1080 3294 Tunc
1093 3237 1228 3310 perrexit

78 3319 229 3379 Patricius
247 3321 285 3377 ad
304 3339 407 3394 regem
425 3321 545 3393 Miluch,
559 3340 627 3379 cum
645 3341 704 3398 quo
722 3324 754 3380 in
772 3325 916 3381 seruitute
935 3324 1039 3394 suerat,
1051 3333 1083 3380 vt
1102 3341 1171 3381 eum
1189 3325 1228 3382 ad

78 3411 175 3468 fidem
192 3419 389 3466 conuerteret
426 3409 514 3480 Quod
531 3410 580 3467 ille
597 3412 732 3478 audiens,
745 3411 935 3485 congregauit
952 3428 1073 3468 omnem
1090 3412 1227 3468 substan-

77 3498 155 3555 tiam
171 3505 300 3554 suamet
316 3498 471 3554 succendit
482 3514 550 3554 eam
569 3515 663 3571 super
678 3517 721 3568 se,
734 3498 851 3572 illicque
864 3500 1037 3556 combustus
1049 3508 1111 3557 est:
1132 3499 1227 3572 magis
1241 3517 1272 3569 35

76 3593 209 3642 mortem
234 3583 349 3656 eligens
373 3601 462 3658 quam
487 3594 519 3641 vt
543 3603 633 3642 seruo
657 3603 712 3642 suo
736 3587 823 3660 quasi
853 3587 1005 3644 subiectus
1029 3595 1227 3660 permaneret

76 3672 227 3731 Patricius
245 3689 318 3729 vero
337 3673 376 3728 de
394 3681 497 3730 monte
516 3673 684 3746 propinquo
703 3674 759 3731 hoc
777 3675 907 3745 intuens,
925 3674 1041 3730 duabus
1059 3675 1142 3730 horis
1160 3691 1227 3731 sus·

74 3761 184 3835 pirans
196 3769 226 3816 et
238 3759 422 3816 lachrimans
436 3759 494 3818 ait:
514 3760 590 3817 ‘Hic
604 3779 658 3819 rex
671 3762 742 3835 quia
758 3762 893 3836 seipsum
906 3760 968 3835 igni
981 3762 1101 3818 tradidit
1118 3779 1157 3819 ne
1169 3763 1228 3818 deo

76 3856 186 3907 eterno
205 3847 341 3917 semiret,
359 3864 449 3904 nemo
469 3848 585 3906 sedebit
603 3850 642 3906 de
660 3849 730 3906 filiis
748 3851 814 3907 eius
831 3867 886 3907 rex
905 3866 998 3923 super
1018 3849 1122 3906 sedem
1141 3849 1227 3922 regui

76 3935 154 4004 eius,
168 3935 223 3992 sed
236 3951 343 3991 semen
357 3933 422 3992 eius
438 3935 552 3992 seruiet
567 3936 598 3992 in
616 3937 851 4010 sempiternum!
889 3937 927 3994 Et
939 3945 1044 4010 postea
1058 3937 1166 3994 factum
1180 3945 1226 3994 est
1239 3953 1273 4004 40
1351 3927 1357 3938 ¹

75 4025 128 4082 ita.
178 4010 274 4080 Venit
284 4031 384 4079 autem
394 4021 540 4080 Patricius
548 4025 586 4080 ad
596 4025 719 4083 domum
729 4025 884 4082 cuiusdam
893 4025 949 4082 viri
959 4024 1077 4095 nobilis,
1086 4034 1115 4082 et
1128 4024 1226 4098 predi·

74 4129 153 4173 cans
167 4111 197 4168 ei
210 4110 371 4178 Christum,
385 4110 546 4184 baptizauit
564 4129 651 4170 eum:
671 4122 701 4170 et
718 4113 834 4170 inuenit
852 4131 921 4170 cum
938 4131 974 4170 eo
991 4112 1085 4170 filium
1101 4113 1152 4186 qui
1169 4112 1226 4170 sibi

73 4200 197 4277 placuit,
206 4207 236 4256 et
249 4198 331 4255 dedit
341 4198 369 4255 ei
377 4215 488 4257 nornen
499 4199 678 4274 Benignum.
703 4199 784 4260 Puer
795 4201 936 4275 [autemJ'
950 4199 998 4258 ille
1012 4200 1075 4258 suis
1087 4201 1227 4260 manibus

108 4330 190 4380 ¹Vit.
205 4328 446 4393 liguocunricipite.
552 4328 629 4381 ¹vie
642 4338 708 4380 cant
721 4330 802 4381 nesus.
906 4329 1067 4393 ⁸vitergo.
1166 4330 1227 4383 *al

73 4397 184 4454 deiecit.
283 4393 357 4458 iffi,
369 4395 399 4445 T.
410 4395 565 4448 immutatus.
662 4393 722 4448 ⁸⁰1.
735 4397 862 4448 iratribus.
961 4395 1106 4449 'Reuim
