3054 4904
265 293 333 362 10⁶
571 291 703 378 noa
728 288 918 394 [manua
942 289 1094 395 unalia

260 489 423 546 lactantes¹
449 489 478 546 in
504 508 558 548 ore
583 509 639 548 suo
664 493 871 566 submergunt,
897 493 1034 550 habebat.
1077 491 1176 562 Quam
1207 491 1237 548 in
1268 507 1323 548 ore
1353 507 1409 546 suo

259 577 404 650 puerulus
423 595 594 649 assumens,
613 589 757 653 tanquam
777 581 940 637 mamillam
962 599 1017 638 sue
1037 581 1141 638 matris
1162 579 1323 653 sugebat²:
1349 595 1409 650 que

260 664 466 722 dulcissimum
481 667 605 738 puerilis
617 667 752 724 alimenti
765 685 914 741 saporem,
927 667 1009 724 omni
1023 669 1099 724 lacte
1118 666 1255 724 muliebri
1267 677 1297 723 et
1310 663 1409 721 mellis

259 751 336 808 sauis
355 753 641 824 desiderabiliorem,
655 755 777 811 infantis
796 757 839 811 on'
856 757 1007 824 reddebat,
1020 766 1050 812 et
1068 765 1100 812 vt
1117 772 1227 812 manna
1245 752 1409 827 antiquitus

232 839 403 911 5patribus,
428 858 518 897 omne
542 841 766 900 condimentum
796 843 914 916 saporis
938 844 1091 916 prebebat
1140 842 1295 899 Cambriee
1327 839 1408 897 enim

261 944 353 1000 vsque
365 927 395 984 in
409 929 588 985 hodiernum
603 929 682 986 diem
696 931 796 986 ‘cloch
809 931 942 987 tethauc’
955 931 1132 1004 appellatur,
1140 931 1220 1003 quod
1231 928 1410 986 ‘mamillata

259 1019 422 1088 campana’
436 1016 657 1090 interpretatur.
694 1017 808 1074 Sordes
820 1036 892 1074 vero
905 1037 980 1091 quas
993 1036 1070 1091 puer
1082 1017 1254 1074 naturaliter
1267 1018 1296 1072 in
1311 1033 1410 1072 seces-

260 1119 327 1158 sum
341 1103 457 1174 emittit,
471 1105 520 1161 ille
535 1121 726 1178 nequaquam
745 1105 887 1162 iaciebat:
908 1106 1106 1162 subtilissimo
1122 1105 1204 1162 enim
1222 1105 1288 1162 cibo
1305 1121 1410 1160 vesce-

259 1191 355 1260 batur,
381 1192 432 1264 qui
457 1191 553 1248 secem
580 1209 639 1248 non
666 1191 800 1250 habebat
844 1191 950 1250 Talem
976 1209 1105 1266 namque
1130 1193 1160 1248 in
1186 1193 1293 1249 lectulo
1317 1191 1409 1246 vitam

218 1296 248 1333 ιο
260 1278 395 1346 ducebat,
407 1297 563 1352 quousque
572 1281 754 1352 completum
762 1289 826 1338 erat
835 1289 957 1355 tempus
965 1283 995 1336 in
1004 1299 1063 1353 quo
1074 1281 1245 1337 naturaliter
1254 1279 1409 1335 ambulare

260 1377 372 1439 posset.
410 1367 505 1424 Panni
524 1367 555 1424 in
574 1368 683 1441 quibus
697 1368 850 1424 inuolutus
867 1377 940 1438 erat,
953 1368 1034 1424 velut
1051 1378 1154 1426 cortex
1170 1367 1248 1424 circa
1270 1368 1409 1423 arborem

260 1471 409 1524 crescens,
434 1454 464 1510 in
489 1455 612 1512 circuitu
637 1455 723 1528 pueri
747 1455 831 1512 iuxta
855 1458 1050 1530 quantitatem
1079 1456 1145 1512 eius
1175 1465 1205 1512 et
1235 1471 1409 1510 mensuram

262 1551 449 1598 crementum
475 1543 668 1616 recipiebant,
694 1561 750 1600 nec
775 1543 873 1616 aliquo
905 1543 990 1600 senio
1015 1543 1165 1615 panniculi
1191 1541 1288 1599 affecti
1314 1551 1410 1597 erant.

263 1617 339 1686 Hiis
358 1629 506 1702 siquidem
526 1631 665 1704 peractis,
678 1631 800 1703 contigit
818 1633 898 1704 quod
916 1629 1056 1704 quidam³
1068 1631 1203 1699 villanus,
1221 1633 1302 1686 iuxta
1320 1629 1409 1685 mari-

218 1735 245 1786 ¹⁵
260 1716 333 1773 tima
354 1717 542 1776 mansionem
565 1719 689 1789 habens,
712 1729 742 1774 et
760 1717 862 1775 liberis
881 1736 997 1788 carens,
1016 1720 1088 1774 dum
1107 1719 1156 1775 die
1175 1719 1302 1792 quadam
1326 1717 1409 1772 iuxta

261 1805 343 1860 littus
362 1803 454 1862 maris
473 1807 649 1876 ambularet,
668 1807 740 1862 vidit
760 1825 777 1862 a
796 1806 885 1880 longe
906 1805 1026 1863 diuersa
1048 1805 1176 1863 volatilia
1197 1806 1235 1862 ad
1257 1805 1408 1877 quendam

261 1892 360 1948 locum
373 1893 560 1966 glomeratim
574 1893 744 1950 conuenire.
767 1893 916 1966 Quocum
929 1895 1128 1967 peruenisset,
1139 1893 1283 1950 infantem
1291 1903 1409 1965 gratum

261 1979 350 2037 nimis
369 1981 480 2038 ibidem
499 1981 631 2039 inuenit:
652 1991 682 2038 et
701 1999 771 2038 eum
790 1982 828 2038 ab
846 1983 952 2038 auibus
974 1981 1121 2051 auferens,
1141 1981 1170 2037 in
1190 1980 1268 2037 vlnis
1288 1980 1352 2036 suis
1371 1981 1408 2035 ad

260 2085 385 2124 vxorern
398 2087 484 2126 suam
498 2069 612 2137 detulit,
625 2069 748 2127 dicens:
769 2069 813 2126 ‘O
827 2069 942 2140 mulier,
951 2069 1019 2126 licet
1029 2069 1115 2125 nobis
1127 2068 1243 2124 fortuna
1254 2067 1409 2139 hucusque

218 2179 248 2214 ao
261 2157 387 2212 multum
406 2157 536 2214 aduersa
554 2157 694 2225 extiterit,
713 2175 773 2230 que
794 2157 936 2213 diuturna
957 2157 1111 2213 sterilitate
1133 2156 1296 2224 amisimus,
1320 2155 1409 2211 huius

260 2243 384 2300 infantis
408 2243 523 2301 inuenti
549 2243 655 2301 solatio
680 2244 768 2301 nobis
793 2253 959 2302 restaurata
987 2253 1066 2300 sunt
1113 2243 1159 2300 Tu
1184 2243 1293 2300 lectum
1325 2259 1408 2298 more

261 2330 462 2404 parientium⁴
482 2332 650 2404 ingredere,
670 2341 700 2389 et
719 2341 748 2390 te
765 2331 899 2390 dicemus
918 2333 1009 2388 istum
1028 2331 1200 2404 peperisse:
1238 2331 1304 2401 Quo
1324 2329 1408 2399 iacto,

261 2417 423 2474 multorum
436 2419 535 2476 subito
548 2429 748 2492 pennatorum
760 2421 881 2493 agmina
893 2421 930 2476 ad
944 2428 1054 2476 tectum
1071 2418 1197 2476 ruricole
1209 2415 1315 2491 prefati
1329 2419 1408 2474 voci-

261 2504 386 2560 ferando
400 2509 627 2576 concurrebant,
640 2517 670 2564 et
683 2507 714 2563 in
728 2510 803 2564 duas
816 2517 932 2564 turmas
945 2525 979 2563 se
991 2505 1163 2574 diuidentia,
1175 2523 1233 2562 vna
1245 2521 1316 2578 pars
1330 2505 1409 2562 lares

216 2614 246 2665 ²⁵
261 2591 373 2649 inuadit
387 2602 416 2648 et
428 2601 550 2666 tegmen
567 2612 626 2668 quo
643 2596 799 2668 tegebatur
815 2595 922 2652 rostris
937 2593 1033 2650 auidis
1050 2605 1080 2652 et
1099 2594 1199 2651 curuis
1216 2593 1366 2665 unguibus
1378 2592 1408 2649 in

260 2689 372 2736 terram
398 2681 567 2754 prostrauit,
592 2683 685 2740 altera
710 2700 781 2756 pars
805 2683 836 2738 in
861 2699 972 2756 pecora
997 2681 1076 2738 illius
1104 2681 1233 2754 agrestia
1263 2681 1410 2753 impetum

261 2767 386 2825 iaciebat
399 2779 428 2824 et
440 2770 478 2825 ad
491 2769 590 2826 littora
601 2771 693 2826 maris
703 2769 918 2843 precipitanter
930 2769 1066 2841 agitabat.
1103 2768 1188 2826 Tunc
1200 2769 1246 2826 vir
1258 2779 1287 2826 et
1302 2769 1413 2825 mulier

261 2855 425 2928 stupefacti,
440 2857 603 2914 deliberato
616 2856 740 2914 consilio
753 2875 889 2930 puerum,
897 2857 947 2914 vbi
961 2857 1101 2914 inuentus
1115 2857 1217 2928 luerat,
1228 2858 1266 2913 ad
1280 2857 1411 2914 insulam

261 2943 406 3016 prefatam
419 2945 597 3002 detulerunt.
634 2945 771 3018 Cumque
784 2945 884 3002 inians
901 2945 931 3000 in
949 2944 1037 3002 cubili
1057 2963 1097 3001 ex
1112 2945 1201 3002 van'is
1214 2944 1324 3018 plumis
1338 2963 1412 3001 con·

216 3053 248 3100 30
261 3039 374 3088 structo
386 3042 469 3090 esset
481 3033 640 3105 repositus,
654 3033 755 3090 statim
768 3042 889 3106 tegmen
902 3051 920 3089 a
932 3031 1103 3089 volatilibus
1120 3041 1301 3105 prostratum
1317 3049 1413 3106 super

261 3119 339 3176 lares
352 3119 382 3176 in
395 3137 450 3176 suo
463 3120 522 3176 situ
536 3119 701 3194 repositum
714 3131 785 3188 erat,
795 3129 824 3178 et
837 3121 968 3194 pecudes
980 3122 1018 3176 ad
1031 3138 1114 3178 mare
1126 3119 1234 3193 agitate
1246 3120 1284 3176 ad
1297 3138 1412 3192 pascua

261 3223 316 3262 sua
335 3217 366 3264 et
384 3207 449 3263 loca
473 3225 491 3263 a
514 3207 623 3280 quibus
642 3218 746 3280 erepte
769 3207 887 3266 fuerant
911 3207 970 3266 iam
992 3209 1150 3266 redierant.
1205 3195 1288 3267 Cum
1307 3218 1412 3266 autem

261 3293 366 3350 beatus
381 3293 548 3368 Kynedus⁸
561 3295 591 3350 in
605 3295 798 3352 maturiorem
811 3296 956 3354 creuisset
973 3306 1092 3364 etatem,
1106 3296 1231 3370 singulis
1243 3295 1350 3354 diebus
1363 3298 1412 3354 bis

260 3379 361 3437 indie
384 3400 474 3438 cerua
498 3382 647 3439 siluestris
671 3385 786 3457 grande
810 3386 885 3441 vber
903 3392 933 3440 et
954 3385 1029 3440 lacte
1051 3393 1170 3441 tumens
1193 3383 1354 3442 deferens⁸
1372 3385 1412 3442 ad

216 3491 245 3540 ³5
261 3469 359 3524 locum
373 3471 403 3524 in
417 3487 477 3541 quo
490 3471 667 3544 campanula
680 3472 776 3528 locata
788 3482 860 3542 erat,
874 3482 904 3529 et
917 3489 1009 3545 super
1023 3472 1113 3543 illam,
1126 3489 1247 3528 sursum
1260 3489 1413 3544 euersam,

260 3565 372 3626 astans,
392 3556 472 3613 illam
492 3575 560 3614 sese
580 3557 715 3616 lactando
734 3560 893 3633 implebat;
918 3569 948 3617 et
967 3559 994 3616 si
1012 3561 1083 3633 quid
1103 3559 1256 3616 residuum
1274 3561 1361 3618 lactis
1380 3561 1413 3617 in

260 3644 351 3700 vbere
364 3644 592 3716 relinqueretur,
600 3645 631 3702 in
644 3648 827 3704 concauitate
837 3658 990 3721 petrarum
1001 3647 1072 3704 illud
1082 3647 1255 3704 dimittebat.
1282 3648 1412 3706 Peracto

260 3741 361 3787 autem
381 3731 506 3804 puerilis
528 3734 619 3790 etatis
640 3752 729 3790 cursu
750 3752 817 3792 cum
842 3737 880 3792 ad
905 3735 1066 3792 iuuenilem
1091 3745 1202 3792 statum
1226 3735 1413 3808 deuenisset,

261 3819 398 3876 molliora
410 3819 519 3877 cibaria
532 3821 591 3878 iam
609 3839 763 3893 recusans,
776 3823 980 3896 asperioribus
997 3822 1088 3880 cibari
1103 3823 1278 3880 meditatur:
1298 3833 1413 3881 etcum

214 3931 248 3981 40
260 3908 367 3980 angelo
381 3909 559 3966 multociens
572 3908 735 3966 collocutus
749 3928 808 3983 quo
820 3910 900 3968 victu
913 3928 1024 3984 corpus
1036 3928 1124 3967 suum
1137 3919 1295 3980 recrearet,
1308 3910 1414 3970 didicit

260 4002 290 4050 et
303 3996 468 4052 doctrinam
482 3997 597 4070 accepit
614 3999 692 4070 quod
712 4007 824 4071 quanto
841 4000 938 4072 magis
955 4007 1058 4056 essent
1074 3997 1235 4070 asperiora,
1250 4007 1333 4054 tanto
1352 3999 1415 4056 deo

260 4083 355 4154 magis
368 4083 482 4156 placita
507 4085 696 4158 Quandoque
709 4103 781 4158 ergo
796 4085 1083 4143 herbisvescebatur
1090 4085 1266 4158 agrestibus,
1277 4088 1414 4158 quando-

260 4187 319 4242 que
332 4189 371 4227 ex
385 4170 529 4229 fructibus
541 4173 770 4246 quibuscunque
783 4173 925 4231 inuentis.
961 4163 1067 4231 Annis
1079 4182 1178 4230 autem
1189 4175 1295 4230 decern
1303 4183 1334 4230 et
1344 4186 1415 4233 octo

293 4309 349 4359 ¹E.
362 4310 502 4368 lactentes:
518 4311 548 4363 T.
561 4312 693 4362 lactantes
760 4312 959 4375 ’Tauggebec
1027 4312 1206 4376 ’Equidem
1272 4313 1332 4364 ⁴E.
1344 4317 1415 4378 peri·

261 4375 366 4424 entium.
433 4379 443 4406 ³
459 4377 488 4427 T.
502 4377 634 4427 Kcuedus.
702 4378 713 4409 ⁸
730 4378 760 4428 E.
773 4378 903 4428 differens.
