3044 4878
394 317 468 410 De
492 313 657 406 &unctu
684 314 894 413 nudum.
1197 339 1216 410 3

75 515 151 574 tione
174 527 365 591 prouentum.
411 517 563 591 lmpnlsus
588 536 716 576 euersus
740 536 783 585 es,
808 527 841 575 vt
864 518 1024 576 caderes1:
1057 519 1112 575 sed
1132 517 1216 575 oraui

76 621 126 677 pro
149 615 179 663 te
200 615 231 663 vt
255 624 317 663 non
338 607 458 664 deficiat
479 608 556 665 fides
578 614 640 678 tua,
665 617 695 663 et
716 607 835 664 adiutus
857 625 910 664 es:
933 607 1054 664 Etenim
1075 606 1216 668 dominus

75 695 226 766 supposuit
245 711 369 752 manum
382 712 476 752 suam.
513 695 585 752 Vult
597 695 736 752 dominus
749 697 889 768 temptari
908 712 998 768 quem
1016 693 1128 768 diligit:
1149 695 1217 752 ideo

74 780 167 837 visitat
178 798 249 838 eum
261 783 392 840 diluculo
404 793 434 840 et
446 783 545 842 subito
556 784 662 857 probat
670 783 763 840 illum.
801 783 954 856 Operatur
965 783 1105 855 equidem
1118 791 1217 855 temp·

74 867 140 923 tatio
159 870 374 942 probationem,
394 871 528 944 probatio
547 889 620 928 vero
639 887 735 944 spem,
755 887 828 944 spes
850 879 949 927 autem
970 887 1030 926 non
1053 868 1216 928 confundit.
1232 885 1246 937 5

76 953 181 1013 Beatus
201 957 249 1014 vir
267 959 319 1030 qui
340 958 462 1016 confidit
482 958 513 1015 in
533 959 664 1028 domino,
677 967 708 1015 et
727 957 784 1016 erit
804 959 944 1014 dominus
964 955 1071 1014 fiducia
1091 957 1166 1027 eius,
1184 967 1217 1015 et

74 1041 223 1100 brachium
241 1044 346 1117 ipsius,
365 1047 395 1101 in
414 1055 550 1119 tempore
567 1045 775 1103 tribulationis.
813 1045 930 1102 Exhibe
949 1055 987 1114 te,
1005 1045 1056 1114 fili,
1073 1044 1149 1102 sicut
1167 1045 1216 1102 dei

75 1129 238 1188 ministrum
253 1132 284 1188 in
298 1133 392 1189 multa
404 1133 562 1206 patientia:
583 1134 615 1191 Si
630 1134 781 1190 habundat
794 1150 849 1206 pro
863 1133 983 1190 Christo
995 1131 1144 1188 tribulatio
1158 1141 1217 1202 tua,

76 1215 253 1276 habundabit
265 1229 297 1276 et
308 1237 364 1292 per
376 1221 476 1293 ipsum
488 1221 652 1278 consolatio
664 1231 723 1280 tua.
761 1221 830 1277 Noli
844 1237 917 1293 ergo
930 1221 968 1276 de
981 1220 1153 1276 infirmitate
1167 1229 1218 1276 tua

75 1302 192 1362 timere:
212 1307 338 1379 spiritus
354 1308 402 1364 dei
419 1309 529 1382 estqui
547 1309 668 1367 adiuuat
686 1308 891 1366 infirmitatem
908 1317 1000 1364 tuam.
1037 1306 1071 1364 Si
1090 1317 1217 1380 exurgat
1233 1317 1265 1354 ¹0

75 1391 216 1450 aduersus
229 1403 259 1450 te
270 1393 408 1467 prelium,
421 1397 448 1453 si
460 1406 558 1454 castra
570 1398 742 1466 demonum,
755 1399 832 1453 iacta
849 1396 880 1452 in
897 1413 934 1452 eo
950 1396 1110 1468 cogitatum
1122 1403 1218 1464 tuum,

74 1480 185 1538 confide
197 1481 228 1538 in
239 1499 293 1540 eo:
313 1485 379 1556 ipse
391 1484 473 1541 enim
485 1494 532 1542 est
545 1485 627 1542 salus
639 1484 741 1558 populi
754 1483 820 1541 sui:
841 1483 908 1556 ipse
925 1483 981 1542 erit
994 1482 1047 1538 tibi
1059 1482 1150 1538 turn's
1158 1482 1219 1538 for-

74 1565 202 1626 titudinis
214 1587 233 1626 a
247 1569 321 1627 facie
334 1570 462 1629 inimici.¹
500 1572 569 1630 Hiis
582 1573 669 1630 dictis
682 1581 712 1630 et
724 1572 880 1642 similibus,
893 1571 1047 1644 apostolus
1065 1571 1103 1627 ab
1124 1570 1219 1627 oculis

75 1653 135 1711 eius
151 1656 307 1729 disparuit
346 1658 401 1716 llle
413 1677 486 1717 vero
504 1660 686 1717 confortatus
703 1660 735 1716 in
755 1660 884 1728 domino,
899 1660 937 1715 ab
956 1657 1007 1714 illo
1022 1658 1072 1715 die
1092 1657 1217 1730 spiritus

73 1743 289 1816 desperationis
301 1762 455 1819 nunquam
466 1764 537 1806 eum
555 1747 585 1804 in
605 1747 703 1822 aliquo
720 1756 868 1820 temptare
886 1745 1081 1820 presumpsit.
1155 1735 1219 1806 Die
1235 1755 1264 1809 ¹5

73 1833 197 1902 quadam
209 1834 272 1890 duo
288 1833 342 1889 lilii
360 1835 563 1902 tenebrarum,
576 1836 828 1909 transfigurantes
846 1852 880 1892 se
899 1834 930 1890 in
948 1834 1073 1907 angelos
1093 1833 1177 1904 lucis,
1190 1834 1219 1890 ei

74 1919 162 1975 multa
173 1920 382 1992 persuasionis
394 1921 536 1980 instantia
548 1932 695 1996 ceperunt
708 1922 865 1980 consulere
878 1931 910 1978 vt
922 1921 1063 1978 continue
1076 1937 1132 1993 per
1145 1921 1219 1978 heb-

73 2005 229 2065 domadam
252 2007 397 2066 ieiunaret
419 2010 512 2066 etsie
534 2011 661 2084 gradum
687 2027 805 2066 summe
830 2008 1024 2082 perfectionis
1049 2007 1219 2080 attingeret.

74 2091 206 2152 Biduana
234 2095 316 2152 enim
346 2096 455 2154 ieiunia
484 2107 514 2154 et
545 2097 682 2155 triduana
713 2099 919 2171 reprobantes,
950 2096 1158 2168 proponebant
1190 2095 1219 2152 ei

73 2179 213 2240 ieiunium
238 2183 338 2258 Moysi
358 2194 388 2242 et
408 2185 517 2258 Helye,
536 2195 626 2259 atque
646 2185 852 2259 importabiles
877 2183 1073 2240 abstinentias
1092 2199 1219 2239 venera·
1235 2195 1268 2232 20

72 2269 172 2327 billum
184 2281 304 2344 patrum
317 2273 368 2346 qui
377 2273 448 2330 olim
460 2275 717 2330 conuersabantur
726 2273 757 2329 in
768 2272 855 2330 Sithi.
894 2271 967 2328 Erat
979 2271 1060 2327 enim
1072 2268 1217 2328 diabolice

74 2360 276 2428 persuasionis
300 2360 425 2418 intentio
441 2370 473 2418 vt
495 2360 544 2418 ille
564 2378 690 2433 prorsus
708 2378 726 2417 a
744 2359 929 2417 comestione
948 2367 1081 2416 cessaret
1100 2357 1217 2430 sibique

74 2445 177 2503 mortis
193 2446 322 2504 exitium
340 2448 533 2505 diuturnitate
557 2447 659 2505 ieiunii
683 2456 868 2521 prouocaret.
914 2446 949 2504 Si
967 2446 1047 2502 enim
1073 2445 1220 2502 ieiunium

75 2535 204 2604 regulam
231 2535 378 2592 modestia
402 2545 433 2593 et
463 2535 653 2592 discretionis
684 2535 812 2602 excedit,
833 2534 932 2590 subito
953 2534 1075 2606 languet
1099 2549 1220 2605 corpus,

75 2620 171 2678 delicit
182 2621 318 2694 spiritus,
330 2622 464 2680 aufertur
476 2622 601 2680 orationi
619 2622 752 2693 allectus,
767 2620 932 2695 operationi
942 2621 953 2652 '²
965 2621 1098 2688 effectus,
1111 2619 1219 2693 caligat
1236 2633 1266 2683 25

75 2711 334 2784 contemplationis
353 2711 466 2768 oculus.
503 2711 541 2766 Et
556 2710 727 2784 intelligens
746 2709 910 2768 Guthlacus
929 2707 1073 2764 diabolice
1091 2716 1220 2779 tempta-

76 2797 162 2854 tionis
173 2797 324 2868 astutiam,
337 2797 474 2855 inuoeata
487 2797 598 2856 Christi
610 2797 728 2868 virtute,
741 2797 905 2870 psallebat:
924 2797 1074 2868 ‘Exurgat
1092 2796 1169 2852 deus
1187 2803 1219 2851 et

75 2884 258 2959 dissipentur
277 2884 389 2941 inimici
407 2885 480 2954 eius,
493 2894 523 2942 et
542 2885 664 2958 fugiant,
676 2884 728 2958 qui
747 2886 875 2942 oderunt
894 2901 973 2954 eum,
986 2901 1003 2939 a
1017 2882 1091 2940 faeie
1109 2881 1219 2940 eius’³.

78 2971 136 3029 lllis
154 2991 227 3046 ergo
240 2972 334 3030 flebili
346 2973 459 3030 vlulatu
477 2983 507 3031 et
526 2971 690 3030 mestuosis
709 2971 877 3046 planctibus
895 2987 997 3028 aerem
1017 2969 1220 3042 implentibus,

77 3059 238 3118 Guthlacus
256 3060 360 3116 omnia
378 3059 523 3133 deinceps
541 3060 651 3117 diaboli
664 3068 881 3132 temptamenta
896 3060 1083 3130 contempsit,
1095 3057 1220 3129 eiusque
1237 3072 1270 3121 30

77 3148 288 3222 suggestiones
308 3163 415 3204 omnes
439 3147 635 3205 conculcauit.
704 3135 829 3220 Elapsis
851 3146 961 3203 deinde
982 3145 1086 3217 paucis
1105 3145 1221 3213 diebus,

77 3235 171 3292 noctis
188 3235 374 3308 intempeste
393 3234 512 3292 silentio
525 3233 610 3292 irruit
629 3235 660 3293 in
679 3234 832 3291 bominem
844 3233 894 3291 dei
908 3233 1086 3290 Guthlacum
1105 3231 1222 3288 infinita

76 3323 234 3380 demonum
248 3322 423 3380 multitudo:
443 3340 461 3378 a
474 3332 555 3380 terra
564 3339 659 3396 vsque
672 3324 710 3378 ad
724 3322 831 3392 celum,
840 3330 934 3376 totum
947 3320 1026 3377 aeris
1038 3320 1221 3376 elementum

77 3409 256 3483 implebatur
267 3409 456 3484 prestigiosis
469 3419 499 3467 et
509 3409 672 3467 larualibus
680 3410 844 3467 demonum
857 3408 968 3466 formis
1006 3407 1138 3480 Rapiunt
1151 3423 1221 3464 eum

78 3497 258 3556 monstruosi
280 3497 465 3555 diabolorum
479 3498 613 3571 spiritus,
631 3507 717 3554 extra
734 3497 840 3554 cellam
861 3497 982 3565 ducunt,
1000 3497 1137 3552 membra
1157 3495 1223 3552 eius
1238 3512 1269 3563 35

77 3585 193 3658 alligant
201 3589 221 3657 ⁴,
231 3587 395 3659 ipsumque
404 3585 563 3658 paludibus
573 3585 691 3642 cenosis
701 3593 732 3642 et
741 3583 898 3657 profundis
911 3584 1101 3656 immergunt.
1134 3583 1222 3640 illum

79 3671 181 3730 iterum
193 3681 395 3746 asportantes,
408 3690 464 3746 per
480 3673 647 3746 asperrima
665 3673 729 3730 loca
747 3673 869 3729 trahunt
885 3679 916 3728 et
933 3688 989 3744 per
1000 3670 1223 3729 inextricabiles

78 3761 212 3833 veprium
226 3761 403 3818 densitates.
440 3761 576 3834 Cumque
590 3777 661 3834 pars
674 3760 770 3817 noctis
783 3761 880 3816 adhuc
894 3757 1025 3816 maxima
1037 3767 1222 3832 superesset,

79 3845 186 3905 instant
216 3848 396 3906 verberibus
426 3859 456 3906 et
486 3847 644 3906 tormentis
673 3857 706 3904 vt
733 3847 862 3904 insulam
886 3845 1062 3904 festinanter
1085 3847 1222 3914 deserat;

80 3938 180 3993 mortis
192 3935 376 4010 supplicium
385 3936 484 3995 eidem
494 3936 668 3994 terribiliter
678 3935 869 4006 intentantes,
879 3936 931 3991 sia
941 3934 1005 3992 loco
1013 3933 1224 3990 dominationis
1239 3948 1272 4000 40

79 4038 132 4079 sue
139 4023 341 4097 tempestiue⁸
350 4041 411 4080 non
422 4025 550 4082 recedat.
578 4023 633 4080 Ille
645 4032 745 4080 autem
754 4022 851 4080 nudas
861 4039 965 4079 eorum
976 4020 1224 4094 paruipendens⁶‚

80 4107 229 4168 Christum
247 4111 393 4168 inuocans
410 4128 478 4170 curn
498 4111 654 4184 psalmista
672 4111 805 4167 dicebat:
835 4108 1050 4166 ‘Prouidebam
1069 4107 1225 4166 dominum

79 4195 108 4254 in
116 4207 280 4272 conspectu
290 4215 361 4256 mco
370 4209 499 4273 semper,
508 4198 800 4272 quoniamadextris
810 4207 856 4256 est
864 4195 937 4254 mihi
947 4197 1225 4254 necommouear’'.

111 4319 172 4370 ¹ct.
185 4319 326 4373 Pscxvili.
341 4335 378 4384 13.
457 4319 513 4370 ¹E.
526 4321 686 4384 operatione.
769 4319 839 4371 ¹1²2.
850 4320 929 4369 lxviii.
944 4333 966 4372 1.
1048 4318 1105 4372 ‘E.
1118 4319 1224 4384 eligant.

80 4381 310 4452 'Etenpestine
408 4385 465 4439 ο1ἰ.
477 4387 679 4452 peruipendens.
785 4384 854 4438 ⁷1³2.
868 4387 919 4436 xvi.
931 4385 955 4436 8.
