3046 4902
267 328 338 405 572
697 305 900 407 appennis
928 306 979 383 11.

265 505 312 564 ille
323 508 404 579 quasi
417 507 526 563 amicus
537 507 574 563 ad
587 507 709 564 amicum
725 525 816 575 suum,
828 506 975 564 notissima
990 524 1059 564 voce
1076 507 1129 565 stbi
1144 507 1255 564 emim
1273 509 1425 566 humilima

265 591 305 646 ait
323 591 524 662 responsione:
544 593 552 622 ⁴
560 591 663 661 Vigilo,
675 591 807 648 domine!
842 593 968 661 Angelus
984 593 1022 647 ad
1036 593 1107 647 hec:
1127 591 1263 648 ‘Mature
1277 595 1387 663 segetis
1397 604 1424 648 et

265 675 340 728 bone
351 674 440 744 frugis
452 691 537 746 quam
551 676 696 730 seminasti
708 685 820 746 tempus
833 675 918 731 instat
931 674 1097 746 colligende.
1131 677 1172 731 At
1184 693 1281 746 pauca
1294 687 1424 746 granaet
1508 731 1510 751 ,

265 767 361 812 tamen
383 759 536 813 maturiora
557 758 637 829 quasi
658 757 785 828 primicie
805 775 878 814 noue
898 759 965 813 boni
984 759 1099 814 seminis
1118 760 1205 813 modo
1229 759 1423 830 accipientur!
1509 775 1510 800 l

237 849 252 900 ⁵
269 841 333 895 Hoc
351 850 445 896 autem
462 840 581 896 audiens
600 851 715 896 sanctus
733 841 934 908 winwaloeus,
953 841 1116 913 suppliciter
1136 853 1236 896 exorat
1258 861 1295 898 ne
1317 841 1424 914 aliquid

266 923 480 994 inperieccionis
493 924 522 978 in
535 923 589 978 illis
602 924 768 990 inueniatur,
780 941 817 978 ne
835 924 965 980 inimicus
980 925 1066 980 bomo
1084 925 1133 995 qui
1150 942 1303 996 nunquam
1323 942 1424 980 meere

265 1006 369 1062 desinit
377 1007 536 1077 buicsegeti
545 1007 698 1063 inuidendo
706 1007 811 1078 aliquid
819 1008 1004 1078 inperfectum
1011 1005 1148 1062 inmitet¹.
1166 1009 1302 1077 Angelus
1309 1010 1422 1064 adhec:

266 1087 375 1144 ‘Michi
391 1088 476 1144 crede
493 1089 566 1160 quia,
578 1089 633 1144 nisi
652 1089 846 1160 preuidissem,
858 1107 1037 1162 nequaquam
1055 1090 1182 1146 tollerem
1202 1092 1250 1146 uel
1269 1091 1424 1148 meterem.¹

266 1171 389 1228 Sanctus
397 1173 504 1228 eciam:
525 1173 580 1227 ‘Vt
592 1181 641 1226 tua
651 1174 790 1238 voluntas,
804 1173 844 1228 sic
856 1189 936 1240 mea;
957 1174 1020 1228 liat.³
1056 1174 1104 1228 Sic
1116 1173 1245 1244 denique
1258 1176 1369 1230 factum
1380 1183 1422 1230 est

224 1267 255 1304 ιο
266 1265 296 1310 vt
309 1255 345 1309 de
357 1254 507 1324 grandeuis
519 1255 675 1310 senioribus
685 1273 756 1310 unus
767 1267 965 1322 assumeretur,
975 1266 1003 1311 et
1016 1255 1100 1311 ceteri
1113 1255 1142 1311 in
1155 1257 1232 1311 hunc
1245 1259 1368 1312 modum
1381 1275 1423 1312 se·

265 1347 424 1407 querentur,
438 1337 477 1391 ita
489 1347 518 1392 vt
530 1337 721 1408 vnusquisque
733 1339 805 1394 sicut
816 1337 911 1394 etate¹
926 1341 1103 1409 precellebat,
1115 1338 1158 1394 sic
1172 1349 1202 1394 et
1218 1340 1424 1411 assumpcione
1509 1393 1510 1406 ,

265 1421 354 1475 electa
361 1421 502 1488 gauderet,
510 1437 564 1476 nec
573 1421 666 1476 minor
673 1431 748 1477 etate
756 1421 891 1476 maiorem
901 1421 1117 1492 [precederet]';
1135 1431 1163 1477 et
1171 1423 1221 1477 hic
1229 1425 1305 1478 ordo
1315 1423 1424 1477 tamdiu

264 1512 309 1557 est
322 1503 350 1558 in
362 1503 464 1557 eodem
475 1503 646 1560 monasterio
659 1515 785 1560 seruatus
797 1521 942 1576 quousque
954 1523 1009 1560 non
1022 1507 1107 1576 longe
1118 1505 1214 1561 adhuc
1226 1517 1297 1561 ante
1310 1515 1423 1575 tempus

265 1595 414 1656 permutat.
427 1585 438 1656 ΙΙ
453 1588 584 1642 Preterea
595 1587 651 1642 alia
663 1605 708 1642 res
721 1587 809 1658 digna
821 1589 904 1644 laude
916 1589 1088 1659 predicanda
1104 1599 1148 1644 est
1163 1605 1221 1659 que
1233 1591 1289 1644 sub
1304 1589 1424 1644 articulo

223 1683 252 1734 ¹⁵
265 1668 391 1724 eiusdem
407 1669 542 1740 temporis
557 1667 666 1739 [fiebat]
675 1667 693 1726 ¹.
731 1671 862 1739 Quodam
879 1671 979 1726 mulier
994 1671 1171 1727 nobilissima
1188 1681 1283 1726 mater
1299 1671 1424 1726 familias

266 1751 359 1807 subita
376 1751 493 1808 cecitate
512 1769 646 1823 percussa
663 1753 762 1810 fuerat.
799 1755 930 1824 Quadam
948 1771 1016 1824 ergo
1035 1765 1117 1810 nocte
1135 1755 1204 1809 dum
1223 1772 1256 1809 se
1275 1755 1423 1825 paululum

266 1835 338 1891 inter
349 1835 484 1906 plurimas
494 1835 569 1891 sessa
577 1835 686 1906 vigilias
695 1837 790 1909 sopori
801 1837 931 1904 dedisset,
941 1837 1105 1908 apparuitei
1116 1838 1144 1892 in
1157 1837 1289 1909 sompnis
1300 1839 1421 1907 angelus

265 1918 372 1973 domini
385 1929 414 1974 et
432 1929 520 1974 totam
539 1921 689 1990 splendore
707 1921 823 1991 repleuit
840 1921 957 1975 domum
975 1921 1004 1974 in
1023 1937 1079 1992 qua
1096 1930 1157 1976 erat
1168 1919 1326 1986 dormiens,
1339 1931 1370 1976 et
1382 1921 1422 1974 ait

265 2001 309 2058 ei:
338 2003 451 2070 ‘Surge,
469 2002 542 2056 vade
560 2003 598 2056 ad
617 2012 744 2058 sanctum
763 2003 974 2071 Winwaloeum,
993 2013 1021 2059 et
1040 2021 1089 2073 per
1106 2019 1171 2058 eum
1194 2003 1319 2073 recipies
1345 2004 1421 2058 sani-

221 2103 254 2143 ao
266 2086 371 2140 tatem'
397 2087 424 2140 N
426 2102 459 2141 ec
471 2087 551 2156 plura
557 2085 661 2140 affatus
669 2087 816 2142 confestim
828 2087 956 2143 ascendit
969 2086 998 2140 in
1010 2087 1111 2142 celum.
1134 2086 1233 2142 Atilia
1242 2103 1421 2157 consurgens
1509 2111 1510 2130 ι

265 2168 531 2224 diluculovnacum
545 2167 644 2224 suiset
662 2170 718 2224 filio
737 2187 800 2225 eam
817 2170 937 2226 ducente
952 2170 1004 2225 iter
1019 2170 1151 2240 carpebat
1167 2187 1258 2224 suum.
1298 2171 1340 2224 Et
1352 2187 1422 2225 con·

264 2251 357 2307 iestim
376 2251 514 2307 accedens
534 2253 572 2306 ad
591 2251 678 2320 illurn,
698 2262 848 2323 postquam
869 2252 1024 2320 adorasset,
1045 2252 1170 2308 narrauit
1190 2252 1217 2307 ei
1241 2253 1342 2308 omnia
1366 2271 1421 2324 que

264 2333 341 2390 dicta
363 2335 473 2390 fuerant
498 2352 549 2406 per
571 2337 710 2406 angelum.
750 2337 802 2391 llle
825 2345 919 2392 autem
943 2335 1085 2392 humiliter
1105 2335 1290 2405 respondens,
1310 2347 1341 2391 et
1366 2335 1419 2392 deo

264 2417 374 2486 gracias
381 2435 477 2487 agens,
486 2417 586 2488 inquit:
601 2419 696 2474 ‘Deus
706 2419 760 2474 hoc
771 2416 853 2490 [fide]
864 2417 1008 2474 adhibita*
1015 2429 1140 2488 prestare
1148 2421 1256 2490 potest’
1273 2420 1314 2474 Et
1321 2419 1419 2474 statim

221 2513 252 2564 ²5
265 2498 367 2570 tergit⁸
384 2501 479 2554 oculos
497 2499 558 2555 eius
576 2517 663 2556 manu
681 2502 805 2570 dextera,
823 2501 939 2556 dicens:
966 2501 1041 2571 ‘Qui
1060 2500 1131 2557 istos
1149 2498 1233 2569 fixitt
1253 2501 1301 2558 ille
1320 2519 1420 2557 curare

264 2582 410 2652 dignetur!
446 2583 486 2637 Et
497 2583 630 2638 continuo
643 2584 733 2654 aperti
746 2594 812 2640 sunt
829 2583 903 2639 oculi
922 2583 991 2652 eius,
1004 2583 1159 2639 clarissimo
1171 2585 1278 2640 lumine
1297 2585 1420 2655 desuper
1509 2637 1510 2650 ,

264 2666 340 2721 dato.
382 2665 421 2719 Et
440 2665 499 2719 ibat
517 2666 643 2735 gaudens
659 2677 687 2722 et
705 2666 888 2737 magnificans
905 2667 997 2722 deum.
1044 2669 1172 2738 Cumque
1187 2677 1303 2738 tempus
1324 2685 1419 2738 egres

265 2747 351 2803 sionis
364 2747 424 2803 eius
436 2765 454 2803 a
470 2765 587 2819 corpore
600 2759 699 2806 sancto
711 2751 868 2821 proximum
882 2750 1048 2818 immineret,
1060 2767 1110 2821 per
1122 2765 1274 2820 sompnum
1287 2751 1421 2821 apparuit

264 2832 290 2887 ei
303 2831 419 2902 angelus
432 2831 539 2887 domini
552 2841 581 2888 et
596 2832 665 2889 dixit
680 2834 725 2889 ei:
746 2834 936 2890 ‘Winwaloel
973 2836 1012 2888 At
1030 2834 1092 2889 ille:
1112 2832 1252 2889 ‘Assum’
1288 2835 1421 2904 Angelus

219 2931 254 2981 30
265 2933 349 2971 vero:
375 2917 502 2980 ‘Fraten
516 2915 614 2986 inquit,
627 2918 794 2984 venerande,
812 2917 958 2972 conciuem
976 2917 1029 2972 sibi
1047 2925 1203 2988 exposcunt
1221 2915 1273 2987 [te]
1293 2918 1420 2973 calinole.

266 2998 394 3070 Dispone
405 3015 472 3068 ergo
485 2997 581 3054 domui
594 3009 649 3066 tue,
662 3010 692 3054 vt
704 3015 735 3055 se
753 3017 864 3070 semper
880 3001 908 3054 in
926 3000 1004 3056 omni
1016 3017 1101 3070 opere
1117 3001 1192 3054 bono
1209 3000 1421 3057 feruentissime

264 3091 428 3138 exerceant:
456 3081 523 3152 quia
545 3081 600 3136 cito
621 3099 655 3137 ex
675 3083 729 3137 hoc
750 3083 851 3152 agonis
872 3083 952 3138 huius
974 3084 1071 3139 labore
1088 3083 1269 3139 liberaberis!
1306 3085 1346 3138 Et
1365 3085 1419 3140 hec
1509 3119 1510 3122 =

265 3165 363 3220 diceus
375 3173 484 3220 erectus
497 3176 541 3221 est
553 3164 582 3218 in
599 3166 704 3220 ethera„
742 3167 864 3222 Sanctus
880 3175 974 3221 autem
990 3167 1178 3221 Winwaloeus
1193 3175 1347 3237 postquam
1366 3170 1418 3222 hec

266 3258 351 3303 cunta
363 3247 493 3303 iratribus
506 3247 652 3309 retulisset.
664 3248 819 3318 gaudentes
837 3249 941 3319 pariter
957 3259 984 3305 et
997 3250 1096 3306 flentes
1109 3249 1258 3304 dicebant:
1279 3251 1352 3304 ‘Cui
1365 3268 1418 3306 nos

220 3343 252 3395 35
266 3330 485 3396 commendabis,
498 3341 586 3402 pater,
599 3349 635 3386 ne
648 3332 738 3387 orbati
752 3333 824 3387 sicut
832 3349 901 3388 oues
913 3343 1055 3402 pastorem
1067 3349 1123 3387 non
1131 3333 1276 3399 habentes,
1286 3343 1316 3387 et
1328 3334 1418 3388 relicti

265 3413 459 3483 dispergamur
472 3431 522 3485 per
533 3415 645 3470 diuersa
655 3415 679 3468 i'
698 3415 736 3469 At
750 3414 796 3470 ille
809 3415 956 3483 ‘Habetis
969 3414 1067 3486 inquit,
1075 3414 1220 3470 vobiscum
1232 3415 1417 3484 peritissimos

266 3497 295 3550 in
309 3495 385 3550 omni
398 3497 528 3552 doctrina
540 3497 676 3568 spirituali
689 3497 764 3552 viros
777 3517 784 3553 :
803 3507 847 3554 set
863 3497 941 3553 illum
958 3498 1056 3568 pocius
1074 3498 1168 3568 eligite
1179 3498 1259 3552 vobis
1272 3509 1418 3569 pastorem

266 3578 313 3650 qui
335 3579 374 3633 ita
393 3578 483 3636 dulcis
503 3581 583 3651 quasi
603 3583 667 3648 mel,
685 3590 714 3636 et
731 3581 813 3653 quasi
832 3581 1004 3638 absinthium
1025 3599 1139 3637 amarus
1156 3581 1256 3636 fuerit’
1303 3583 1343 3637 Et
1364 3585 1419 3638 hec

266 3661 371 3730 dicens,
390 3662 490 3717 iterum
510 3664 649 3734 loquitur:
677 3664 851 3736 ‘Preparate
870 3683 919 3721 vos
935 3665 1028 3732 hodie,
1047 3665 1114 3736 quia
1132 3675 1281 3735 postquam
1298 3666 1418 3720 missam

221 3760 255 3810 40
267 3755 417 3800 cantauero
435 3755 463 3800 et
483 3747 551 3801 illud
569 3759 779 3802 sacrosanctum
799 3749 922 3819 corporis
943 3748 1077 3803 dominici
1099 3765 1230 3818 recepero
1251 3748 1415 3815 misterium,

268 3839 346 3885 sexta
361 3829 442 3884 huius
456 3830 510 3884 diei
526 3830 596 3884 hora
610 3829 741 3886 dominus
754 3840 781 3885 et
796 3832 920 3887 saluator
936 3842 1032 3887 noster
1047 3833 1147 3886 ihesus
1160 3831 1288 3887 Christus
1301 3832 1418 3902 recipiet

267 3931 313 3968 me
331 3914 367 3968 ab
386 3912 441 3968 isto
458 3923 585 3984 ereptum
603 3915 735 3984 corpore!
771 3915 853 3968 Tunc
870 3913 967 3968 audito
984 3914 1067 3984 signo
1083 3914 1169 3970 tercie
1187 3915 1265 3981 hore,
1279 3914 1415 3984 ‘Surgite

268 3995 366 4067 inquit,
379 4013 499 4052 oremus,
536 3999 612 4052 Ecce
624 3999 694 4052 hora
706 3995 807 4067 quietis
820 3996 997 4052 serenissime
1010 3996 1069 4052 seni
1080 3998 1136 4052 iam
1148 3997 1304 4052 transeunti
1316 4015 1416 4068 appro-

267 4079 392 4151 pinquat.
425 4082 501 4134 Ecce
513 4081 598 4134 modo
610 4080 667 4134 iam
679 4080 842 4149 panduntur
853 4080 931 4150 regni
943 4080 1065 4135 celorum
1078 4090 1165 4150 porte,
1179 4083 1298 4149 trophea
1312 4079 1414 4136 Christi

222 4175 253 4228 45
269 4163 325 4217 iam
337 4161 451 4230 micant,
464 4172 557 4218 castra
568 4164 683 4232 fulgent,
696 4164 809 4219 etheree
827 4163 884 4218 iam
899 4173 1035 4234 apparent
1050 4163 1152 4233 platee,
1170 4163 1221 4218 celi
1240 4163 1317 4218 ciues
1329 4177 1414 4232 quarn

300 4281 345 4332 ¹r.
357 4281 477 4334 insulcati
553 4281 691 4334 ’Mssa
768 4280 844 4334 ⁸om.
926 4282 1276 4347 ‘hlS.adhibito;fideom.
1354 4281 1412 4334 ¹⁸1.
1509 4283 1510 4286 ’

675 4349 763 4416 tetigit
861 4349 919 4418 fel.
932 4348 1009 4402 finxit.
