3044 4894
271 295 319 370 24
581 275 713 364 nube
737 269 927 376 mmm
951 269 1103 376 flagita

268 471 411 531 diuinitus
424 474 549 532 edoctus
560 472 664 532 videre
682 482 712 530 et
729 473 885 547 predicere
901 471 1064 530 consueuit.
1138 457 1275 544 Contigit
1291 468 1375 528 enim
1390 473 1425 528 vt

268 562 433 619 monachus
450 561 548 618 insule
564 571 674 630 custos,
690 561 852 619 oratorium
869 560 934 618 eius
951 559 1116 633 ingressus,
1129 576 1229 616 eoram
1246 559 1331 616 altari
1347 573 1424 616 eum

267 648 456 706 amarissime
477 649 715 722 lachrymantem
735 647 891 721 reperiret.
928 647 1065 720 Cumque
1089 663 1209 704 causam
1230 647 1304 703 tanti
1328 645 1425 704 lietus

268 735 443 809 inquireret,
458 737 517 794 ait:
538 736 724 794 ‘Germanus
741 745 772 792 et
790 735 941 792 uterinus¹
959 751 1047 792 meus
1067 734 1293 808 malignantium
1311 731 1426 790 seuitia

238 823 300 894 giu
320 823 383 881 solo
401 825 499 897 patrio
517 823 718 897 interemptus
736 830 792 895 est,
811 823 1019 895 indultumque
1037 830 1085 878 est
1103 821 1193 878 michi
1211 839 1230 878 a
1247 820 1369 878 domino
1392 831 1426 878 vt

269 928 324 985 pro
349 911 414 968 eius
438 911 539 968 anima
563 911 654 968 michi
679 911 767 968 liceat
791 909 935 984 penitere.
974 909 1085 966 iccirco
1110 925 1166 983 per
1185 917 1225 974 te.
1247 908 1355 966 dilecte
1378 910 1425 965 mi

269 998 400 1070 domine,
430 999 579 1072 religiosis
607 1009 638 1056 et
668 997 752 1056 laicis
782 997 921 1054 interitus
952 997 1052 1053 fratris
1086 996 1147 1053 mei
1179 995 1357 1066 innotescat,
1390 1007 1426 1054 vt

268 1087 503 1144 elemosinamm
527 1095 557 1144 et
582 1085 750 1143 orationum
775 1083 926 1157 suffragiis
950 1084 1076 1154 adiutus,
1101 1101 1119 1140 a
1143 1101 1223 1157 pena
1246 1091 1276 1141 et
1305 1085 1426 1156 peccati

269 1173 384 1247 laqueis
408 1175 597 1232 absoluatuff
683 1161 768 1232 Cum
799 1173 880 1228 enim
906 1171 956 1228 die
984 1172 1113 1245 quadam
1143 1188 1238 1230 naues
1267 1172 1425 1229 mercibus

224 1279 256 1318 ιο
269 1270 394 1318 onustas
412 1261 507 1320 veloci
529 1261 658 1318 transire
679 1277 769 1318 cursu
791 1259 989 1333 conspiceret,
1008 1259 1039 1316 in
1061 1259 1198 1332 proximo
1219 1259 1278 1316 illis
1300 1258 1425 1316 naufra-

269 1348 351 1421 gium
380 1349 550 1419 imminere,
574 1347 739 1406 astantibus
764 1347 903 1420 predixit.
952 1347 1122 1420 ‘Numquid
1149 1346 1291 1420 aspicitis,
1314 1346 1425 1420 inquit,

270 1445 439 1494 monstrum
464 1435 536 1492 illud
561 1437 641 1509 quod
665 1434 842 1508 nauigantes
867 1433 1068 1507 insequiturl'
1119 1434 1166 1490 Illi
1189 1451 1261 1491 vero
1286 1434 1425 1492 mulieris

270 1522 402 1596 effigiem
427 1533 496 1597 post
520 1540 615 1580 naues
639 1539 732 1595 supra
762 1539 845 1578 mare
873 1522 1059 1578 eminentem
1088 1539 1125 1578 se
1148 1522 1252 1579 videre
1281 1519 1426 1578 fatentur.

270 1609 358 1680 ‘lsta,
378 1610 482 1684 inquit,
503 1610 535 1666 in
556 1610 695 1684 proximo
716 1627 800 1666 mare
822 1609 1005 1679 concutiens,
1023 1618 1234 1682 tempestatem
1256 1609 1424 1668 maximam

226 1717 256 1768 15
271 1697 414 1767 excitans,
429 1715 533 1766 naues,
545 1715 622 1771 quas
637 1697 780 1772 aspicitis,
792 1697 898 1770 paucis
914 1697 1112 1754 euadentibus
1130 1699 1319 1770 submerget’
1357 1697 1425 1755 Nec

270 1801 363 1856 mora,
380 1785 461 1842 venti
477 1785 575 1842 subito
591 1785 786 1855 concitantur,
803 1785 836 1842 fit
853 1785 953 1857 lragor
968 1785 1125 1853 undarum,
1141 1793 1305 1858 tempestas
1321 1785 1425 1842 valida

269 1872 442 1942 inualescit;
470 1873 556 1930 cuius
576 1873 691 1946 impetu
714 1890 808 1930 naues
830 1873 935 1930 sabulo
957 1880 987 1929 et
1005 1872 1137 1944 scopulis
1156 1872 1233 1930 illise
1250 1881 1281 1929 et
1300 1873 1424 1946 penitus

270 1960 429 2031 confracte,
442 1978 510 2018 cum
524 1961 572 2019 his
584 1979 643 2034 que
657 1963 824 2035 gestabant,
836 1977 893 2033 per
906 1959 1005 2016 littora
1017 1959 1209 2032 dissipantur.
1281 1947 1424 2019 Contulit
1510 1969 1511 1972 ’

270 2047 298 2106 ei
315 2049 437 2120 quidam
454 2049 665 2122 manitergium
678 2066 781 2120 vnum,
794 2058 825 2105 et
842 2047 954 2120 elapsis
969 2047 1080 2120 aliquot
1096 2047 1202 2105 diebus
1217 2049 1325 2104 iterum
1338 2049 1425 2104 venit

225 2157 257 2194 ao
270 2137 307 2192 ad
321 2153 400 2194 eum.
426 2136 482 2193 Cui
500 2147 530 2193 et
546 2137 603 2194 ait:
627 2136 726 2193 ‘Num
744 2136 850 2206 adhuc,
868 2135 971 2208 inquit,
989 2135 1102 2192 sedasti
1115 2135 1189 2192 iram
1206 2134 1342 2208 coniugis
1360 2145 1424 2206 tue,

270 2241 329 2296 que
348 2223 401 2281 tibi
423 2240 480 2296 pro
502 2225 681 2281 munusculo
705 2224 795 2280 michi
818 2223 923 2280 collato
945 2223 1072 2279 molesta
1095 2222 1169 2279 suit?
1207 2223 1285 2280 Ecce
1310 2239 1424 2280 munus
1513 2225 1514 2228 ’

270 2311 370 2384 ipsum
383 2311 492 2368 habeat
504 2311 569 2380 sibi,
582 2313 745 2368 dummodo
757 2310 809 2366 tibi
822 2309 854 2365 in
867 2318 1021 2382 posterum
1034 2309 1134 2382 quieta
1146 2311 1215 2367 fiet!
1301 2298 1424 2368 Multos

270 2415 288 2454 a
307 2397 433 2455 remotis
452 2397 589 2471 partibus
610 2399 648 2454 ad
667 2398 768 2470 ipsum
790 2398 977 2467 accedentes,
996 2397 1095 2454 abdita
1114 2415 1170 2454 sua
1190 2408 1221 2455 et
1242 2398 1356 2454 occulta
1378 2399 1424 2456 eis

270 2485 424 2556 obiiciens,
444 2493 586 2558 tanquam
611 2485 705 2542 oculis
727 2485 879 2558 corporeis
900 2485 1057 2542 euidenter
1076 2486 1292 2559 perspexisset,
1312 2486 1425 2542 acriter

227 2593 257 2643 ²5
271 2589 399 2645 arguere
421 2571 585 2630 consueuit.
661 2561 850 2630 Monachum
872 2573 1024 2646 quendam
1043 2574 1083 2630 de
1099 2573 1423 2645 ‘l'ynemutha⁸visita·

271 2659 361 2717 tionis
379 2659 475 2732 gratia
492 2660 530 2716 ad
549 2658 632 2716 illum
650 2661 852 2730 accedentem,
865 2677 992 2734 arguere
1009 2661 1089 2734 cepit
1105 2660 1229 2718 dicens:
1248 2660 1348 2718 ‘Caue
1361 2661 1424 2732 tibi,

271 2746 665 2821 frater,vtcircumspectius
675 2756 705 2804 et
715 2748 811 2821 magis
820 2748 921 2806 sobrie
930 2757 1119 2821 tecumagas
1144 2747 1222 2805 Vide
1232 2765 1271 2804 ne
1280 2757 1424 2821 grauetut

271 2851 323 2892 cor
339 2843 423 2891 tuum
437 2835 467 2890 in
481 2836 603 2908 crapula
616 2844 645 2892 et
662 2836 815 2906 ebrietate,
832 2845 862 2894 et
875 2837 965 2892 deum
978 2846 1062 2892 tuum
1076 2835 1220 2906 offendas,
1235 2835 1311 2893 sicut
1324 2853 1424 2910 nuper

270 2922 455 2980 temulentus
480 2921 651 2980 offendisti!
701 2923 938 2997 Designauitque
963 2922 992 2980 ei
1013 2923 1110 2980 locum
1137 2932 1168 2981 et
1193 2923 1290 2980 noctis
1316 2923 1424 2981 horam

226 3023 259 3074 30
271 3011 391 3082 quando
410 3011 581 3082 crapulatus
599 3027 617 3066 a
636 3020 708 3084 potu
730 3011 857 3084 turpiter
878 3029 912 3069 se
930 3011 1033 3084 gessit
1107 2998 1191 3069 Cum
1210 3011 1292 3067 enim
1310 3011 1424 3070 doloris

271 3096 501 3170 ingrauescente
511 3099 650 3156 molestia
658 3108 816 3172 egibtaret,
826 3099 908 3156 solus
918 3098 948 3155 in
959 3097 1075 3156 edicula
1084 3115 1148 3170 sua,
1158 3099 1268 3156 nullius
1279 3098 1425 3171 requisito

271 3183 427 3255 adiutorio,
444 3185 504 3242 diei
522 3186 655 3258 algorem
675 3195 704 3242 et
721 3188 816 3244 noctis
831 3187 948 3260 prolixe
966 3185 1136 3243 fastidium⁸
1155 3186 1347 3259 transigebat.
1385 3187 1426 3245 Et

271 3289 340 3328 cum
360 3271 466 3328 mortis
482 3272 556 3329 hora
570 3273 836 3348 appropinquaret,
849 3273 1015 3330 armoniam
1031 3273 1106 3330 mire
1125 3273 1293 3331 dulcedinis
1305 3291 1425 3347 vocum,

272 3363 319 3417 ‘te
332 3361 422 3416 deum
436 3360 611 3418 laudamus’
624 3362 846 3432 alternantium,
858 3361 905 3419 vir
921 3361 1042 3434 quidam
1060 3361 1090 3418 in
1105 3379 1174 3419 aere
1190 3361 1311 3430 audiuit,
1326 3363 1426 3422 donec

226 3467 257 3519 35
272 3447 378 3519 hymni
390 3447 486 3504 series
503 3447 624 3520 penitus
641 3450 851 3523 compleretur.
890 3449 1015 3507 Interim
1030 3449 1197 3506 monachus
1209 3450 1309 3506 sonitu
1322 3449 1427 3508 tintin-

271 3533 372 3591 nabuli
391 3535 491 3591 audito
508 3552 678 3606 accurrens,
697 3535 862 3594 funiculum
881 3554 951 3595 eum
969 3545 1130 3602 tenentem,
1143 3545 1173 3594 et
1185 3553 1278 3610 super
1290 3537 1425 3610 lapidem

271 3621 456 3680 residentem
465 3623 589 3690 inuenit,
599 3631 628 3680 et
641 3625 806 3695 candelam,
816 3641 906 3698 quam
920 3623 987 3697 ipse
999 3641 1111 3698 expers
1121 3623 1200 3697 ignis
1212 3632 1281 3681 ante
1294 3634 1427 3684 mortem

271 3708 414 3766 diuinitus
433 3711 619 3778 accenderat,
639 3713 795 3769 ardentem
813 3712 894 3769 vidit.
940 3711 1078 3784 Cumque
1095 3719 1232 3768 mortuus
1251 3713 1428 3785 deprehen·

271 3799 401 3868 deretur,
415 3808 506 3853 exuto
519 3815 578 3870 quo
594 3797 773 3856 induebatur
785 3799 890 3870 cilicio,
903 3808 933 3856 et
949 3816 1077 3872 corpore
1094 3816 1112 3856 a
1125 3799 1277 3856 vermibus
1289 3809 1320 3856 et
1333 3802 1428 3860 sorde

225 3905 258 3955 40
271 3903 349 3959 aqua
361 3887 514 3954 mundato,
522 3885 621 3942 subito
634 3887 727 3943 instar
739 3886 818 3943 niuis
832 3888 1028 3960 resplenduit,
1038 3903 1093 3944 uec
1107 3886 1254 3944 cicatricis
1263 3886 1427 3960 vestigium

271 3987 327 4026 nec
340 3969 468 4042 pristine
481 3969 658 4042 egritudinis
666 3969 696 4026 in
708 3970 807 4027 carnis
817 3971 979 4043 superficie
992 3970 1179 4044 deprehendi
1192 3969 1296 4042 potuit.
1326 3969 1428 4032 Tante

270 4057 436 4114 venustatis
450 4066 480 4113 et
493 4057 664 4131 splendoris
676 4067 741 4115 erat
757 4058 849 4116 iacies
866 4058 941 4130 eius,
953 4067 985 4116 vt
997 4059 1084 4134 quasi
1102 4059 1226 4116 alterata
1241 4075 1303 4114 non
1319 4067 1428 4132 posset

271 4143 410 4217 agnosci3
431 4152 461 4200 et
474 4143 635 4202 dormienti
652 4145 748 4219 magis
765 4162 855 4219 quam
872 4155 991 4204 mortuo
1004 4146 1098 4203 multo
1111 4145 1238 4204 similior
1250 4146 1427 4219 apparebat.

332 4325 341 4355 ¹
359 4325 389 4376 E.
401 4326 508 4378 vtrinus.
730 4327 740 4357 ²
757 4325 787 4380 Ε.
799 4328 960 4390 tynemuthi.
1176 4325 1187 4356 ⁸
1201 4327 1233 4378 T.
1244 4325 1355 4380 Iastium·
