3054 4904
296 307 364 376 116
604 297 1129 402 monimentumque.

290 498 392 556 diuino
409 499 554 573 obsequio
573 499 603 556 in
623 499 759 558 noctibus
779 500 923 570 eueniret,
942 499 1044 574 ignem
1060 500 1219 572 diligenter
1237 499 1308 556 dum
1327 498 1440 557 dormi-

289 597 353 644 tum
378 587 455 643 irent
483 588 718 645 subcinerarent.
763 587 880 645 Accidit
911 590 1039 661 quadam
1064 597 1151 644 nocte
1180 587 1337 661 solempni,
1366 590 1439 644 dum

291 673 521 748 Kentegemus¹
532 693 608 749 puer
616 675 682 732 vice
691 693 745 732 sua
755 676 856 748 ignem
865 677 1036 745 custodiret,
1048 675 1321 748 [vt]'·'condiscipuli
1332 675 1387 743 sui,
1396 677 1439 732 in·

288 757 369 819 uidia
381 763 522 831 excecati,
534 773 630 819 totum
642 763 742 836 ignem
756 762 833 819 infra
846 763 1018 820 monasterii
1031 771 1117 835 septa
1134 763 1266 819 clanculo
1284 764 1438 836 extingue

259 859 364 910 trent.
400 849 577 923 Vigiliarum
589 859 725 924 tempore
740 849 953 923 Kentegernus
969 851 1070 924 ignem
1086 851 1258 908 monasterii
1273 851 1437 908 extinctum

287 937 453 1010 reperiens,
483 955 601 995 ramum
632 939 786 994 cuiusdam
817 938 909 994 coruli
940 939 1044 995 viridis
1072 939 1228 1011 arripiens,
1254 939 1285 994 in
1315 940 1437 996 nomine

287 1033 391 1082 sancte
415 1025 554 1082 trinitatis
579 1028 647 1082 data
674 1026 882 1082 benedictione
908 1026 1089 1084 insufflanit:
1119 1036 1149 1082 et
1180 1025 1339 1082 confestim
1368 1029 1437 1098 igne

287 1113 392 1169 celitus
417 1112 530 1170 emisso
551 1131 653 1170 ramus
678 1113 831 1186 ingentem
854 1113 1006 1170 flammam
1031 1114 1173 1186 produxit
1197 1124 1226 1170 et
1250 1113 1366 1186 absque
1391 1113 1436 1170 sui

286 1200 466 1256 detrimento
485 1201 592 1257 ardere
611 1200 699 1274 cepit.
736 1201 883 1258 Accensis
902 1212 1002 1258 autem
1021 1201 1164 1269 candelis,
1181 1201 1283 1257 lumen
1302 1201 1333 1257 in
1354 1219 1437 1258 ramo

242 1297 272 1333 10
286 1288 415 1360 amplius
437 1288 533 1344 visum
555 1307 617 1344 non
639 1298 693 1345 est.
767 1276 871 1347 Cocus
894 1289 988 1344 sancti
1010 1289 1138 1346 Seruanl
1164 1289 1367 1346 inualescente
1392 1290 1437 1345 in·

286 1373 432 1431 firmitatis
449 1375 584 1432 molestia
602 1377 722 1432 vitalem
737 1377 875 1449 spiritum
887 1377 1042 1444 exhalans
1056 1375 1138 1433 iuxta
1154 1393 1269 1432 morem
1282 1377 1436 1449 sepelitur.

286 1461 431 1534 Sequenti
452 1481 525 1519 vero
547 1463 604 1534 die,
626 1463 817 1536 instigatione
843 1481 877 1520 ac
900 1481 989 1536 prece
1012 1465 1146 1520 omnium
1165 1464 1380 1536 discipulorum
1402 1483 1435 1522 ac

285 1550 452 1606 emulorum
465 1550 615 1623 primum³
630 1555 725 1608 sancti
736 1554 755 1622 ⁴,
769 1569 865 1608 senex
875 1551 1029 1608 Seruanus
1042 1569 1098 1624 per
1111 1563 1248 1608 sanctum
1261 1561 1291 1608 et
1303 1553 1435 1610 terribile

284 1654 394 1694 nomen
416 1637 527 1695 domini
549 1639 792 1712 Kentegernum¹
809 1641 960 1706 adiurans,
973 1639 1003 1694 in
1022 1641 1129 1696 virtute
1146 1651 1248 1696 sancte
1266 1641 1436 1698 obedientie

241 1741 269 1793 ¹5
283 1724 441 1797 imperauit
464 1735 496 1782 vt
522 1726 552 1782 in
579 1726 804 1785 resuscitatione
832 1727 877 1783 sui
907 1726 987 1783 serui
1016 1727 1061 1783 si‘
1089 1727 1160 1800 quid
1190 1736 1293 1800 posset
1326 1729 1435 1786 saltem

283 1800 491 1886 attemptaret'
518 1814 708 1872 Adolescens
724 1833 796 1871 vero
815 1815 1031 1871 adiurationem
1049 1816 1218 1872 exhorrens
1225 1815 1245 1884 ⁸,
1262 1817 1300 1871 de
1320 1817 1435 1873 tumulo

284 1899 407 1957 humum
433 1900 535 1975 proiici
561 1901 654 1972 iussit,
680 1911 710 1958 et
734 1911 903 1975 prostratus
928 1919 997 1958 cum
1022 1903 1174 1958 lachrimis
1199 1904 1433 1960 misericordiam

282 1989 394 2045 domini
419 1989 598 2062 implorauit,
623 1989 744 2047 dicens:
777 1989 924 2046 ‘Domine
948 1989 1016 2046 lesu
1043 1989 1171 2061 Christe,
1193 1990 1254 2046 vita
1278 2001 1308 2046 et
1333 2009 1434 2047 resur-

282 2079 373 2133 rectio
391 2087 575 2134 mortuorum
586 2079 605 2148 ⁷,
618 2078 669 2150 qui
689 2078 851 2134 mortificas
870 2087 900 2134 et
917 2078 1058 2147 viuificas,
1072 2077 1196 2134 deducis
1216 2079 1254 2134 ad
1272 2077 1385 2135 inferos
1405 2089 1435 2136 et

236 2189 267 2226 20
282 2167 408 2234 reducis,
425 2165 473 2222 cul
487 2165 547 2222 vita
566 2175 596 2222 et
613 2183 696 2222 mors
717 2166 907 2235 famulantur,
920 2167 971 2238 qui
991 2165 1141 2222 suscitasti
1159 2165 1306 2221 Lazarum
1321 2167 1434 2238 quatri·

281 2253 430 2309 duanum:
459 2253 604 2310 resuscita
626 2255 704 2310 hunc
725 2263 886 2323 mortuum,
906 2263 939 2309 vt
958 2253 1143 2324 glorificetur
1161 2271 1271 2309 nomen
1294 2263 1434 2311 sanctum

279 2348 363 2396 tuum
384 2359 477 2413 super
492 2341 593 2397 omnia
615 2341 645 2396 in
667 2341 768 2397 secula
790 2342 998 2397 benedictum'
1037 2341 1100 2398 Nec
1118 2359 1210 2408 mora,
1228 2341 1279 2413 qui
1295 2343 1434 2415 sepultus
1507 2369 1508 2378 ἱ

280 2426 384 2498 suerat,
397 2446 415 2483 a
428 2427 553 2484 mortuis
566 2446 737 2501 resurgens,
752 2428 948 2500 reproborum
962 2427 1108 2500 supplicia
1120 2439 1150 2485 et
1167 2431 1311 2484 iustorum
1324 2432 1434 2502 gaudia

279 2531 338 2588 que
350 2515 432 2584 vidit,
451 2517 644 2588 postmodum
663 2515 822 2584 enarrauit,
836 2517 1005 2588 multosque
1021 2517 1060 2573 de
1078 2517 1156 2573 malo
1174 2517 1212 2572 ad
1231 2517 1342 2573 bonum
1361 2535 1433 2574 con-

234 2615 264 2666 25
278 2603 375 2673 uertit,
397 2611 427 2658 et
451 2605 546 2660 bonos
567 2613 598 2659 vt
623 2603 653 2659 in
680 2604 787 2660 melius
813 2605 995 2676 proficerent
1021 2603 1083 2660 suis
1107 2603 1209 2661 verbis
1233 2605 1434 2663 confirmauit

278 2689 445 2747 Asserebat
467 2709 501 2748 se
522 2692 613 2747 rebus
635 2691 774 2747 humanis
801 2691 943 2748 indicibili
969 2691 1073 2747 dolore
1097 2701 1281 2763 exemptum,
1306 2701 1337 2748 et
1361 2703 1433 2751 ante

277 2778 407 2834 tribunal
426 2778 575 2835 tremendi
594 2779 699 2836 iudicis
720 2781 900 2836 adductum:
927 2778 1027 2851 ibique
1049 2779 1160 2835 vidisse
1180 2779 1284 2852 plures
1306 2791 1434 2854 accepta

278 2867 426 2923 sententia
444 2866 476 2922 in
497 2875 607 2923 tartara
632 2866 813 2940 precipitari,
834 2867 908 2922 alios
930 2868 967 2922 ad
993 2866 1057 2922 loca
1081 2865 1252 2940 purgatoria
1275 2869 1433 2940 destinari,

277 2957 423 3026 quosdam
442 2955 480 3010 ad
499 2954 622 3011 celestia
640 2954 748 3027 gaudia
767 2971 834 3010 cum
855 2971 963 3026 magna
981 2953 1165 3010 exultatione
1181 2953 1301 3011 eleuari.
1339 2955 1433 3014 Cum·

231 3057 264 3105 30
277 3059 337 3114 que
355 3041 537 3099 sententiam
559 3058 645 3098 suam
668 3042 814 3098 tremulus
836 3050 1018 3114 expectaret,
1042 3059 1076 3098 se
1096 3058 1166 3098 esse
1188 3041 1271 3098 illum
1293 3060 1349 3115 pro
1370 3061 1434 3116 quo

276 3129 401 3186 dilectus
424 3129 537 3185 domini
562 3129 790 3202 Kentegernus¹
811 3137 917 3198 oraret,
937 3129 1065 3198 audiuit;
1095 3138 1159 3184 eta
1179 3129 1308 3200 quodam
1330 3130 1433 3189 lucido

274 3217 340 3273 viro
353 3219 390 3273 ad
404 3234 515 3289 corpus
531 3217 641 3285 reduci,
654 3218 714 3273 vite
727 3225 757 3272 et
770 3215 905 3289 sospitati
924 3215 1049 3289 pristine
1066 3215 1180 3273 restitui
1199 3217 1326 3287 iubetur,
1340 3229 1433 3292 atque

275 3313 307 3360 vt
326 3304 496 3360 correctiori
508 3305 569 3360 vite
589 3305 732 3377 deinceps
752 3303 927 3376 inuigilaret‚
940 3303 1097 3360 abeodem
1112 3305 1235 3360 ductore
1251 3321 1305 3360 suo
1322 3306 1432 3364 sedulo

275 3401 482 3447 commonetur
489 3391 507 3446 ⁸.
546 3391 631 3448 ldem
644 3392 724 3447 enim
738 3409 827 3448 cocus
840 3391 972 3447 habitum
989 3391 1141 3464 religionis
1158 3407 1328 3462 assumens,
1342 3403 1372 3450 et
1391 3395 1431 3452 de

229 3495 260 3546 35
274 3478 383 3535 virtute
395 3478 426 3534 in
440 3477 580 3535 virtutem
595 3479 765 3552 proficiens,
779 3479 938 3550 septennio
951 3479 1126 3551 superuixit.
1166 3479 1201 3534 ln
1218 3479 1304 3534 cuius
1324 3483 1431 3540 tumbe

274 3566 424 3638 operculo,
450 3566 578 3638 qualiter
599 3567 795 3623 resuscitatus
817 3565 913 3622 luerat
938 3583 955 3621 a
980 3577 1084 3622 sancto
1105 3565 1298 3640 Kentegerno
1321 3568 1430 3628 litteris

273 3663 423 3711 exaratur.
498 3641 615 3712 Sancta
627 3653 727 3726 itaque
741 3652 927 3726 Kentegerni
938 3655 949 3686 ⁹
960 3656 1157 3725 conuersatio,
1171 3672 1229 3727 que
1242 3655 1346 3712 multis
1359 3675 1430 3730 pro-

273 3741 393 3799 ficiendi
416 3741 561 3814 prebebat
586 3741 769 3814 exemplum,
794 3741 903 3797 emulis
928 3741 993 3798 eius
1018 3742 1139 3798 maioris
1163 3742 1223 3798 odii
1248 3752 1313 3799 erat
1336 3748 1429 3802 semi-

272 3832 398 3887 narium.
438 3829 611 3902 intelligens
632 3847 704 3902 ergo
725 3829 771 3885 vir
791 3829 839 3886 dei
859 3847 964 3885 eorum
984 3829 1136 3900 inuidiam,
1155 3829 1244 3886 simul
1266 3839 1296 3886 et
1315 3832 1429 3890 timens

226 3939 259 3986 40
272 3919 374 3992 populi
393 3918 525 3975 fauorem
548 3926 577 3974 et
598 3918 752 3986 honorem,
774 3917 839 3972 loco
854 3919 964 3973 cedere
982 3917 1176 3974 deliberauit:
1197 3918 1429 3994 reuelatumque

272 4017 318 4064 est
336 4007 364 4063 ei
384 4007 571 4080 propositum
590 4021 677 4061 suum
697 4004 728 4061 in
747 4005 841 4060 oculis
860 4004 972 4060 domini
991 4014 1109 4077 gratum
1129 4004 1193 4062 fore
1212 4015 1242 4062 et
1258 4018 1428 4080 acceptum.

272 4093 368 4167 Igitur
390 4096 468 4151 clam
494 4094 649 4162 recedens,
670 4094 708 4148 ad
734 4091 896 4149 Mallenam
921 4092 1045 4148 lluuium
1065 4092 1156 4161 venit,
1182 4110 1241 4166 que
1266 4111 1305 4149 ex
1333 4098 1428 4155 maris

271 4191 406 4239 reumate
423 4181 567 4238 influente
585 4181 704 4238 alueum
723 4197 811 4236 suum
829 4181 991 4248 excedens
1003 4196 1126 4237 omnem
1142 4183 1320 4238 transeundi
1338 4201 1428 4258 spem

303 4295 358 4346 ιΕ.
374 4295 558 4358 Kentegrinus.
627 4293 703 4346 ²om,
771 4294 817 4344 ³r.
830 4295 911 4358 pueri.
945 4293 1038 4342 *Bon
1050 4303 1164 4344 sanctus.
1231 4293 1306 4344 'om
1318 4297 1345 4345 in
1360 4297 1428 4351 Boll.

267 4359 340 4410 ‘Vit
351 4362 532 4411 extimescens.
601 4358 660 4410 'al
674 4369 783 4410 tuorum.
860 4359 913 4410 Ἐ
929 4368 1111 4410 commonetur.
1185 4359 1242 4411 Ἐ
1257 4361 1425 4426 Kentegrini.
