3054 4904
419 297 495 391 De
518 295 683 385 &uultu
706 293 975 399 lbenttuttttu.
1201 313 1268 390 123

115 499 194 556 turis
212 499 331 574 aliquod
348 499 596 572 impedimentum
614 498 770 571 ingerant!
806 497 873 569 Quo
888 497 976 567 dicto,
989 495 1045 554 sub
1064 495 1154 553 nimia
1166 495 1270 553 celeri·

115 595 178 644 tate
198 587 308 660 ingens
326 588 477 643 laruarum
495 587 660 656 multitudo,
673 594 786 642 statura
803 595 832 642 et
845 585 911 642 visu
930 583 1119 653 horribilis,a
1137 593 1205 641 cetu
1220 584 1271 640 illo

115 675 235 744 exiens,
243 675 383 732 omnibus
392 674 563 731 videntibus
576 673 706 746 aufugit3
726 691 765 729 ex
778 689 905 746 quorum
914 672 1029 730 visione
1042 673 1131 728 timor
1142 687 1270 744 magnus

115 773 146 818 et
156 771 273 818 tremor
281 779 388 819 omnes
398 762 607 835 apprehendit.
639 760 819 817 Consortans
828 778 881 817 eos
893 769 1015 816 sanctus
1025 769 1054 816 et
1063 761 1270 827 corroborans,

115 849 146 904 in
165 849 272 922 quales
289 849 478 906 crediderant
497 848 667 918 denudauit‚
680 857 710 904 et
726 850 764 904 ad
780 849 963 904 credendum
979 849 1037 904 deo
1049 847 1163 904 viuenti
1181 849 1299 906 cordat

116 939 254 993 omnium
266 937 428 994 astantium
441 937 589 994 excitauit.
622 935 760 992 Euidenti
774 953 903 1008 namque
917 936 1031 992 ratione
1041 935 1171 992 ostendit
1183 934 1272 1008 ydola

116 1034 202 1081 muta
215 1025 361 1097 figmenta
373 1025 527 1080 bominum
535 1041 620 1091 vana,
628 1033 658 1080 et
670 1023 732 1096 igni
740 1023 840 1096 potius
852 1040 943 1095 quam
949 1023 1065 1079 numini
1074 1023 1245 1096 deputanda
1254 1021 1271 1076 ¹.

117 1113 279 1170 Elementa
304 1113 394 1170 etiarn
418 1113 527 1186 quibus
557 1113 658 1169 inesse
683 1112 844 1168 credebant
870 1112 1002 1179 numina,
1026 1121 1177 1167 creaturas
1203 1125 1272 1166 esse

116 1203 229 1268 docuit,
242 1219 281 1257 ex
292 1201 454 1258 conditoris
463 1200 684 1274 (dislpositione
694 1201 750 1255 'ad
763 1216 850 1256 vsum
861 1199 1016 1255 hominum
1029 1208 1059 1255 et
1072 1198 1270 1255 ministerium

116 1306 153 1345 ac
171 1287 353 1344 adiutorium
366 1306 435 1345 esse
448 1289 603 1361 plasmata.
639 1287 761 1344 Woden
773 1305 856 1356 vero,
869 1304 958 1359 quem
971 1286 1169 1360 principalem
1182 1286 1271 1342 deum
1288 1301 1318 1338 ro

116 1375 333 1432 crediderunt⁸
352 1384 381 1431 et
399 1376 544 1449 precipue
563 1375 664 1448 Angli,
680 1377 719 1432 dc
738 1393 797 1448 quo
815 1375 960 1446 originem
979 1373 1156 1442 duxerant⁴,
1176 1373 1222 1429 cui
1242 1382 1272 1429 et

116 1473 258 1536 quartam
278 1463 383 1520 seriam
402 1472 660 1532 consecrauerant,
674 1463 826 1518 bominem
846 1461 940 1518 fuisse
959 1462 1116 1518 mortalem
1135 1460 1273 1530 asseruit,

116 1561 148 1607 et
167 1567 271 1622 regem
286 1551 450 1619 Saxonum,
467 1568 484 1607 a
503 1569 562 1624 quo
580 1551 685 1624 plures
704 1550 841 1606 nationes
859 1549 955 1621 genu's
974 1550 1140 1618 duxerant;
1160 1548 1273 1615 ‘huius

116 1637 225 1710 inquit,
233 1656 360 1710 corpore
370 1639 400 1694 in
411 1639 567 1710 puluerem
578 1638 717 1705 resoluto,
728 1636 828 1693 anima
839 1635 869 1692 in
882 1636 1000 1693 inferno
1010 1637 1126 1709 sepulta
1135 1644 1273 1692 eternum

117 1725 252 1782 sustinet
261 1725 381 1798 ignem!
404 1726 540 1798 Cumque
551 1727 643 1781 multa
651 1727 689 1780 ad
700 1725 791 1780 fidem
802 1723 981 1797 pertinentia
988 1724 1018 1779 in
1029 1724 1156 1796 planicie
1166 1723 1272 1796 campi,
1289 1741 1317 1792 1⁵

118 1812 393 1869 nominelloldclm
402 1812 421 1884 ⁵,
429 1813 796 1886 plebipredicasset,terra
806 1812 837 1867 in
845 1810 1032 1884 quasedit,in
1041 1811 1273 1868 oculisomnium

117 1899 217 1956 creuit
235 1902 266 1956 in
286 1900 477 1957 monticulum
496 1901 597 1970 altum,
610 1910 640 1956 et
658 1909 760 1956 manet
777 1899 817 1955 ibi
829 1917 925 1972 vsque
943 1899 973 1954 in
991 1899 1071 1955 diem
1087 1899 1273 1954 hodiernum.

118 1987 240 2044 Omnes
253 1987 334 2044 enim
349 1988 405 2044 hec
418 1987 564 2045 mirabilia
576 1987 721 2058 videntes,
735 1987 765 2043 in
783 1987 843 2043 lide
858 1986 992 2042 instructi
1009 1985 1191 2058 baptismum
1207 2003 1273 2042 sus·

119 2083 278 2147 ceperunt
314 2075 477 2132 Conuersis
489 2077 526 2132 ad
538 2075 691 2132 dominum
703 2075 842 2131 Cambrie
855 2073 1077 2144 habitatoribus,
1085 2073 1181 2130 celum
1192 2072 1274 2128 dedit

120 2161 266 2234 pluuiam‚
279 2171 310 2218 et
323 2170 402 2219 terra
414 2163 498 2236 prius
514 2163 625 2220 sterilis
639 2162 760 2235 protulit
774 2161 902 2218 fructum
915 2175 1010 2217 suum.
1087 2149 1159 2216 Rex
1176 2162 1273 2232 itaque
1288 2178 1319 2212 20

122 2249 284 2305 Rederecb
294 2249 304 2280 ⁸
313 2250 479 2306 dominium
493 2259 523 2306 et
535 2249 735 2323 principatum
745 2266 837 2321 super
847 2249 1021 2305 vniuersum
1036 2265 1160 2320 regnum
1169 2247 1274 2303 obtulit

122 2335 341 2409 Kentigerno⁷,
356 2337 497 2410 illumque
516 2355 628 2410 regem,
643 2355 678 2394 se
691 2337 788 2410 patrie
802 2346 948 2394 rectorem
966 2337 1022 2392 sub
1039 2335 1113 2408 ipso,
1127 2334 1275 2392 nominari

121 2423 225 2493 voluit,
238 2424 315 2480 sicut
330 2423 557 2482 Constantinum
577 2434 680 2482 sancto
694 2424 840 2480 Siluestro
857 2423 965 2480 secisse
978 2424 1126 2496 cognouit.
1163 2421 1275 2495 Sicque

122 2511 256 2568 nominis
269 2511 315 2568 sui
328 2511 534 2584 interpretatio
547 2512 705 2586 impletur:
720 2528 790 2568 nam
802 2511 870 2567 Ken
879 2511 1027 2584 ⁸‘caput'‚
1036 2509 1274 2567 tiern⁹albanice

121 2598 297 2655 ‘dominus’
324 2599 414 2657 latine
437 2600 658 2672 interpretatur.
733 2587 863 2672 Regina,
888 2599 1010 2654 nomine
1033 2598 1199 2671 langueth,
1224 2597 1273 2653 diu
1289 2617 1318 2668 ²5

121 2686 244 2755 sterilis,
264 2703 354 2758 prece
374 2687 477 2743 samuli
499 2687 548 2743 dei
570 2686 706 2759 concepit
726 2695 756 2742 et
777 2685 870 2742 filium
892 2687 1026 2758 peperit;
1052 2703 1141 2758 quem
1160 2687 1191 2740 in
1211 2701 1274 2741 me·

122 2773 251 2830 moriam
270 2773 337 2830 sacti
345 2775 366 2806 ¹⁰
384 2775 501 2848 paterni
519 2783 641 2832 sanctus
659 2775 816 2847 baptizans
833 2773 950 2830 vocauit
967 2772 1204 2842 Constantinum,
1224 2773 1274 2845 qui

122 2861 202 2934 patri
221 2863 388 2918 succedens
403 2879 510 2920 omnes
527 2863 760 2935 predecessores
777 2878 848 2917 suos
861 2861 971 2918 diuitiis
988 2878 1022 2917 ac
1037 2861 1193 2917 sanctitate
1206 2877 1274 2932 pre·

122 2947 225 3006 cessit.
299 2937 453 3008 Pictorum
466 2950 600 3022 patriam,
614 2949 774 3022 quemodo
787 2949 941 3005 Galwedia
953 2948 1068 3018 dicitur,
1078 2948 1115 3003 ab
1128 2947 1275 3020 ydolatria

122 3047 154 3092 et
174 3037 320 3108 prauitate
342 3037 480 3104 heretica,
501 3037 634 3094 doctrina
654 3037 736 3093 sua'¹
758 3038 902 3109 purgauit
934 3035 1095 3092 Albaniam
1116 3034 1274 3105 conuertit,
1288 3056 1319 3104 ³0

122 3124 268 3181 ecclesias
278 3126 451 3193 construxit,
461 3135 490 3182 et
503 3125 684 3182 monasteria
694 3125 786 3180 multa
798 3123 941 3180 fundauit.
978 3123 1060 3180 Misit
1072 3141 1111 3179 ex
1121 3121 1274 3194 discipulis

123 3211 189 3268 suis
207 3213 245 3268 ad
259 3212 422 3281 Orcbades,
440 3213 639 3286 Norwegiam,
653 3221 683 3268 et
696 3212 868 3268 Yslandiam
879 3211 906 3278 ¹²,
919 3211 986 3267 luce
999 3211 1069 3267 fidei
1089 3209 1274 3267 imbuendas.

123 3299 301 3372 Vbicunque
319 3299 382 3358 sere
395 3302 540 3374 pergebat
552 3301 601 3357 vel
614 3300 796 3373 predicabat,
809 3301 888 3355 cecis
899 3298 1006 3368 visum,
1020 3297 1119 3354 surdis
1132 3297 1274 3360 auditum,

123 3386 239 3444 claudis
252 3405 401 3460 gressum,
414 3388 504 3445 mutis
518 3388 674 3460 loquelam,
685 3386 804 3444 furiosis
817 3403 940 3443 sensum
954 3387 1115 3454 reddebat;
1135 3385 1273 3442 demonia

124 3475 270 3545 eiiciebat,
284 3476 452 3548 paraliticos
464 3475 606 3549 erigebat,
620 3476 755 3548 leprosos
769 3474 940 3542 mundabat,
953 3482 983 3529 et
995 3491 1101 3530 omnes
1114 3473 1273 3545 languores
1286 3497 1317 3548 35

124 3563 255 3620 curabat.
295 3562 472 3620 Multociens
492 3581 530 3620 ex
549 3573 627 3620 tactu
646 3563 895 3620 vestimentorum
914 3578 1046 3630 suorum,
1061 3570 1091 3618 et
1109 3562 1216 3618 crebro
1234 3579 1273 3617 ex

124 3650 278 3724 particulis
288 3650 346 3706 cibi
358 3661 388 3707 et
401 3659 490 3725 potus
503 3651 568 3708 eius
580 3652 718 3724 sumptis,
728 3651 813 3706 multi
822 3649 917 3723 egroti
931 3649 1088 3706 sanitatem
1098 3649 1273 3721 consequuti

124 3746 212 3806 sunt3
232 3738 410 3811 aliquotiens
429 3738 518 3794 etiam
537 3757 577 3796 ex
589 3739 694 3796 vmbra
706 3737 840 3811 corporis
853 3737 927 3807 eius,
939 3737 1021 3794 velut
1039 3737 1113 3793 alter
1129 3736 1234 3793 Petrus
1244 3734 1273 3804 ¹³,

123 3825 236 3882 infirmi
249 3826 346 3882 curari
360 3835 542 3883 meruerunt.
617 3813 784 3899 Nunquam
796 3826 845 3882 vel
858 3825 968 3898 pluuia,
982 3825 1058 3893 niue,
1068 3825 1116 3882 vel
1129 3826 1273 3896 grandine

123 3913 304 3972 vestimenta
323 3914 388 3971 eius
407 3916 594 3972 maduerunt.
632 3913 710 3970 Nam
727 3914 797 3970 dum
814 3915 892 3970 aeris
911 3913 1100 3970 inclementia
1116 3912 1273 3986 ingruente
1286 3935 1318 3985 40

124 4003 224 4059 imber
239 4001 389 4058 inundans
405 4002 552 4058 difflueret
574 4011 604 4058 et
622 4001 744 4074 spiritus
762 4002 893 4074 procelle
911 4000 941 4056 in
961 4001 1083 4058 circuitu
1103 4001 1167 4058 eius
1186 4002 1273 4057 dese·

124 4093 212 4157 uiret,
231 4089 392 4146 immobilis
409 4091 589 4162 quandoque
608 4097 700 4158 stans,
718 4091 896 4163 quandoque
914 4090 1064 4162 gradiens,
1083 4105 1101 4144 a
1118 4088 1273 4146 cuiusdam

157 4185 235 4236 ¹vir.
249 4187 357 4280 aptiorai
462 4185 516 4264 ¹T,
532 4186 745 4280 li.exp·ositione.
850 4186 929 4280 ’v'it
941 4186 1111 4264 crediderant.
1215 4185 1273 4280 :T.

123 4256 261 4368 3:33²
315 4317 325 4346 ⁹
343 4251 556 4368 diffidebam
572 4317 602 4370 T.
616 4252 841 4368 Egrigg?reth⁸¹¹
857 4317 909 4366 Vit.
921 4251 1200 4367 effffigffifflne
1212 4252 1272 4368 co}

125 4385 240 4448 tagione.
307 4381 327 4415 ¹¹
341 4383 392 4433 Vit.
404 4383 568 4434 Ysalandam.
635 4383 655 4414 ²³
671 4383 721 4434 vit.
735 4389 762 4433 ut
773 4383 838 4433 alius
850 4382 943 4432 Petrus
953 4391 1092 4445 putaretur.
