3036 4878
989 131 1007 185 fi
1061 93 1097 122 κ.

994 193 1115 240 ''lu'sql

982 190 990 233 l
1084 216 1088 236 κ
1120 235 1124 241 ,

80 305 307 374 ursaonae-i
342 290 418 385 Dc
439 288 500 379 ᾗ.
520 289 736 376 tibmuttun
760 302 853 390 tent
877 296 916 375 ot
938 214 1126 414 mittha
1163 295 1244 404 649.

81 493 166 547 stetit
185 509 319 562 magnum
334 493 466 548 feretrum
483 510 566 563 super
581 494 667 548 altare
685 511 804 549 vacuum
821 493 903 560 intus,
921 503 1049 550 omatum
1068 491 1150 547 coriis
1167 489 1238 546 albis

80 575 211 630 ceruinis
223 592 332 630 sursum
345 587 372 632 et
388 577 518 632 deorsum
536 587 564 632 et
581 575 769 644 circumcirca,
782 593 836 647 que
855 577 1043 647 affigebantur
1060 575 1134 645 ligno
1151 571 1239 628 clauis

80 658 239 726 argenteis,
252 669 280 713 et
295 660 421 729 panellos
435 677 506 714 vnus
523 659 599 714 stetit
616 659 746 714 deorsum
766 659 842 715 iuxta
863 660 1041 729 columpnam
1059 657 1191 723 ecclesie;
1211 665 1238 708 et

81 751 218 794 sanctum
235 758 336 811 corpus
352 742 445 797 adhuc
459 741 568 797 iacebat
586 741 633 796 ubi
650 741 741 796 iacere
757 743 874 797 solebat.
913 740 1085 796 Percantatis
1103 739 1239 804 laudibus,

82 839 192 877 omnes
208 823 379 878 accessimus
397 824 436 878 ad
454 823 615 894 disciplinas
633 823 833 893 suscipiendas.
871 825 935 891 Quo
953 824 1044 878 lacto:
1064 821 1157 878 vestiti
1174 828 1267 879 suntS

82 903 115 958 in
134 904 207 960 albis
227 907 376 976 Dompnus
390 906 479 962 abbas
495 917 523 962 et
540 906 655 978 quidam
672 924 736 962 cum
752 924 794 975 eo,
810 917 837 961 et
856 907 1022 961 accedentes
1038 914 1196 960 reuerenter
1212 912 1240 958 et

84 988 202 1055 deuote,
220 988 392 1043 festinabant
411 990 542 1059 detegere
559 989 688 1044 loculum.
726 990 796 1045 Erat
815 998 907 1044 autem
927 1005 1038 1059 pannus
1057 987 1146 1042 lineus
1165 997 1240 1041 exte·

84 1070 148 1124 rius
167 1071 215 1141 qui
233 1072 355 1125 loculum
373 1081 401 1126 et
420 1072 513 1126 omnia
532 1083 624 1127 cetera
642 1069 810 1138 includebat,
829 1071 876 1142 qui
895 1071 1064 1142 quibusdam
1081 1069 1240 1140 ligamentis

86 1152 149 1208 suis
171 1153 292 1222 desuper
312 1152 413 1223 ligatus
431 1155 560 1210 inuentus
579 1154 630 1209 luit
642 1174 649 1220 ;
677 1164 775 1224 postea
796 1155 909 1224 quidam
931 1170 1039 1224 pannus
1061 1153 1165 1208 sericus
1173 1149 1191 1218 ¹,
1213 1160 1241 1207 et

85 1245 190 1306 postea
211 1235 283 1289 alter
306 1235 419 1306 quidam
444 1253 555 1307 pannus
576 1238 674 1304 lineus,
698 1248 726 1292 et
748 1247 846 1307 postea
867 1237 983 1304 tercius;
1011 1247 1040 1291 et
1064 1236 1103 1290 ita
1126 1236 1241 1291 tandem
1256 1252 1287 1288 ro

88 1317 287 1388 discoopertus
305 1329 348 1374 est
366 1320 482 1386 loculus,
495 1331 573 1376 stans
593 1337 676 1391 super
697 1320 820 1389 ligneum
838 1320 977 1375 alueolum
997 1336 1033 1375 ne
1055 1319 1114 1389 ipse
1135 1319 1241 1373 loculus

86 1420 106 1456 a
120 1401 216 1472 lapide
229 1419 387 1457 marmoreo
400 1405 546 1459 lederetur.
584 1403 673 1459 lacuit
686 1420 772 1473 super
787 1414 885 1474 pectus
901 1403 1022 1459 martiris
1038 1403 1137 1458 affixus
1151 1401 1242 1457 loculo

86 1485 211 1539 exterius
230 1486 346 1554 angelus
367 1503 468 1541 aureus
490 1487 527 1540 ad
549 1486 752 1556 longitudinem
772 1487 852 1557 pedis
872 1485 997 1556 humani,
1018 1487 1125 1542 habens
1147 1501 1242 1540 ensem

88 1583 208 1621 aureum
226 1566 254 1620 in
269 1585 327 1622 vna
344 1585 438 1635 manu,
456 1578 484 1624 et
503 1569 633 1623 vexillum
653 1568 681 1622 in
700 1570 804 1636 altera3
830 1579 858 1624 et
877 1569 975 1623 subtus
993 1579 1052 1624 erat
1070 1569 1195 1623 foramen
1214 1567 1242 1621 in

91 1651 233 1718 operculo,
258 1649 305 1703 ubi
330 1650 437 1721 antiqui
463 1651 595 1706 custodes
623 1651 742 1706 martiris
771 1651 898 1706 solebant
923 1667 1023 1706 manus
1047 1651 1182 1721 inponere
1205 1649 1241 1704 ad
1258 1667 1287 1718 15

89 1733 267 1802 tangendum
296 1744 425 1789 sanctum
454 1751 563 1804 corpus.
607 1736 646 1790 Et
670 1745 729 1790 erat
753 1751 850 1789 versus
876 1735 1079 1805 superscriptus
1102 1733 1243 1802 ymagini:

91 1815 232 1870 ‘Martiris
241 1832 307 1871 ecce
316 1833 395 1871 roma
404 1817 552 1872 Michaelis
562 1826 655 1872 seruat
664 1816 790 1886 agalma'
814 1817 958 1886 Erantque
967 1816 1044 1871 anuli
1051 1816 1131 1871 terrei
1142 1816 1178 1870 ad
1187 1815 1244 1870 duo

91 1898 187 1969 capita
199 1899 282 1954 loculi
294 1900 331 1954 ad
344 1899 524 1970 portandum,
534 1901 606 1955 sicut
618 1901 687 1955 solet
701 1900 759 1954 lieri
772 1899 800 1954 in
814 1900 883 1953 cista
896 1899 1018 1954 norensi.
1057 1900 1242 1954 subleuantes

91 1999 160 2051 ergo
184 1981 332 2052 locu[lu]m
356 1999 421 2037 curn
445 2000 562 2053 corpore
587 1984 736 2053 portabant
760 2000 849 2053 vsque
874 1983 911 2036 ad
935 1985 1039 2037 altare:
1069 1992 1097 2036 et
1120 1981 1242 2036 inclusus

94 2062 162 2134 [est]
176 2065 283 2119 loculus
295 2066 325 2119 in
338 2066 440 2120 feretro
451 2075 545 2121 stante
556 2083 642 2136 super
658 2067 755 2129 altare,
769 2065 880 2134 panello
896 2065 1026 2136 apposito
1042 2074 1070 2120 et
1086 2063 1243 2118 coniuncto.
1256 2086 1288 2122 ao

94 2147 228 2217 Sequenti
242 2147 287 2203 die
300 2147 369 2202 dixit
382 2148 470 2204 abbas
484 2167 514 2204 se
530 2149 634 2203 habere
652 2147 681 2202 in
699 2148 772 2202 uotis
791 2149 886 2202 uidere
902 2159 1050 2218 patronum
1065 2157 1194 2215 suomet
1213 2164 1243 2201 se

94 2230 166 2285 uelle
179 2231 232 2286 sibi
249 2231 382 2286 associari
398 2231 546 2286 sacristam
563 2241 591 2287 et
604 2232 759 2286 Walterum
775 2231 914 2286 medicum
930 2231 967 2286 ad
987 2231 1203 2302 inspeccionem,
1216 2241 1244 2286 et

94 2311 164 2368 alios
188 2314 225 2384 xij
251 2315 349 2369 iratres
372 2315 491 2370 deuotos
514 2324 542 2368 et
567 2313 615 2384 qui
642 2315 726 2368 fortes
751 2325 844 2369 essent
868 2315 906 2369 ad
934 2315 1088 2384 portandos
1118 2314 1244 2384 panellos

94 2396 196 2463 feretri,
216 2406 244 2452 et
265 2395 417 2467 prudentes
439 2406 533 2453 essent
557 2397 595 2451 ad
616 2413 664 2450 eos
685 2397 896 2466 coniungendos
915 2407 942 2451 et
961 2397 1169 2467 disiungendos.
1206 2396 1244 2453 Et

95 2478 229 2534 nominati
249 2489 314 2534 sunt
335 2481 391 2533 duo
416 2477 552 2548 capellani
578 2479 697 2546 abbatis,
719 2489 748 2534 et
772 2480 828 2535 duo
853 2482 984 2536 custodes
1008 2480 1110 2549 feretri,
1134 2490 1162 2535 et
1187 2481 1244 2535 duo
1259 2503 1289 2555 ²5

96 2562 220 2632 magistri
240 2563 276 2616 de
294 2561 433 2629 vestiario,
452 2572 480 2617 et
498 2561 545 2617 alii
562 2579 610 2616 sex
625 2563 711 2617 fortes
726 2571 754 2617 et
774 2563 876 2618 deuoti.
914 2563 1079 2618 Donniente
1096 2581 1164 2633 ergo
1179 2581 1245 2618 con-

97 2657 189 2713 uentu,
210 2645 303 2700 uestiti
326 2655 390 2700 suut
412 2645 450 2700 illi
471 2645 506 2716 xij
530 2644 577 2700 in’
595 2645 676 2714 albis,
697 2655 725 2701 et
746 2647 923 2701 extrahentes
945 2647 1066 2702 loculum
1086 2648 1122 2703 de
1144 2648 1246 2703 feretro

96 2738 274 2799 portauerunt
299 2728 386 2798 illum,
410 2739 439 2784 et
464 2738 602 2799 ponentes
628 2745 712 2799 super
735 2730 861 2783 tabulam
885 2730 960 2784 iuxta
984 2730 1128 2800 antiquum
1152 2732 1245 2785 locum

95 2812 196 2878 feretri,
214 2823 383 2882 parauerunt
402 2829 433 2868 se
451 2813 488 2867 ad
505 2813 723 2882 disiungendum
740 2813 909 2882 operculum,
927 2813 1002 2883 quod
1023 2813 1201 2868 coniunctum
1217 2823 1245 2867 et

97 2895 235 2950 confixum
256 2907 315 2950 erat
339 2895 430 2951 loculo
452 2896 496 2966 xvj
516 2895 604 2950 clauis
629 2895 724 2950 ferreis
750 2895 929 2964 longissimis.
976 2896 1060 2964 Quod
1085 2912 1149 2949 cum
1173 2895 1245 2950 diffi·
1259 2915 1292 2964 30

98 2979 199 3033 cultate
217 2979 365 3034 fecissent:
394 2979 461 3034 iussi
480 2990 544 3034 sunt
562 2996 661 3034 omnes
680 2979 788 3048 longius
806 2978 893 3045 abire,
907 2987 1000 3049 preter
1017 2979 1087 3034 duos
1106 2979 1246 3049 prenomi-

98 3072 184 3116 natos.
222 3063 346 3132 Eratque
360 3063 466 3117 loculus
480 3062 518 3117 ita
531 3064 653 3133 repletus
665 3073 766 3117 sancto
778 3078 893 3132 corpore
905 3072 934 3117 et
949 3061 978 3115 in
991 3061 1164 3132 longitudine
1176 3073 1203 3117 et
1218 3061 1246 3116 in

98 3144 251 3212 latitudine,
271 3145 347 3214 quod
368 3145 414 3199 vix
435 3157 532 3215 posset
553 3163 620 3201 acus
641 3145 706 3216 poni
727 3145 799 3200 inter
820 3146 911 3214 capud
932 3154 959 3200 et
980 3143 1094 3214 lignum,
1112 3144 1157 3200 vel
1174 3145 1247 3200 inter

99 3229 184 3298 pedes
202 3238 230 3283 et
248 3228 372 3298 lignum:
391 3239 420 3284 et
437 3229 547 3284 iacebat
564 3230 656 3300 capud
675 3229 783 3284 unitum
799 3229 917 3298 corpori,
936 3227 1108 3299 aliquantum
1123 3229 1246 3283 leuatum

99 3328 184 3381 paruo
205 3311 343 3366 ceruicali.
379 3312 477 3367 Abbas
496 3322 591 3367 autem
611 3313 723 3368 intuens
744 3313 880 3380 cominus,
899 3311 1004 3366 inuenit
1029 3311 1104 3382 prius
1123 3329 1246 3382 pannum
1260 3321 1290 3372 ³5

100 3394 215 3450 sericum
228 3395 365 3450 velantem
376 3405 465 3450 totum
478 3411 587 3465 corpus,
600 3405 628 3450 et
641 3405 740 3466 postea
756 3412 881 3466 pannum
897 3394 1002 3448 lineum
1019 3393 1080 3448 miri
1098 3394 1247 3462 candoris3

100 3488 125 3532 et
138 3495 219 3548 super
231 3479 323 3548 capud
337 3495 462 3548 pannum
479 3494 597 3548 paruum
615 3478 727 3546 lineum,
740 3489 768 3533 et
780 3493 880 3549 postea
891 3477 976 3533 alium
991 3495 1115 3548 pannum
1130 3493 1248 3548 paruum

100 3561 216 3616 sericum
236 3571 264 3616 et
289 3561 419 3617 subtilem
443 3571 579 3632 tanquam
600 3563 655 3616 hoc
679 3573 752 3618 esset
774 3563 866 3616 velum
890 3561 1006 3616 alicuius
1028 3559 1248 3616 sanctimonialis

100 3645 207 3700 lemine.
244 3647 282 3701 Et
302 3657 401 3716 postea
418 3645 583 3700 inuenerunt
603 3661 703 3715 corpus
721 3645 875 3700 inuolutum
895 3645 969 3700 lineo
989 3661 1091 3715 panno.
1128 3646 1166 3699 Et
1182 3655 1248 3699 tunc

101 3731 209 3784 demum
225 3739 373 3799 patuerunt
388 3730 483 3784 omnia
500 3730 665 3784 liniamenta
679 3729 769 3784 sancti
786 3728 919 3798 corporis.
958 3727 1014 3782 Hic
1031 3727 1132 3783 restitit
1148 3728 1247 3794 abbaa
1262 3752 1295 3800 40

101 3811 194 3866 dicens
214 3829 320 3868 senon
343 3829 405 3868 esse
427 3829 526 3867 ausum
548 3814 621 3867 vltra
640 3813 791 3882 procedere
809 3822 839 3865 vt
861 3821 988 3866 sanctam
1010 3827 1122 3865 carnem
1144 3811 1249 3864 nudam

101 3895 213 3951 uideret.
248 3895 400 3966 Accipiens
414 3914 481 3966 ergo
496 3906 579 3967 caput
592 3895 663 3950 inter
680 3913 779 3950 manus
793 3895 861 3962 eius,
874 3894 1013 3962 gemendo
1026 3893 1081 3948 ait:
1104 3893 1248 3948 ‘Gloriose

102 3977 195 4033 martir
206 3989 305 4034 sancte
319 3980 479 4052 Edmunde,
491 3979 640 4035 benedicta
653 3979 689 4034 sit
702 3979 750 4033 illa
761 3979 831 4032 hora
841 3994 896 4047 qua
909 3986 992 4030 natus
1004 3977 1088 4031 luisti.
1121 3975 1249 4032 Gloriose

102 4061 200 4129 martir,
219 4079 256 4117 ne
270 4071 363 4117 vertas
382 4063 467 4118 michi
486 4062 514 4117 in
533 4061 724 4134 perdicionem
740 4061 887 4117 audaciam
905 4076 1006 4126 meam,
1019 4059 1096 4130 quod
1115 4069 1143 4112 te
1161 4068 1249 4128 tango

102 4157 227 4216 peccator
248 4155 276 4201 et
298 4145 401 4212 miser;
431 4157 461 4201 tu
488 4147 543 4200 scis
569 4144 753 4201 deuocionem
778 4153 806 4200 et
833 4143 1018 4198 intencionem
1044 4143 1153 4196 meam.¹
1191 4143 1248 4196 De·
1262 4153 1293 4202 45

104 4229 163 4285 inde
176 4229 265 4299 tetigit
277 4229 382 4296 oculos,
395 4240 423 4285 et
435 4247 536 4285 nasum
547 4229 630 4285 valde
641 4245 771 4298 grossum
784 4238 811 4283 et
823 4227 905 4282 valde
918 4227 1097 4293 eminentem,
1109 4235 1137 4280 et
1150 4233 1249 4295 postea

404 4356 414 4387 ¹
431 4357 486 4410 MS.
496 4359 596 4409 cericus
823 4355 833 4384 ¹
848 4357 882 4406 al.
895 4371 944 4406 om.
