3012 4898
56 329 214 398 usn-r
384 313 459 409 De
483 312 702 416 nuttam
728 313 925 424 tantali.
1153 341 1221 412 301

54 515 177 580 inferni,
197 526 437 582 preoccupauerunt
454 535 496 569 me
515 518 599 582 laquei
617 517 723 569 mortis!
764 519 812 570 Cui
831 519 955 582 angelus:
973 517 1070 569 ‘blodo
1088 534 1130 569 me
1148 535 1226 570 uocas

54 596 207 645 dominum
226 605 253 646 et
264 605 372 660 patrem,
385 613 460 660 quem
475 613 580 661 semper
595 606 680 647 tecum
695 598 807 647 habebas
824 605 851 647 et
866 613 996 661 nunquam
1009 613 1051 648 me
1066 598 1109 646 tali
1120 599 1226 648 nomine

56 675 179 735 dignum
197 675 343 726 indicabas?
379 676 450 736 ‘Vbi,
463 677 575 736 domine,
587 677 678 739 inquit,
690 683 716 725 te
733 677 793 736 uidi,
809 683 854 725 aut
864 677 907 725 ubi
924 691 1034 739 unquam
1053 676 1225 726 dulcissimam

55 768 163 801 uocem
179 759 249 803 tuam
266 755 351 803 audiui
361 754 385 804 f'
415 755 463 804 Cui
474 755 599 816 angelus:
618 755 691 816 ‘Ego
705 761 731 804 te
745 768 849 816 semper
862 755 990 816 sequebar
1000 771 1016 804 a
1027 755 1161 804 natiuitate
1173 763 1225 816 tua,

56 846 230 894 quocunque
241 832 303 892 ibas,
316 839 342 882 et
355 848 484 894 nunquam
496 833 611 882 consiliis
627 832 691 882 meis
702 833 868 894 adquiescere
880 831 1002 882 uolebas!
1037 833 1070 882 Et
1081 835 1225 883 extendens
1238 841 1252 892 5

55 925 177 958 manum
195 909 247 958 illi¹
265 911 309 973 qui
326 927 373 974 pre
392 912 486 960 ceteris
505 911 530 960 ei
548 911 678 960 maledicis
700 911 845 968 insultabat,
870 910 960 970 ‘Ecce
981 911 1071 973 inquit,
1092 912 1135 961 ille
1152 913 1225 961 cuius

55 988 200 1037 uoluntati
222 995 249 1038 et
271 990 380 1038 consilio
400 990 601 1052 obtemperabas.
646 989 693 1039 Set
715 989 799 1038 aderit
815 988 861 1037 tibi
880 989 1054 1039 misericordia
1076 1005 1151 1051 quam
1172 1005 1224 1039 non

57 1067 195 1117 meruisti.
233 1067 297 1118 Esto
309 1069 384 1129 igitur
394 1083 485 1116 secura
496 1075 522 1117 et
536 1069 597 1127 leta,
609 1068 668 1130 quia
678 1068 787 1130 paciaris
798 1083 878 1130 pauca
893 1069 926 1116 de
942 1067 1028 1117 mutis
1039 1083 1089 1130 que
1101 1068 1225 1118 meruisti.

56 1145 192 1206 Sequere
209 1161 260 1204 me,
278 1154 304 1195 et
320 1161 472 1208 quecunque
489 1146 535 1196 tibi
553 1153 730 1195 monstrauero
753 1145 902 1194 memoriter
918 1154 986 1209 tene,
1007 1146 1067 1208 quia
1083 1146 1174 1195 iterum
1191 1147 1224 1196 ad

57 1239 167 1284 corpus
193 1221 349 1274 reuerteris?
383 1223 455 1273 Tunc
476 1225 520 1273 illa
536 1224 603 1273 ultra
624 1226 727 1273 modum
747 1223 891 1286 perterrita,
913 1223 1025 1286 (relicto)
1048 1240 1157 1286 corpore
1175 1240 1225 1274 suo
1240 1240 1271 1277 ιο

56 1317 149 1364 supra
167 1303 238 1363 quod
254 1309 361 1352 steterat
379 1303 499 1367 (accessit
512 1301 638 1366 propius).
673 1302 805 1351 Demones
823 1303 871 1352 hec
888 1304 1031 1362 audientes,
1048 1309 1074 1352 et
1091 1303 1158 1352 mala
1173 1319 1224 1366 que

58 1380 259 1442 (minabantur)
270 1397 361 1430 senon
370 1396 448 1444 posse
457 1381 552 1430 inferre
558 1381 705 1442 audifentea
711 1378 729 1440 ¹,
742 1381 996 1442 blasphemaluerunt
1005 1381 1088 1441 deum,
1101 1381 1223 1430 iniustum

57 1474 127 1507 eum
146 1474 207 1508 esse
224 1459 352 1520 dicfentes
367 1458 428 1521 quia
445 1457 509 1521 non)
529 1459 652 1508 reddebat
668 1459 734 1508 sicut
750 1459 901 1521 promiserat
917 1459 1067 1521 uni(cuique
1082 1460 1223 1508 secundum

59 1539 165 1599 opera)
177 1552 233 1586 sua.
267 1537 301 1586 Et
311 1546 371 1601 post
385 1538 434 1586 hec
452 1538 478 1585 in
493 1538 647 1599 semetipsos
665 1537 882 1598 (insurrexerunt)
900 1545 926 1586 et
940 1536 1021 1599 plagis
1033 1537 1224 1600 quibuscunque

59 1622 194 1676 poterant
204 1631 234 1664 se
245 1623 332 1664 mutuo
346 1616 557 1680 (percucielbant,
569 1622 595 1664 et
611 1615 689 1663 nimio
704 1613 786 1664 fetore
801 1615 900 1674 relicto,
912 1630 968 1664 cum
981 1615 1080 1677 ingenti
1095 1615 1224 1678 (trislticia
1239 1631 1268 1684 15

59 1701 90 1740 et
115 1693 302 1754 indignacione
321 1701 491 1743 recesserunt
531 1693 648 1754 Angelus
669 1694 776 1757 (autem)
800 1694 943 1755 precedens
960 1693 1025 1741 dixit
1044 1693 1077 1742 ad
1096 1693 1224 1744 animam:

62 1771 204 1832 ‘Sequere
213 1771 270 1821 me*
295 1772 561 1834 At(illares)poudit:
579 1771 654 1820 ‘Heu
662 1771 767 1820 domine
778 1772 822 1830 mi,
829 1772 852 1820 si
861 1771 1018 1832 precesseris
1029 1772 1083 1836 (isti
1091 1778 1160 1820 retro
1169 1771 1222 1834 me)

58 1850 175 1910 capient
192 1856 218 1898 et
234 1851 332 1899 eternis
350 1850 451 1912 ignibus
468 1847 588 1900 tradent’
639 1849 692 1913 (Ad
710 1850 796 1912 quam)
814 1849 938 1912 angelus:
968 1849 1026 1899 ‘Ne
1045 1849 1142 1912 timeas,
1163 1851 1224 1913 quia

59 1928 159 1990 plures
172 1928 328 1991 (nobiscum)
343 1936 404 1978 sunt
421 1943 498 1991 quam
513 1943 570 1977 cum
587 1927 634 1976 eis.
671 1927 699 1976 Si
715 1928 779 1976 deus
796 1943 844 1990 pro
861 1928 945 1986 nobis,
958 1927 1015 1990 quis
1028 1928 1129 1990 (contra
1144 1928 1222 1992 nost)

60 2005 173 2054 Cadent
183 2021 199 2054 a
210 2006 290 2055 latere
307 2014 353 2056 tuo
368 2006 446 2065 mille,
458 2013 485 2055 et
495 2007 585 2055 decem
598 2005 667 2055 milia
676 2021 693 2054 a
707 2006 805 2054 dextris
817 2006 876 2064 tuis,
887 2006 921 2055 ad
932 2012 959 2055 te
970 2013 1055 2055 autem
1067 2021 1120 2054 nou
1131 2021 1222 2069 appro·
1237 2024 1269 2060 ao

59 2083 212 2145 pinquabit.
245 2083 447 2146 verumptamen
460 2083 541 2133 oculis
555 2083 607 2132 tuis
622 2083 797 2132 considerabis
810 2092 837 2133 et
851 2083 1049 2132 retribucionem
1060 2092 1223 2146 peccatorum

60 2159 188 2212 uidebis'
221 2161 280 2211 Hiis
292 2161 367 2211 dictis
378 2162 486 2224 profecti
497 2169 564 2211 sunt.
632 2149 757 2224 Cumque
768 2163 870 2223 longius
881 2162 957 2211 simui
968 2169 1107 2224 pergerent
1115 2161 1222 2211 nullum-

60 2255 118 2300 que
131 2240 300 2301 splendorem
313 2240 417 2302 preter¹
433 2240 520 2301 angeli
534 2240 620 2288 lumen
634 2239 769 2298 haberent,
782 2246 909 2288 uenerunt
925 2240 958 2288 ad
973 2239 1066 2288 uallem
1082 2239 1222 2290 terribilem

60 2325 91 2366 et
115 2317 282 2367 tenebrosam
302 2318 377 2367 ualde
396 2325 423 2367 et
444 2325 560 2380 opertam
584 2318 673 2366 mortis
695 2317 812 2380 caligine.
856 2317 917 2366 Erat
939 2325 1025 2367 autem
1048 2318 1175 2380 profunda
1195 2326 1222 2368 et

61 2395 225 2444 carbonibus
240 2397 389 2446 ardentibus
406 2396 491 2458 plena,
503 2396 651 2458 operculum
665 2394 776 2445 ferreum
793 2396 892 2445 habens
906 2396 1079 2458 spissitudinis
1094 2412 1142 2445 sex
1152 2397 1220 2446 cubi-
1235 2407 1266 2458 ²5

61 2479 164 2536 torum,
184 2474 253 2536 quod
270 2475 364 2524 ardore
380 2475 460 2523 nimio
480 2474 553 2536 ipsos
569 2473 694 2523 carbones
712 2475 850 2536 superabat
866 2475 995 2524 ardentes.
1033 2474 1113 2524 Cuius
1131 2475 1219 2537 (fetor)

63 2565 162 2600 omnes
181 2552 268 2616 (quas)
288 2553 420 2614 hucusque
440 2567 518 2615 passa
535 2551 618 2600 fuerat
637 2552 722 2600 anima
743 2551 926 2601 tribulationes
948 2553 1092 2614 superabat.
1136 2553 1221 2616 Super

64 2629 139 2678 illam
162 2630 282 2679 laminam
304 2631 479 2680 descendebat
500 2630 636 2678 multitudo
655 2629 804 2678 miserarum
827 2630 969 2678 animarum
992 2638 1018 2679 et
1037 2631 1089 2679 illic
1113 2631 1217 2694 (crema-

63 2706 164 2756 bantur
184 2708 279 2772 donec)
307 2710 340 2758 ad
363 2709 465 2758 modum
491 2707 580 2756 cremii
602 2707 629 2755 in
651 2708 782 2769 sartagine
810 2707 991 2769 liquescerent,
1015 2715 1041 2757 et
1068 2710 1138 2771 quod
1166 2717 1220 2759 erat

63 2785 183 2845 grauius,
211 2801 258 2848 per
285 2786 439 2849 predictfam
467 2785 598 2847 laminam)
623 2785 772 2834 colabantur
799 2786 864 2834 sicut
891 2785 970 2835 colari
998 2787 1065 2835 solet
1092 2803 1151 2836 cera
1173 2802 1221 2851 per
1233 2799 1265 2848 30

63 2879 193 2925 pannum,
215 2872 242 2913 et
270 2864 361 2914 iterum
390 2865 416 2912 in
444 2863 598 2914 carbonibus
627 2863 694 2925 iguis
720 2864 868 2913 ardentibus
894 2865 1082 2914 renouabantur
1110 2866 1143 2915 ad
1168 2873 1219 2914 tor·

64 2950 193 2992 mentum.
241 2941 299 2992 Hec
330 2948 386 2992 erat
413 2957 481 3005 pena
511 2941 700 3004 patricidarum,
728 2941 923 3000 fratricidarum,
952 2943 1142 3004 homicidarum,
1177 2943 1219 2993 uei

64 3019 137 3069 facto
149 3019 192 3068 uel
206 3035 342 3069 consensu.
377 3019 457 3070 ‘Post
473 3019 540 3068 hanc
558 3034 660 3081 penam,
677 3019 713 3068 ait
730 3020 847 3081 angelus,
860 3019 1028 3084 duce[ntur]⁴
1044 3022 1077 3069 ad
1094 3021 1219 3082 maiores;

64 3103 92 3145 tu
123 3098 242 3160 quamuis
269 3097 397 3147 homicida
423 3097 468 3156 sis,
492 3098 569 3146 modo
593 3105 679 3145 tamen
702 3096 777 3146 istam
805 3113 858 3146 non
885 3096 1010 3160 paciens*
1081 3087 1147 3148 Post
1169 3100 1218 3150 hec

65 3183 199 3224 uenerunt
219 3176 253 3224 ad
275 3183 388 3226 montem
417 3176 482 3224 mire
509 3175 693 3236 magnitudinis
719 3183 746 3224 et
773 3175 888 3225 horroris
916 3183 942 3225 et
970 3183 1043 3226 uaste
1064 3177 1217 3238 solitudinis,
1232 3189 1262 3242 35

65 3254 110 3314 qui
135 3254 325 3304 transeuntibus
347 3261 484 3316 angustum
517 3253 593 3302 ualde
619 3253 741 3316 prebebat
768 3254 824 3304 iter.
877 3253 917 3302 Ex
944 3270 995 3304 una
1024 3263 1098 3318 parte
1126 3255 1216 3321 (illius)

67 3331 165 3380 montis
186 3331 255 3394 ignis
275 3332 392 3394 putridus
413 3331 568 3394 sulphureus
587 3337 614 3380 et
632 3330 810 3396 t(enebrosus)
832 3340 897 3392 erat,
919 3348 953 3382 ex
974 3333 1056 3382 altera
1078 3339 1151 3396 parte
1173 3334 1218 3383 nix

64 3409 183 3472 glacialis
205 3416 232 3458 et
249 3416 343 3459 uentus
367 3409 528 3472 (horribilis).
570 3409 604 3458 Et
622 3415 677 3458 erat
696 3423 771 3458 mons
793 3409 836 3458 ille
862 3410 1011 3474 (tortoribus
1033 3412 1135 3475 plenus,
1161 3412 1216 3476 qui)

64 3484 153 3537 furcas
169 3487 299 3538 habebant
318 3488 415 3537 ferreas
433 3487 538 3552 (ignitas
555 3493 581 3536 et
601 3487 739 3550 tridentes)
758 3487 931 3548 acutissimos,
948 3489 1040 3550 quibus
1057 3489 1218 3553 iugufiabant

65 3564 177 3626 animas)
202 3566 311 3614 naasire
333 3566 451 3614 uolentes
471 3573 498 3615 et
520 3565 656 3614 trahebant
675 3565 719 3628 (ad
741 3579 831 3627 penas,
851 3571 878 3614 et
895 3580 943 3627 per
960 3567 1041 3629 uices)
1061 3568 1094 3616 de
1112 3567 1173 3616 niue
1191 3575 1263 3630 et4o

65 3644 193 3704 grandine
212 3645 359 3707 (mittebant
374 3645 428 3707 eas)
447 3644 474 3692 in
491 3642 587 3705 ignem,
604 3649 631 3693 et
648 3659 797 3693 econuerso.
834 3643 909 3692 ‘Hec
926 3651 975 3704 est,
989 3646 1083 3708 (inquit
1100 3645 1217 3707 angelus,
1309 3644 1311 3650 ’

66 3722 145 3782 pena)
154 3721 332 3771 insidiatorum
341 3731 367 3770 et
375 3718 549 3785 perfidorum’
582 3707 649 3770 Post
657 3720 717 3786 (hec
727 3721 813 3770 anima
823 3721 866 3769 illa
878 3720 935 3784 pre)
947 3723 1038 3772 timore
1050 3724 1216 3785 pedetemtim

64 3799 211 3862 angeflum)
231 3815 354 3862 sequens,
373 3800 444 3848 uenit
463 3800 496 3849 ad
515 3798 607 3848 rrailem
625 3797 778 3861 profundam
792 3805 818 3847 et
839 3799 989 3864 pu(tn'dam)
1007 3801 1082 3850 nimis
1101 3810 1128 3850 et
1144 3809 1217 3851 tene·

65 3875 178 3936 brosam,
191 3877 262 3927 errius
279 3877 478 3940 profunditatem
492 3876 560 3941 (ipsa
576 3877 689 3939 quidem)
707 3877 793 3926 anima
807 3877 897 3926 uidere
913 3893 966 3927 non
983 3885 1093 3940 poterat,
1104 3879 1216 3928 sonitum

67 3957 167 4012 (tamen
184 3954 328 4018 sulphurei)
350 3956 461 4004 fluminis
477 3960 504 4004 et
520 3955 643 4003 ululatum
662 3954 820 4017 paciencium
843 3955 880 4018 (in
900 3971 933 4004 eo
948 3957 1087 4018 audiebat).
1122 3957 1216 4006 Fumus
1227 3972 1260 4024 45

67 4047 129 4083 uero
152 4033 185 4082 de
211 4033 334 4096 sulphure
356 4039 383 4082 et
404 4034 437 4082 de
459 4031 626 4082 cadaueribus
649 4032 710 4082 inde
736 4032 857 4094 surgebat
883 4032 986 4095 fetidus,
1009 4034 1052 4096 qui
1079 4034 1206 4096 superaba

68 4111 182 4173 (omnes)
195 4125 277 4173 penas
288 4127 352 4172 quas
369 4112 440 4174 prius
458 4111 564 4160 uiderat
601 4110 639 4160 Ibi
655 4118 710 4160 erat
726 4111 832 4175 (tabula)
849 4110 1005 4173 longissima,
1019 4113 1051 4161 de
1063 4128 1115 4162 uno
1127 4119 1216 4162 monte

67 4185 182 4238 inalium
196 4191 332 4253 (montem)
344 4197 471 4252 porrecta,
483 4189 509 4238 in
521 4189 625 4238 modum
637 4189 724 4251 pontis
734 4204 812 4252 supra
823 4189 928 4253 ualllem
944 4189 1072 4254 exten)sa,
1084 4205 1135 4252 que
1146 4190 1216 4241 mille

68 4278 158 4325 passus
178 4267 288 4317 habebat
305 4267 331 4315 in
355 4267 536 4331 lonfgitudine,
553 4267 591 4331 in)
612 4267 745 4317 latitudine
762 4268 855 4330 pedem
875 4283 961 4318 uuum.
995 4268 1079 4330 Quem
1098 4269 1215 4333 (pontem

98 4369 298 4425 ²ulinuuum,
329 4371 416 4426 ¹Sch.
428 4374 629 4437 conspicientes.
661 4373 716 4426 ⁸01.
727 4381 815 4438 preter
826 4374 1000 4438 splendorem.
1036 4373 1093 4426 ‘T.
1104 4376 1215 4430 duceris.
