3044 4878
251 199 324 358 *42
592 266 723 353 [tium
749 263 940 370 [tauma
964 263 1113 368 fluctu

279 465 356 524 cinia
372 467 494 526 subiret
531 467 607 526 noni
619 468 732 542 quippe
745 467 880 542 parentis
893 486 949 542 pro
961 487 999 526 eo
1011 467 1185 542 inuigilante
1198 469 1328 538 solertia,
1341 469 1428 541 prius

279 555 403 612 docetur
411 555 538 614 militare
545 557 612 626 deo,
618 573 708 629 quam
716 556 885 614 addisceret
893 556 996 613 viuere
1005 557 1126 614 mundo.
1140 555 1190 615 Sic
1199 558 1321 614 demum
1329 556 1427 613 insan-

277 643 328 700 tile
336 660 447 718 corpus
455 643 571 718 flagella
580 644 946 718 pedagogiattrectant,sic
955 644 1112 717 discipline
1121 643 1427 717 [compedestoms

277 729 355 787 ineo
368 731 499 804 pueriles
508 741 656 799 coercent,
665 741 696 789 vt
709 741 740 788 et
749 731 907 790 virtutibus
916 731 987 790 vitia
999 732 1167 806 preteriret,
1176 741 1207 788 et
1219 741 1281 788 tota
1287 733 1348 789 vita
1357 732 1426 789 eius

248 830 359 888 resset
370 837 463 876 vnum
482 828 512 878 et
531 819 600 892 iuge
613 819 789 878 martirium.
827 819 873 878 De
886 819 989 894 seipso
1005 820 1151 893 aliquibus
1164 819 1278 877 referre
1291 821 1426 878 solebat:

277 905 359 978 ‘Ego
371 907 476 964 mundi
488 907 577 964 huius
589 908 698 981 gaudia
710 925 864 980 nunquam
877 909 969 982 attigi,
979 909 1061 964 iocos
1071 925 1225 980 nunquam
1238 907 1336 976 didici,
1347 925 1426 966 nun·
1512 921 1513 974 t

276 1011 366 1066 quam
377 994 450 1052 sciui
456 995 482 1052 ².’
500 994 552 1052 'ln
561 996 825 1069 grannopolitano*
834 997 984 1055 territorio
994 996 1024 1052 in
1033 997 1163 1068 quodam
1171 995 1296 1052 cenobio
1304 996 1426 1052 canoni-

276 1099 330 1140 cus
340 1083 485 1155 regularis
495 1083 599 1152 iactus,
607 1083 818 1141 ecclesiasticis
826 1084 933 1142 litteris
941 1083 1073 1141 imbutus
1084 1092 1138 1142 ast
1158 1083 1186 1140 A
1196 1083 1317 1140 ludendi
1327 1083 1426 1140 iocan-

275 1169 366 1243 dique
378 1170 509 1228 vanitate
522 1180 655 1228 mentem
669 1173 870 1244 suspendens,
884 1171 1020 1230 honestis
1037 1171 1187 1228 exercitiis
1205 1188 1239 1228 se
1254 1171 1424 1228 immiscuit.

233 1279 264 1315 ro
278 1256 387 1316 Coeuls
400 1257 464 1316 suis
477 1257 651 1332 frequenter
663 1259 844 1330 ludentibus,
859 1259 916 1318 sibi
928 1260 998 1316 talia
1010 1267 1136 1332 paterne
1148 1258 1313 1316 dulcedinis
1328 1259 1425 1315 instil-

277 1344 378 1402 labant
400 1347 605 1404 hortamenta:
626 1346 748 1404 Solebat
767 1347 850 1406 enim
869 1347 926 1404 sibi
946 1348 1046 1404 dicere
1062 1355 1148 1420 pater
1157 1345 1267 1404 suus':
1288 1347 1373 1404 ‘Non
1387 1356 1425 1416 te,

277 1433 381 1506 inquit,
401 1433 573 1491 dulcissime
595 1434 645 1501 lili,
662 1434 769 1491 alliciat
789 1435 897 1494 stolida
917 1435 1023 1491 leuitas
1044 1435 1203 1492 sociorum.
1241 1433 1314 1491 Sine
1339 1433 1423 1492 illos:

277 1520 351 1576 sorti
361 1530 411 1577 tue
424 1523 549 1578 istorum
559 1521 656 1578 studia
667 1521 767 1579 minus
776 1522 977 1579 conueniunt'
996 1521 1211 1595 Addebatque:
1226 1521 1424 1594 ‘Hugonette
1516 1577 1517 1582 ,

279 1605 464 1680 Hugonette,
483 1625 540 1681 ego
560 1617 589 1665 te
605 1609 727 1666 Christo
746 1610 862 1666 nutrio:
892 1609 981 1667 iocari
1002 1626 1063 1666 non
1085 1618 1132 1666 est
1152 1610 1253 1665 tuum!
1298 1608 1425 1681 Vigebat

233 1716 262 1767 ¹⁵
277 1696 359 1751 enim
371 1695 483 1768 ingenii
496 1695 633 1752 acumine
647 1713 767 1770 magno,
780 1714 840 1771 quo
852 1697 987 1765 velotius,
999 1713 1119 1771 queque
1130 1696 1230 1766 vellet,
1247 1695 1425 1754 addisceret

280 1769 417 1856 Hugone
429 1793 530 1840 autem
542 1785 652 1854 adulto,
665 1793 752 1857 pater
764 1784 838 1856 eius,
851 1786 902 1858 qui
915 1785 945 1841 in
959 1785 1066 1842 eodem
1081 1783 1208 1841 cenobio
1225 1784 1280 1840 sub
1297 1783 1425 1856 regulari

277 1869 434 1943 disciplina
446 1869 530 1940 vixit,
543 1871 658 1928 crebris
675 1871 754 1944 cepit
765 1871 865 1945 vrgeri
884 1871 1128 1943 incom[m]odis:
1147 1887 1237 1943 quem
1251 1869 1329 1927 filius
1343 1887 1425 1939 suus,

278 1959 420 2029 quamdiu
439 1957 522 2026 vixit,
542 1959 679 2028 ducebat,
698 1959 843 2032 portabat,
861 1959 996 2016 vestibus
1021 1968 1052 2016 et
1077 1959 1279 2016 calciamentis
1297 1959 1425 2030 tegebat,

278 2045 389 2103 lectum
403 2045 430 2102 ei
443 2047 606 2117 sternebat,
619 2056 649 2103 et
666 2046 696 2102 in
710 2047 851 2104 omnibus
864 2047 968 2104 sedule
984 2046 1179 2104 ministrabat.
1216 2045 1290 2102 Zelo
1303 2047 1425 2102 tandem

233 2153 264 2190 ao
278 2133 414 2191 arctioris
433 2133 585 2207 religionis
601 2135 717 2203 ductus,
730 2134 868 2190 ordinem
886 2133 1103 2191 cartusiensem
1120 2135 1275 2208 ingressus
1288 2144 1343 2190 est.
1383 2133 1426 2190 lbi

278 2220 359 2277 enim
374 2221 496 2277 stimulo
506 2221 605 2278 carnis
616 2239 670 2279 sue
680 2222 858 2295 grauissime
868 2230 1040 2295 temptatus,
1048 2239 1170 2279 carnem
1181 2237 1266 2277 suam
1276 2219 1386 2293 vigiliis
1396 2231 1426 2278 et

278 2308 354 2365 mira
366 2307 547 2365 abstinentia
559 2309 707 2365 domabat.
746 2309 906 2366 Promotus
923 2311 1045 2366 tandem
1058 2311 1095 2366 ad
1108 2309 1245 2366 ordinem
1258 2308 1425 2378 sacerdotii,

277 2406 422 2469 quantum
436 2395 530 2454 creuit
543 2396 658 2466 ordine,
670 2405 786 2453 tantum
804 2397 929 2470 proiecit
949 2406 1052 2454 sancta
1070 2397 1238 2454 deuotione.
1276 2395 1310 2452 ln
1325 2395 1425 2452 altaris

278 2483 380 2540 enim⁵
401 2481 500 2540 officio
525 2483 565 2540 ita
585 2485 770 2554 versabatur,
792 2502 827 2541 ac
848 2485 875 2541 si
894 2484 1043 2542 visibilem
1064 2485 1202 2541 manibus
1227 2492 1425 2540 contrectaret

234 2590 263 2641 ²⁵
279 2571 434 2628 dominum
460 2571 649 2628 saluatorem.
700 2572 848 2630 Domabat
875 2573 957 2629 enim
982 2571 1117 2645 corporis
1148 2571 1284 2628 membra
1307 2570 1425 2644 vigiliis,

279 2658 406 2730 ieiuniis,
429 2657 563 2732 flagellis,
583 2668 612 2715 et
631 2660 714 2716 iuxta
733 2677 849 2716 morem
869 2659 983 2716 ordinis
1003 2677 1060 2716 vsu
1081 2657 1176 2729 cilicii,
1197 2667 1228 2715 et
1251 2667 1323 2730 potu
1349 2674 1425 2731 aque

279 2763 347 2804 cum
362 2746 446 2802 arido
463 2763 550 2820 pane.
624 2734 729 2804 Tanta
740 2748 864 2804 demum
880 2747 978 2804 carnis
995 2747 1159 2820 temptatio,
1172 2763 1239 2802 cum
1253 2754 1425 2818 procurator

279 2835 388 2891 domus
400 2832 494 2891 sattus
508 2834 621 2905 luisset,
635 2835 734 2891 subito
744 2845 849 2892 exorta
861 2843 916 2906 est,
926 2843 957 2891 vt
971 2835 1072 2891 mallet
1084 2833 1294 2891 iehennalibus
1306 2833 1424 2890 interim

278 2921 355 2979 tradi
369 2921 464 2996 penis,
478 2939 568 2995 quam
581 2921 672 2980 tantis
681 2922 781 2996 vrgeri
791 2921 929 2980 flammis.
954 2923 1030 2979 Tam
1039 2922 1147 2995 ingens
1161 2937 1270 2994 pugna,
1279 2929 1342 2977 tam
1353 2921 1425 2978 sorte

234 3027 266 3077 30
280 3017 433 3066 certamen
446 3010 508 3078 suit,
519 3011 598 3082 quod
611 3009 728 3082 [solius]
740 3011 747 3042 ¹
760 3010 863 3067 diuine
876 3027 936 3067 nou
949 3011 1103 3068 dubitetur
1111 3010 1228 3068 virtutis
1239 3008 1333 3067 fuisse
1347 3012 1424 3082 quod

281 3113 341 3152 non
361 3097 512 3168 cessisset,
533 3099 587 3154 sed
605 3097 730 3155 viriliter
748 3097 918 3155 resistendo
937 3097 1122 3172 triumphum
1141 3106 1317 3170 reportaret.
1355 3097 1425 3155 Viro

279 3184 329 3241 dei
353 3187 485 3254 tandem,
505 3194 654 3258 prostrato
673 3203 729 3244 nec
749 3195 900 3259 superato,
921 3201 981 3242 non
1003 3188 1081 3244 victo
1103 3187 1157 3244 sed
1179 3185 1309 3259 fatigato,
1327 3187 1425 3242 tenuis

280 3273 413 3344 obrepsit
425 3289 534 3345 sopor:
555 3281 586 3330 et
598 3291 679 3344 ecce,
690 3275 764 3330 vidit
774 3273 873 3331 virum
886 3273 937 3348 qui
950 3273 1031 3330 illum
1045 3283 1221 3347 susceperat
1238 3274 1276 3330 ad
1288 3274 1424 3330 ordinem

280 3360 373 3431 illum,
398 3361 520 3418 nomine
547 3361 699 3432 Basilium,
724 3363 807 3420 vultu
837 3361 971 3434 angelico
995 3361 1162 3419 radiantem
1193 3360 1249 3418 sibi
1273 3369 1374 3420 astare
1398 3369 1425 3418 et

235 3465 266 3516 35
281 3447 398 3505 dicere:
412 3449 507 3519 ‘Quid
518 3448 593 3520 [tibi]
604 3449 620 3520 ¹,
634 3449 737 3522 inquit,
750 3459 805 3520 est,
819 3449 860 3506 fili
873 3449 1074 3508 charissime?
1097 3449 1159 3507 Cur
1171 3449 1211 3505 ita
1223 3449 1304 3506 iaces
1313 3466 1425 3521 pronus

280 3536 421 3592 interra?
459 3535 566 3609 Surge,
580 3547 610 3594 et
621 3537 697 3594 velle
710 3546 794 3593 tuum
807 3537 982 3594 fiducialiter
990 3538 1130 3611 loquere?
1168 3537 1206 3593 Et
1219 3554 1287 3594 cum
1300 3547 1426 3611 tcmpta-

280 3623 393 3681 tionem
417 3640 503 3681 suam
526 3623 553 3681 ei
579 3633 754 3694 reserasset,
776 3641 847 3682 mox
872 3625 1026 3698 patefactis
1053 3625 1198 3682 nouacula
1220 3642 1311 3697 quam
1337 3643 1425 3682 manu

279 3711 401 3770 tenebat
418 3711 584 3771 visceribus
604 3712 677 3781 eius,
699 3712 785 3786 quasi
805 3721 952 3770 strumam
977 3713 1096 3788 igneam
1115 3713 1185 3770 inde
1201 3713 1285 3770 visus
1308 3722 1355 3771 est
1377 3730 1426 3770 ex-

282 3787 422 3856 secuisse
429 3809 459 3856 et
474 3800 592 3873 longius
610 3810 696 3857 extra
714 3802 821 3857 cellam
840 3801 1013 3874 proiecisse.
1051 3800 1290 3875 Expergesactus
1301 3819 1384 3870 vero,
1397 3801 1426 3856 in

235 3903 269 3952 4ο
282 3889 373 3945 corde
395 3897 425 3944 et
450 3887 480 3944 in
501 3905 592 3945 carne
612 3905 646 3946 se
671 3889 804 3962 repperit
828 3889 1026 3946 immutatum.
1062 3888 1188 3946 Cuidam
1211 3888 1350 3945 familiari
1374 3907 1427 3946 suo

282 3977 421 4048 querenti
433 3985 533 4032 vtrum
541 3975 671 4049 aliquem
678 3984 784 4050 postea
796 3977 926 4035 senserit
938 3977 969 4033 in
978 3993 1069 4034 carne
1082 3993 1136 4034 sua
1144 3987 1259 4033 motum
1271 3999 1277 4034 :
1298 3982 1427 4046 ‘reuera

282 4063 388 4136 iuquit,
401 4065 481 4136 quod
493 4063 625 4138 aliquem
638 4064 787 4121 senserim
798 4081 858 4121 non
869 4083 954 4138 nego,
963 4066 1018 4122 sed
1026 4063 1292 4137 simplicissimum,
1301 4074 1332 4122 et
1339 4081 1427 4138 quem

288 4167 348 4207 non
361 4151 463 4208 minus
475 4161 690 4226 contempnere
697 4169 788 4225 quam
798 4155 998 4226 comprimere
1005 4161 1087 4210 esset
1099 4151 1288 4210 facillimum!
1346 4141 1427 4211 Cum

316 4255 325 4286 ¹
342 4272 392 4308 om.
457 4256 468 4287 ¹
484 4259 518 4310 al.
529 4258 609 4310 sitini.
675 4258 715 4288 Η
731 4257 797 4307 lohn
807 4258 836 4307 oi
842 4258 1009 4322 Tynemouth
1016 4258 1079 4309 here
1088 4258 1221 4320 blunders,
1230 4265 1289 4323 past
1298 4260 1428 4320 meuding,

283 4322 310 4371 in
328 4323 463 4387 abridging
476 4325 520 4374 the
532 4323 599 4376 Vita.
653 4323 663 4353 ⁴
679 4324 712 4376 al.
727 4325 984 4390 Gratianopolitau03
999 4325 1018 4378 i.
1027 4341 1051 4376 e.
1063 4325 1203 4376 Greuoble.
1259 4325 1269 4356 ³
1285 4340 1336 4376 om.
1347 4326 1373 4374 iu
1385 4325 1413 4375 T.
