3054 4904
389 223 463 318 Dc
487 221 651 313 &anno
678 223 934 313 tantuna.
1163 244 1227 320 141

85 432 206 496 peracta
224 423 424 495 confessione,
442 426 628 484 oscularetur
645 428 763 499 denote,
780 427 902 486 dicens:
923 426 1049 485 ‘Manus
1067 425 1125 484 iste
1143 425 1233 484 hodie

84 527 134 568 me
159 512 280 569 beatum
304 513 457 572 fecerunt'
533 502 692 588 Tempore
716 533 836 590 quoqne
860 515 926 573 eins
950 514 1089 572 monachi
1113 521 1233 571 cantua-

85 598 210 670 rienses,
224 600 301 658 sicut
314 617 420 659 omnes
432 602 496 659 fere
508 611 579 660 tnnc
592 603 737 677 temporis
750 604 782 660 in
794 602 906 676 Anglia
918 602 1103 660 secularibus
1115 601 1232 659 similes

84 687 142 742 nisi
157 689 237 760 qnod
250 689 421 762 pudicitiam
434 707 496 746 non
507 690 592 748 facile
605 693 776 764 perderent,
786 691 898 760 venari,
911 690 1062 764 aucupari,
1072 699 1101 747 et
1114 690 1232 764 potibus

83 772 242 848 indulgere
264 787 492 848 consueuerant,
518 787 550 836 vt
569 779 637 836 illos
656 779 752 853 magis
776 781 925 848 consules,
943 795 1034 853 qnam
1059 779 1262 852 monachos,5

84 879 140 934 pro
154 863 333 921 famulorum
350 864 517 939 frequentia
533 877 663 939 putares.
702 867 820 924 Horum
833 867 1024 924 insolentiam
1038 865 1234 924 Lamirancns

83 948 266 1023 aliquamdiu
283 951 437 1011 toleranit:
457 953 570 1011 sciebat
588 954 669 1011 enim
689 954 803 1028 peritus
820 954 987 1011 animarum
1000 953 1153 1027 magister,
1165 970 1233 1010 con-

83 1038 277 1096 suetudinem
289 1057 308 1096 a
321 1050 425 1097 natura
434 1057 504 1098 esse
516 1043 688 1112 secundam,
698 1052 729 1099 et
738 1042 897 1114 repentina
911 1059 1028 1099 morum
1038 1041 1233 1099 conuersione

83 1125 251 1184 teneriores
263 1127 436 1185 exacerbari
447 1128 580 1186 animos:
600 1137 785 1203 quapropter
797 1147 854 1203 per
865 1129 1022 1187 interualla
1037 1130 1146 1186 blande
1158 1145 1233 1185 non·

84 1213 168 1270 nulla
185 1216 378 1283 submonens,
391 1225 457 1273 cote
469 1217 611 1274 virtmnm
629 1219 721 1274 rudes
740 1219 777 1274 ad
795 1217 907 1274 bonnm
925 1219 1088 1275 exacuebat
1107 1224 1233 1286 mentes,
1249 1237 1280 1278 ιο

83 1300 124 1356 ita
136 1311 169 1358 vt
179 1301 324 1359 abdicatis
336 1304 510 1361 adulterinis
523 1304 641 1362 fetibns¹
652 1347 660 1376 ,
672 1305 799 1362 vltronei
811 1304 944 1379 geniales
956 1306 1099 1362 virtutum
1112 1306 1234 1377 adopta·

84 1398 152 1446 rent
178 1407 347 1447 successus.
385 1391 444 1449 Hic
468 1393 584 1449 nullum
606 1411 624 1450 a
647 1409 681 1449 se
700 1410 832 1466 vnquam
852 1392 969 1450 tristem
991 1392 1111 1462 dimisit,
1131 1393 1185 1449 sed
1207 1391 1234 1448 si

84 1493 269 1550 quemquam
282 1478 475 1536 subnubilum
482 1480 606 1548 videret,
614 1496 735 1537 cansam
748 1480 877 1554 impiger
883 1481 1036 1554 querebat,
1044 1489 1074 1538 et
1085 1479 1234 1537 medelam

85 1564 255 1622 adhibebat.
293 1565 438 1624 Roffense
452 1567 665 1625 monasterinm
675 1569 713 1624 de
723 1568 912 1640 quaternario
921 1569 1099 1626 clericorum
1109 1584 1234 1630 nummo

84 1669 182 1725 vsqne
200 1654 238 1709 ad
253 1643 466 1727 quinquaginta
484 1655 656 1723 monachos,
669 1655 909 1713 necessariorum
926 1655 1135 1712 sufficientiam
1153 1655 1278 1729 alliu-15

85 1740 193 1798 enter²
215 1740 411 1798 ministrando
419 1742 438 1812 ³,
462 1743 647 1800 instanranit.
718 1731 803 1801 Tres
823 1743 888 1801 eins
912 1743 1051 1817 discipuli
1075 1744 1235 1817 aliqnando

85 1826 166 1885 inter
184 1845 218 1886 se
236 1828 395 1887 dixerunt:
415 1831 633 1904 ‘Experiamur
650 1831 835 1889 renolntione
855 1830 1001 1898 foliomm,
1014 1830 1082 1905 qnis
1099 1839 1235 1887 nostrum

85 1915 206 1974 futurus
225 1917 263 1974 sit
281 1918 382 1986 abbas,
399 1918 467 1991 quis
485 1919 663 1992 episcopus!
702 1917 739 1975 Et
756 1918 871 1976 inuenit
884 1918 1102 1991 Gundnlphns:
1122 1917 1235 1974 ‘fidelis

85 2021 197 2061 seruus
219 2013 249 2061 et
271 2006 421 2078 prudens’
441 2015 471 2062 et
495 2016 601 2063 cetera
638 2005 791 2064 Walterus
815 2006 948 2063 inuenit:
976 2009 1080 2062 ‘seruc
1104 2007 1182 2062 bone
1206 2013 1237 2062 et

86 2091 204 2150 fidelis’
229 2101 284 2149 etc
321 2091 456 2150 Tertium
478 2111 552 2150 vero
580 2093 693 2151 socium
723 2093 824 2151 nescio
848 2093 920 2167 quid
944 2095 1052 2150 durum
1080 2092 1236 2148 inuentum
1251 2115 1282 2154 πο

85 2180 226 2248 turbauit,
239 2181 313 2236 sed⁴
329 2189 360 2238 et
376 2181 403 2237 si
420 2180 527 2251 andini,
540 2181 669 2238 libenter
681 2181 790 2238 oblitus
803 2197 879 2246 snm,
892 2181 962 2255 qnia
979 2180 1108 2252 ingenue
1126 2179 1237 2236 mentis

86 2278 133 2325 est
151 2267 258 2324 alienis
275 2284 335 2324 non
352 2267 496 2326 insultare
513 2269 608 2327 malis.
645 2269 732 2339 Quod
745 2285 814 2326 cnm
828 2268 1024 2325 Lamfrancns
1039 2267 1180 2336 audisset,
1194 2267 1238 2323 in·

87 2356 264 2413 dubitanter
292 2355 501 2429 pronuncianit
526 2357 741 2430 Gnndulphnm
769 2356 832 2414 fore
858 2355 1044 2429 episcopum,
1068 2354 1237 2411 Walterum

87 2445 238 2510 abbatem,
263 2443 383 2501 tertium
409 2445 446 2500 ad
471 2444 585 2502 lubrica
608 2444 701 2501 seculi
727 2443 957 2501 denolnendnm.
995 2442 1032 2500 Et
1057 2442 1166 2500 factum
1192 2451 1238 2499 est

87 2531 146 2591 ita:
182 2531 260 2589 Nam
290 2531 490 2605 Gnndulphus
519 2532 614 2589 factus
645 2543 691 2589 est
722 2531 884 2605 episcopus
911 2529 1058 2598 roffensis,
1082 2529 1237 2587 Walterns
1253 2551 1282 2602 ²5

88 2621 184 2677 abbas
199 2618 390 2687 Eneshamie,
405 2620 511 2677 tertius
530 2620 560 2676 in
573 2637 683 2676 vanum
701 2619 773 2676 abiit
785 2617 804 2676 ⁶.
878 2606 1045 2675 Fatebatur
1057 2617 1137 2674 enim
1152 2617 1240 2673 Lam·

88 2707 211 2765 francus
224 2725 258 2764 se
270 2710 361 2764 deum
375 2725 497 2781 rogasse
509 2717 540 2764 vt
555 2717 605 2765 ant
622 2707 704 2764 febre
721 2706 791 2763 aut⁸
802 2703 1000 2763 dissenteria⁷
1012 2713 1188 2772 moreretur,
1202 2720 1239 2761 eo

87 2797 169 2868 quod
185 2795 363 2853 memoriam
377 2813 437 2852 non
450 2796 570 2852 turbent
583 2813 640 2852 nec
652 2794 800 2866 loquelam
814 2793 986 2866 impediant.
1059 2780 1136 2849 Erat
1157 2791 1238 2848 enim

88 2882 226 2940 doctrina
235 2891 265 2940 et
278 2883 424 2956 sapientia
434 2883 669 2940 famosissimus:
684 2881 773 2938 ‘cuins
783 2881 925 2938 indicium
936 2889 1000 2938 erat
1010 2880 1089 2952 qnod
1099 2878 1239 2936 dominns

88 2989 168 3045 papa
181 2971 358 3028 Alexander
370 2971 406 3039 ei,
416 2970 544 3028 Romam
557 2969 697 3038 venienti,
708 2969 865 3042 dignanter
876 2977 1055 3040 assurgeret,
1068 2975 1239 3040 protestans
1253 2987 1286 3038 30

90 3076 124 3114 se
141 3077 204 3115 non
220 3058 299 3115 illins
312 3057 557 3132 archiepiscopio,
570 3059 625 3115 sed
640 3043 812 3130 magisterio
825 3055 989 3112 litterarum
1003 3053 1170 3111 honorem⁸
1188 3055 1239 3110 de·

89 3145 180 3203 ferre.
211 3146 403 3218 Quapropter
415 3145 498 3218 petiit
511 3154 627 3218 papavt
637 3163 704 3202 cnm
717 3143 785 3217 ipse
794 3143 914 3201 fecisset
927 3143 1097 3221 qnodesset
1106 3140 1240 3212 honoris,

91 3232 292 3290 lamfrancus
310 3232 421 3290 faceret
438 3235 518 3307 quod
538 3241 620 3289 esset
637 3232 762 3301 iusticie,
778 3230 915 3289 videlicet
932 3239 965 3288 vt
983 3247 1016 3287 se
1035 3237 1241 3304 prosterneret

89 3320 225 3394 vestigiis
237 3319 339 3378 vicarii
352 3319 430 3377 beati
444 3319 533 3378 Petri.

543 3425 567 3486 tl
585 3423 634 3482 Ex
644 3425 789 3482 cranaos&

129 3503 197 3572 Illis
216 3514 323 3571 diebus
341 3513 465 3570 comites
485 3513 647 3570 Herfordie
665 3523 695 3570 et
715 3511 869 3585 Estanglie
889 3510 1119 3567 coniuranernnt
1138 3518 1241 3566 contra
1256 3528 1286 3580 ³⁵

91 3620 195 3676 regem
209 3602 398 3658 Willelmum
411 3600 529 3674 Anglie‚
549 3609 579 3656 et
597 3599 736 3657 comitem
756 3597 969 3656 Northnmbn'e
981 3597 1156 3654 Walleuum
1163 3597 1185 3630 ¹⁰
1203 3598 1241 3654 ad

92 3689 341 3748 consentiendum
360 3688 405 3745 eis
421 3688 547 3745 subdole
562 3686 830 3744 circumnenerunt
868 3685 927 3756 Qui
941 3685 1153 3742 Lamfrancnm
1170 3684 1242 3742 adiit

91 3787 131 3848 et,
143 3775 311 3851 penitentia
322 3789 452 3848 accepta,
462 3791 564 3847 regem
577 3774 671 3847 petiit,
685 3774 843 3831 factionem
855 3772 1026 3842 denudanit,
1036 3770 1243 3829 misericordie

92 3866 172 3939 regis
185 3864 262 3921 vltro
274 3880 308 3920 se
321 3863 412 3920 dedit.
448 3861 536 3918 Vnde
554 3871 584 3918 et
598 3879 653 3918 rex
670 3863 815 3934 quosdam
832 3860 965 3917 exilianit
972 3859 1002 3929 ¹¹,
1015 3859 1162 3932 quosdam
1175 3876 1242 3931 pro-

92 3952 214 4027 fuganit,
235 3951 375 4009 comitem
388 3949 561 4006 Wallennm
570 3950 592 3982 ¹⁰
603 3959 672 4023 post
684 3950 950 4007 incarcerationem
963 3948 1044 4021 apud
1055 3946 1241 4004 Wintoniam
1255 3962 1289 4015 40

91 4040 186 4115 impie
203 4037 344 4097 decollari
361 4038 448 4107 fecit3
468 4046 499 4094 et
514 4037 593 4111 apud
610 4037 760 4095 Cronland
777 4037 947 4094 tumulatur.
984 4035 1031 4092 De
1044 4053 1103 4109 qno
1116 4043 1242 4092 testatus

123 4151 132 4180 ¹
151 4151 181 4200 E.
195 4151 298 4200 fecibus.
372 4147 383 4176 ¹
399 4147 435 4198 H.
446 4163 471 4197 n.
482 4148 634 4197 sufficientia
644 4131 786 4198 affidentes.
864 4145 940 4195 ’om
952 4145 1020 4196 in'l'.
1095 4143 1105 4173 ⁴
1121 4143 1244 4206 anuod.

91 4215 179 4266 ⁸T.E.
192 4217 263 4266 obiit.
336 4212 394 4265 ⁸E.
405 4223 441 4265 vt.
473 4211 523 4262 lT.
535 4213 689 4263 dissinteria.
762 4209 1098 4262 ⁸H.sedlitteraturcdef.
1175 4209 1243 4268 ’Cf

92 4281 200 4346 Higden
211 4282 272 4346 Vll,
286 4295 310 4344 3,
325 4279 421 4330 Chron.
435 4279 559 4329 Bronton
570 4293 627 4342 9¹14.
696 4278 714 4308 ¹⁰
732 4277 930 4328 E.Wallenum.
998 4275 1016 4306 ¹²
1033 4275 1069 4327 H.
1080 4275 1217 4338 exlegauit.
