3028 4894
352 297 426 389 De
451 293 614 385 &ancta
640 293 855 382 willelmo
881 292 1059 380 metata.
1206 315 1280 389 459

129 495 276 570 legittime
296 495 427 568 certauit,
441 496 589 555 sufferens
607 495 843 570 temptationem,
856 495 992 571 accipere
1012 493 1120 552 meruit
1139 510 1280 550 coronam

129 585 191 642 vite
211 585 341 658 [quam]¹
356 585 528 658 repromisit
545 586 620 641 deus
639 585 830 658 diligentibus
849 601 890 642 se.
927 583 1008 654 Quid
1022 584 1126 656 plura?
1164 582 1280 638 Nebulo

131 672 296 744 nepharius
316 691 407 746 quem
430 673 547 745 nephas
570 671 659 744 fugat,
679 671 752 744 sugit
772 680 804 729 vt
824 670 977 745 profugus,
998 689 1058 728 non
1081 669 1204 742 refugio,
1225 669 1280 726 sed

130 759 211 815 lunis
222 758 327 817 funere
337 760 419 832 iungi
429 760 546 832 dignus.
580 747 743 816 Prenotato
753 759 848 816 beati¹
856 759 1001 815 Willelmi
1010 757 1140 815 martiris
1150 756 1281 830 glorioso

130 847 291 919 triumpho,
310 848 437 920 qualiter
456 847 594 920 migrauit
613 865 631 903 a
651 864 786 920 corpore,
806 861 897 919 opere
917 849 1052 919 precium
1074 853 1120 902 est
1139 844 1309 910 miraculus

131 931 259 1007 scriptis'
269 934 405 993 inserere
425 953 484 1008 que
506 936 544 991 ob
565 934 645 991 illius
666 934 805 990 meritum
827 943 969 1006 operatur
987 934 1120 1007 potentia
1142 934 1278 990 celestis:

131 1021 170 1078 de
189 1021 298 1094 quibus
316 1031 346 1079 et
365 1035 467 1080 vetera
486 1022 627 1096 prosequi
645 1031 674 1078 et
694 1039 773 1078 noua
791 1023 900 1078 cudere
919 1023 1021 1090 licet³;
1044 1039 1100 1078 nec
1117 1020 1202 1077 vobis
1220 1020 1281 1077 dis·

130 1108 248 1181 pliceat,
267 1109 443 1176 charissimi,
463 1111 489 1166 si
508 1111 687 1182 quandoque
706 1108 961 1182 ma[c]rologiam‘
979 1109 1087 1178 vitans,
1106 1110 1163 1164 sub
1181 1108 1280 1164 breui·

131 1196 232 1268 loquio
240 1205 404 1254 transeam:
418 1197 488 1271 quia
496 1208 527 1254 et
537 1198 634 1270 placet
640 1197 726 1254 vobis
735 1197 853 1254 dicendi
863 1197 1054 1270 parcimonia,
1062 1205 1092 1254 et
1099 1212 1280 1269 quamquam

130 1283 261 1341 arrideat
279 1285 372 1341 multa
390 1285 585 1342 dicendorum
605 1284 731 1341 materia
750 1285 836 1341 stilus
854 1295 954 1340 tamen
974 1285 1110 1358 prolixus
1130 1283 1279 1340 fastidium
1297 1302 1327 1338 10

130 1372 234 1446 gignit.
273 1371 410 1430 Lucerna
422 1373 566 1446 deinceps
578 1389 705 1429 accensa
718 1389 777 1428 non
792 1381 919 1445 ponatur
931 1373 987 1428 sub
1001 1372 1109 1442 modio,
1122 1373 1176 1428 sed
1190 1387 1282 1444 super

130 1460 344 1516 candelabrum
359 1468 391 1517 vt
406 1460 519 1530 luceat3
540 1459 633 1516 fracto
651 1460 797 1517 alabastro
816 1468 877 1516 tota
892 1461 1000 1516 domus
1019 1461 1110 1516 odore
1130 1459 1282 1532 repleatur

129 1547 281 1620 unguenti.
319 1546 363 1604 ⁶1⁴*
364 1547 406 1603 uit
418 1547 507 1620 igitur
520 1547 636 1604 eisdem
648 1547 834 1620 temporibus
851 1547 882 1603 in
899 1547 1008 1604 Cancie
1027 1547 1138 1604 linibus
1157 1546 1281 1620 prefatis

129 1635 260 1707 quedam
276 1635 384 1691 mulier
393 1652 507 1702 yesana
523 1645 609 1714 toruo
627 1635 743 1708 spiritu,
758 1653 875 1692 necnon
888 1653 906 1691 a
920 1635 1061 1691 demonio
1074 1636 1152 1692 male
1163 1644 1280 1703 vexata,

129 1721 171 1778 ita
189 1723 270 1794 quod
291 1731 409 1779 montes
429 1731 459 1779 et
480 1723 572 1780 colles
594 1722 777 1792 transiliens,
798 1739 914 1779 necnon
935 1741 992 1795 per
1013 1723 1127 1796 plateas
1149 1731 1179 1778 et
1198 1722 1281 1778 vicos
1297 1742 1325 1792 ¹5

130 1810 212 1866 nuda
236 1809 417 1880 discurrens,
442 1810 559 1866 insanie
588 1810 789 1867 sinthomata⁸
814 1811 1025 1867 miserabiliter
1049 1809 1208 1867 omnibus⁷
1232 1827 1280 1866 os-

130 1898 233 1954 tendit
271 1897 406 1971 Cumque
425 1899 555 1971 quadam
576 1899 624 1954 die
642 1915 699 1971 per
716 1898 814 1954 locum
832 1897 882 1954 vbi
905 1897 993 1954 iacuit
1012 1914 1122 1970 corpus
1140 1897 1280 1954 exanime

129 1987 333 2058 pertransiret,
347 1986 425 2042 inter
442 1989 546 2059 spinas
559 1994 589 2043 et
601 1985 726 2042 tribulos
741 1985 791 2042 in⁷
806 1986 878 2043 illud
894 1987 1022 2052 intuens,
1036 1985 1127 2042 dixit:
1148 1985 1280 2055 ‘Amice

129 2090 286 2146 vsquequo
300 2073 433 2130 dormis?
472 2073 575 2130 Donni
589 2073 657 2143 iam,
668 2082 697 2131 et
710 2073 875 2147 requiesce.
913 2073 1023 2144 Quare,
1032 2073 1143 2130 lasciue
1154 2072 1279 2141 iuuenis,

129 2178 198 2216 cum
221 2161 264 2216 sis
287 2162 440 2230 candidus,
460 2179 568 2218 corona
590 2161 697 2218 florida
715 2179 776 2217 non
795 2163 922 2218 vten'si'
962 2161 1028 2217 Hec
1047 2169 1077 2217 et
1097 2160 1155 2217 hiis
1173 2160 1327 2221 similiaco

129 2257 272 2320 tanquam
285 2249 351 2322 pica
364 2250 474 2322 loquax
487 2251 612 2306 astando
628 2249 774 2322 garriens
786 2266 927 2305 coronam
940 2251 979 2305 de
992 2248 1146 2321 capn'solio
1158 2249 1279 2320 plexam

129 2337 210 2394 beati
229 2337 359 2393 martiris
378 2337 465 2410 capiti
481 2337 703 2410 circumposuit
742 2337 878 2393 Reuersa
895 2337 1004 2393 deinde
1024 2335 1190 2407 Cana[n]ee
1210 2335 1280 2405 filia,

129 2424 208 2479 male
227 2442 244 2480 a
263 2424 403 2480 demonio
420 2435 531 2481 vexata
550 2433 692 2497 tanquam
711 2425 797 2481 leena
817 2425 910 2497 raptis
929 2424 1034 2480 catulis
1052 2425 1145 2480 ardua
1162 2441 1280 2496 queque

129 2511 277 2568 montium
297 2512 490 2579 transcendit,
504 2512 534 2569 in
553 2512 621 2570 imis
633 2511 755 2569 vallium
773 2513 899 2583 dissiliit,
912 2512 1032 2586 penitus
1044 2511 1188 2585 ignorans
1200 2513 1280 2568 vnde

129 2599 230 2656 veniat
243 2609 293 2655 aut
305 2617 365 2672 quo
374 2601 471 2656 vadat.
502 2601 609 2656 Altera
621 2618 693 2657 vero
706 2601 754 2656 die
767 2601 888 2657 rediens
902 2618 958 2673 per
970 2601 1068 2657 locum
1081 2599 1130 2656 vbi
1144 2609 1279 2656 sanetum
1296 2625 1325 2675 ²⁵

129 2703 240 2759 corpus
251 2687 419 2761 reliquerat,
427 2690 535 2744 iterum
546 2688 793 2760 appropinquans
802 2688 860 2744 ait:
877 2691 884 2716 ⁴
895 2688 1002 2744 Redde
1013 2687 1085 2744 mihi
1096 2688 1282 2760 sompniator

129 2791 219 2846 quam
239 2762 308 2831 dedi
326 2775 378 2830 tibi
396 2792 546 2844 coronam,
560 2775 701 2848 quoniam
718 2785 748 2831 te
765 2777 851 2832 decet
871 2792 964 2849 super
980 2792 1087 2832 aurum
1103 2784 1134 2831 et
1150 2775 1279 2848 lapidem

128 2863 300 2934 preciosum
319 2863 452 2920 multum.
492 2863 704 2936 Prochpudor!
731 2863 850 2919 stertisl
869 2863 976 2930 adhue,
995 2863 1098 2935 piger?
1124 2862 1199 2919 mihi
1218 2879 1278 2918 non

130 2949 296 3022 loquerist¹
336 2950 403 3007 Hec
422 2959 452 3006 et
473 2950 529 3006 alia
551 2950 712 3023 garrulans
731 2951 854 3023 indigna
875 2951 971 3006 relatu
995 2958 1114 3005 mortuo
1138 2957 1279 3022 tanquam

128 3036 207 3106 viuo,
225 3038 355 3094 martiris
373 3055 392 3092 a
410 3037 507 3110 capite
527 3055 677 3106 coronam,
691 3038 815 3094 cerebro
835 3055 951 3095 necnon
970 3054 1077 3093 cruore
1095 3047 1279 3094 cruentatam
1293 3059 1327 3109 30

129 3123 222 3180 immo
239 3133 453 3194 consecratam,
466 3125 595 3194 abstulit,
610 3125 757 3198 capitique
772 3125 896 3199 proprio
909 3124 1152 3198 sup[er]posuit⁸.
1190 3124 1280 3181 Mira-

129 3211 198 3268 bilis
215 3213 291 3268 deus
309 3214 339 3268 in
360 3212 471 3269 sanctis
490 3212 562 3283 suis,
578 3213 655 3269 illico
676 3213 877 3270 manifestauit
895 3214 1024 3271 electum
1043 3212 1100 3268 sibi
1119 3212 1280 3269 martirem.

131 3297 333 3357 Manifestauit
358 3308 457 3356 autern
483 3300 544 3356 sic:
576 3300 685 3357 Mulier
709 3317 839 3373 namque
864 3301 953 3371 fatua,
975 3308 1099 3357 cruento
1124 3301 1280 3357 corollario

129 3397 277 3456 coronata,
291 3387 369 3444 dicto
383 3387 467 3444 citius
481 3387 565 3444 ferali
580 3390 662 3445 rabie
676 3389 815 3461 deposita
832 3389 993 3444 humanam
1006 3390 1152 3444 rationem
1171 3390 1280 3462 adepta

129 3483 184 3530 est.
219 3474 308 3532 Vnde
320 3493 375 3548 pre
384 3477 565 3532 verecundia
575 3485 636 3532 tota
645 3475 693 3532 die
705 3493 801 3548 vsque
815 3477 852 3532 ad
861 3492 1023 3548 vesperum
1037 3475 1115 3532 inter
1127 3475 1252 3532 frutecta
1259 3475 1282 3508 ¹⁰
1294 3503 1325 3553 35

130 3562 220 3630 latuit,
239 3564 325 3620 etad
344 3580 379 3619 se
398 3581 521 3620 reuersa
539 3558 765 3621 dixit:'‘Nunc
784 3563 845 3620 scio
863 3581 935 3620 vere
954 3563 1023 3635 quia
1042 3563 1122 3619 misit
1141 3564 1280 3620 dominus

129 3651 269 3722 angelum
283 3667 371 3708 suum
383 3659 414 3707 et
427 3651 536 3724 eripuit
550 3668 599 3707 me
614 3652 653 3708 de
666 3668 757 3708 manu
770 3651 896 3708 sathane
909 3651 1024 3707 meritis
1041 3651 1126 3708 istius
1141 3652 1280 3722 martiris,

128 3745 160 3792 vt
177 3737 434 3795 manifestentur¹¹
450 3756 543 3812 opera
561 3739 609 3795 dei
626 3739 658 3796 in
674 3739 734 3810 illo,
751 3738 909 3796 Prestante
925 3739 1047 3795 domino
1065 3748 1168 3796 nostro
1189 3739 1279 3796 lhesu

129 3823 260 3896 Christo,
280 3825 330 3898 qui
353 3843 422 3882 curn
443 3835 527 3898 patre
549 3835 579 3883 et
600 3826 708 3899 spiritu
732 3836 835 3884 sancto
855 3826 928 3884 vluit
948 3834 978 3884 et
1003 3838 1109 3900 regnat
1130 3829 1205 3883 deus
1225 3844 1281 3899 per

129 3913 230 3969 omnia
249 3914 349 3970 secula
368 3915 546 3970 seculorum.
582 3915 701 3971 Amen)
773 3903 816 3972 Et
836 3915 989 3988 predictus
1008 3914 1156 3988 gloriosus
1175 3914 1281 3971 martir
1293 3937 1326 3987 40

129 4000 205 4058 iacet
217 4001 296 4074 apud
310 4001 460 4058 ciuitatem
475 4000 651 4059 Roffensem
664 4002 837 4076 predictam.

160 4173 238 4224 ¹om.
305 4175 459 4227 ¹E.beato.
525 4176 624 4241 ’Only
632 4193 684 4227 one
695 4177 808 4240 miracle,
820 4177 949 4240 however,
963 4177 1073 4239 isgiven
1084 4177 1157 4228 here.
1222 4176 1279 4229 ¹2.

128 4240 332 4304 martirologium.
406 4243 711 4309 'Thisstoryishighly
722 4245 817 4306 poetic.
889 4245 1128 4306 ‘asymptomata
1200 4241 1277 4294 ⁷0m.

127 4305 553 4425 ἰιέῧῐθίἑωωὲΒοΙῑεῑοι-υοτίι
634 4310 804 4373 'supposuit
886 4307 905 4340 ¹⁰
923 4308 989 4360 Boll.
1002 4309 1128 4362 fruticeta.
1213 4308 1232 4339 ¹¹
1249 4309 1279 4360 E.
