3046 4902
265 343 340 432 636
696 327 899 431 finitam
927 329 978 406 ll.

265 537 369 595 monile
383 553 468 609 super
477 553 542 592 eum
554 535 700 592 inuenitur.
737 533 820 604 Quod
833 533 970 592 confitens
983 531 1101 603 qualiter
1111 528 1246 602 rapuerit,
1259 547 1297 585 ac
1309 529 1349 586 de
1362 528 1428 584 aliis

266 637 322 692 quo
333 619 504 687 deuenerint,
517 620 654 674 latronem
667 635 699 674 se
710 619 803 688 palam
814 618 916 674 fatetur
930 625 961 672 et
971 615 1049 670 dicit.
1079 613 1127 670 Sic
1139 624 1241 685 captus
1254 613 1429 668 verberibus

266 703 392 769 afficitur,
417 714 538 775 postque
562 702 745 757 dimittendus
769 717 834 755 cum
857 699 980 754 cauterio
999 698 1082 752 velud
1101 714 1165 752 reus
1185 697 1374 762 cauteriatur,
1397 705 1428 749 et

266 786 399 842 alinibus
410 787 464 840 illis
476 785 642 842 eliminatur.
679 785 741 853 Que
758 783 834 839 faeta
851 782 954 853 populo
970 781 1018 837 die
1032 779 1177 851 sollempni
1193 779 1356 846 notificata,
1370 777 1428 832 cleo

240 897 254 948 5
269 869 421 926 redduntur
433 879 460 925 et
473 877 572 924 sancto
585 867 737 922 Edmundo
749 867 862 922 laudum
875 865 1016 937 preconia.

310 1043 361 1097 Ds
378 1053 514 1098 vncrons
532 1053 656 1096 suurrn
675 1052 710 1095 tn
729 1040 943 1095 Eusrscttruu
961 1049 1073 1093 statutt
1092 1047 1184 1091 nscts
1204 1035 1387 1100 smmi,

470 1135 650 1180 ssursnrau
671 1135 704 1178 tn
724 1133 896 1178 acctnsmu
914 1132 1024 1176 sancti
1044 1121 1210 1174 Ennunnr.
1269 1147 1276 1156 ·

945 1234 1296 1294 Nnodominillillesimo.
1316 1233 1429 1303 c⁰tij⁰,

980 1320 1150 1376 Eustachius
1170 1319 1242 1374 filius
1261 1317 1341 1387 regis
1362 1318 1429 1372 Ste-

268 1405 364 1476 phani,
380 1405 427 1477 qui
447 1405 475 1461 in
492 1405 639 1462 ecclesiam
656 1404 702 1461 dei
721 1405 811 1462 seuire
827 1416 1027 1471 consueuerat3
1051 1421 1115 1458 cum
1131 1402 1227 1457 omnia
1243 1417 1298 1472 pro
1315 1400 1428 1456 uiribus

268 1489 453 1559 depopulatus
465 1498 547 1556 esset,
559 1499 587 1545 et
603 1499 705 1544 terram
722 1488 797 1544 beati
817 1489 960 1546 Edmundi
979 1487 1052 1558 regis
1067 1496 1096 1542 et
1112 1484 1243 1552 martiris,
1255 1484 1303 1540 cui
1322 1501 1429 1540 omnes

226 1599 257 1634 ro
269 1573 407 1642 predones
427 1572 593 1640 detulerant,
610 1572 717 1628 videret
735 1573 915 1642 opulentam3
937 1572 1047 1644 sibique
1066 1587 1123 1626 non
1141 1579 1224 1636 esset,
1243 1568 1428 1638 consumptis

268 1655 368 1726 opibus
380 1655 468 1725 regni,
481 1655 554 1710 vnde
566 1655 653 1711 semd
663 1665 693 1711 et
704 1656 828 1710 secundo
840 1655 974 1711 militibus
986 1671 1034 1711 era
1050 1653 1330 1726 procederent-iam
1347 1651 1428 1706 enim

268 1738 428 1794 deiecerant
445 1738 596 1794 donaliua:
615 1739 713 1810 predia
726 1739 782 1794 iam
794 1739 868 1795 dicte
884 1738 1003 1796 ecclesie
1021 1737 1110 1794 sancti
1127 1734 1272 1792 Edmundi
1292 1734 1426 1804 depopu-

269 1823 342 1879 latus
361 1822 574 1890 ese-nondum
591 1831 686 1878 umen
711 1820 864 1890 digesserat
887 1822 981 1878 cibum
1002 1837 1086 1892 quem
1106 1820 1142 1876 de
1162 1817 1348 1874 metantibus
1370 1816 1425 1872 loci

304 1278 364 1336 lot.
377 1280 445 1334 Sor.
457 1281 488 1333 in
499 1279 667 1349 policratico
679 1275 723 1333 12⁴.
736 1283 842 1332 octauo.

270 1905 342 1960 illius
354 1915 508 1976 acceperat.
547 1907 667 1976 Ipsaque
680 1905 734 1970 die,
746 1913 898 1976 antequam
910 1922 941 1962 se
952 1903 1029 1960 domi
1045 1920 1095 1960 sue
1110 1903 1245 1972 reciperet
1263 1917 1322 1972 que
1339 1899 1426 1956 ninus
1510 1971 1511 1982 2

228 2013 256 2064 ¹5
271 1988 361 2044 vicina
381 1998 457 2044 erat:
489 1999 581 2044 tactus
601 1997 645 2044 est
664 1987 786 2044 martiris
807 2005 892 2046 manu
913 1999 942 2046 et
964 1986 1038 2044 letali
1063 1995 1152 2043 morte
1175 2001 1349 2056 percussus;
1377 1983 1425 2040 die

270 2072 380 2128 circiter
391 2083 491 2130 octauo
503 2073 586 2128 rebus
598 2071 684 2128 cessit
697 2080 725 2128 et
738 2070 805 2129 vita.

422 2247 472 2301 Da
490 2257 627 2301 vtctonr:
645 2255 769 2300 susurra
790 2256 824 2300 tn
844 2247 1023 2300 Hannrcuu
1041 2257 1084 2299 ns
1102 2245 1268 2300 Esrssxrs.

307 2401 485 2456 Eum-ci,
496 2397 638 2456 [mama.
668 2362 799 2487 ANno
816 2362 889 2432 regis
913 2361 1029 2417 Henrici
1051 2359 1167 2417 secundi
1188 2359 1310 2428 decimo,
1330 2360 1423 2415 floruit

769 2446 908 2500 Henricus
925 2445 960 2500 de
979 2444 1119 2512 Estsexia,
1132 2443 1179 2514 qui
1199 2444 1272 2498 inter
1286 2443 1421 2513 primates

271 2525 347 2594 regni
363 2523 406 2578 vir
422 2525 516 2596 magni
534 2527 654 2582 nominis
669 2528 841 2595 habebatur;
860 2545 961 2597 genere
979 2530 1077 2595 clarus,
1095 2527 1179 2581 annis
1196 2526 1379 2597 conspicuus,
1394 2537 1421 2580 et
1510 2599 1511 2606 ἵ

228 2627 259 2664 ao
272 2607 376 2664 domini
390 2609 463 2677 regis
480 2609 683 2680 primipilarius.
721 2614 792 2666 Cum
806 2611 888 2681 igitur
902 2611 985 2666 ceteri
1003 2610 1252 2680 comprouinciales
1270 2611 1422 2665 ecclesiam

271 2691 346 2746 beati
359 2691 481 2746 martiris
494 2692 637 2749 Edmundi
650 2695 679 2749 in
691 2697 774 2750 rebus
787 2707 815 2750 et
827 2695 982 2750 redditibus
995 2694 1183 2764 ampliabant:
1199 2693 1246 2748 ille
1258 2711 1317 2748 non
1332 2694 1420 2747 solum
1510 2699 1511 2702 ’

272 2776 325 2830 boc
338 2775 439 2829 clausis
452 2777 540 2832 oculis
553 2779 713 2847 preteribat,
725 2795 820 2833 verum
833 2777 922 2833 eciam
934 2778 961 2832 vi
974 2788 1002 2834 et
1015 2777 1044 2832 in
1056 2775 1140 2832 iuris¹
1152 2776 1280 2831 iniuriam
1293 2792 1420 2830 annuum

271 2859 411 2914 redditum
432 2859 555 2930 quinque
579 2861 732 2916 solidorum
757 2861 900 2928 abstraxit,
925 2871 953 2917 et
978 2861 1005 2915 in
1030 2861 1158 2931 proprios
1183 2877 1249 2914 usus
1274 2859 1420 2914 conuertit.

273 2943 410 2997 Processu
422 2959 488 2996 vero
500 2944 634 3013 temporis
647 2962 711 3000 cum
730 2944 758 2999 in
777 2945 853 2999 curia
869 2944 957 2999 sancti
974 2943 1118 2998 Edmundi
1137 2953 1266 3012 ageretur
1284 2959 1372 2997 causa
1386 2943 1420 2997 de

228 3051 241 3087 2
246 3051 260 3101 5
273 3036 355 3096 raptu
375 3025 520 3081 cuiusdam
532 3026 656 3096 virginis,
668 3029 787 3083 accessit
803 3027 880 3082 idem
899 3029 1046 3094 Henricus,
1066 3036 1222 3098 protestans
1241 3035 1270 3080 et
1289 3043 1418 3081 asserens
1510 3037 1511 3080 l

272 3111 411 3181 loquelam
430 3109 504 3163 illam
523 3110 550 3164 in
569 3112 644 3166 curia
664 3129 713 3166 sua
732 3111 836 3166 debere
853 3111 974 3178 tractati,
992 3111 1104 3166 racione
1122 3109 1276 3164 natiuitatis
1294 3110 1419 3165 eiusdem

272 3194 372 3263 puelle,
385 3210 439 3263 que
452 3193 480 3247 in
495 3194 620 3248 dominio
635 3212 685 3250 suo
700 3196 737 3250 de
752 3195 878 3264 Layland
897 3204 964 3249 nata
976 3195 1076 3248 iuerat.
1114 3193 1199 3248 Cuius
1215 3193 1339 3247 racionis
1357 3211 1417 3264 pre·

271 3285 347 3331 textu
357 3276 462 3330 curiam
475 3277 563 3332 sancti
579 3278 722 3333 Edmundi
735 3278 763 3332 in
777 3277 921 3332 itineribus
934 3287 961 3332 et
974 3277 1116 3348 emmpnis
1129 3288 1157 3331 et
1170 3276 1418 3332 innumerabilibus

272 3359 403 3428 expensis
426 3359 509 3429 longo
534 3370 657 3432 tempore
682 3379 782 3416 uexare
806 3361 983 3432 presumpsit.
1022 3363 1054 3415 ln
1079 3361 1134 3416 hiis
1160 3360 1272 3415 interim
1300 3371 1330 3415 et
1355 3377 1417 3416 con·

228 3464 260 3514 30
273 3440 408 3496 similibus
435 3443 562 3497 arridens
591 3445 627 3500 ad
651 3455 748 3498 votum
778 3444 956 3514 prosperitas,
981 3443 1106 3514 perpetui
1136 3441 1281 3498 subintulit
1304 3460 1417 3497 causam

272 3525 376 3579 doloris
390 3534 417 3578 et
432 3526 484 3578 sub
496 3526 616 3582 fantasia
632 3527 743 3583 iocundi
760 3527 888 3599 principii
905 3529 998 3582 tristes
1014 3527 1042 3581 in
1059 3545 1122 3582 eum
1140 3526 1308 3581 moliebatur
1324 3527 1418 3581 exitus.

245 3645 250 3653 -
274 3607 426 3663 Insurrexit
444 3619 539 3664 autern
556 3609 584 3664 in
602 3629 666 3666 eum
683 3613 823 3666 Robertus
842 3612 877 3666 de
899 3612 1043 3678 Montlott‚
1060 3627 1111 3666 nec
1130 3627 1234 3680 genere
1251 3627 1304 3664 nec
1316 3609 1417 3664 viribus

272 3692 359 3762 inpar,
372 3691 400 3746 in
413 3704 566 3763 conspectu
582 3694 738 3766 pn'ncipum
755 3705 827 3750 terre
844 3694 1002 3764 dampnans
1019 3703 1047 3749 et
1065 3710 1202 3748 accusans
1219 3711 1285 3748 eum
1304 3693 1341 3748 de
1357 3711 1417 3764 pro-

274 3775 383 3831 dicione
399 3776 488 3845 regis;
506 3777 626 3832 asseruit
641 3779 717 3834 enim
736 3795 798 3833 eum
818 3779 846 3832 in
865 3777 1047 3850 expedicione
1065 3778 1130 3832 belli
1148 3777 1223 3846 apud
1240 3777 1372 3832 Walliam
1390 3777 1418 3832 in

229 3877 260 3928 35
274 3859 378 3916 difficili
392 3861 510 3916 transitu
523 3861 559 3914 de
574 3863 703 3916 Coleshel
716 3862 845 3916 vexillum
859 3861 964 3916 domini
982 3861 1055 3932 regis
1072 3861 1261 3916 fraudulentur
1274 3860 1417 3928 abiecisse,

274 3955 301 4000 et
317 3953 436 3999 mortem
454 3944 513 3999 eius
531 3944 641 3999 sublimi
657 3962 725 4000 uoce
744 3947 940 4016 proclamasse,
952 3955 980 4000 et
996 3945 1024 3999 in
1038 3944 1189 4015 presidium
1201 3943 1262 3998 eius
1277 3945 1418 4000 venientes

274 4028 303 4082 in
315 4028 410 4097 lugam
422 4027 601 4084 conuertisse
635 4030 759 4084 Henrico
772 4029 910 4100 siquidem
922 4028 1069 4084 resistente
1081 4039 1108 4084 et
1122 4028 1150 4082 in
1163 4027 1301 4083 concione
1313 4028 1417 4084 obiecta

274 4111 384 4182 penitus
401 4112 576 4183 abnegante:
596 4113 633 4168 ad
649 4115 792 4184 corporale
810 4114 933 4169 duellum
953 4129 1116 4184 processum
1134 4123 1184 4167 est.
1223 4114 1416 4169 conuenerunt

307 4269 316 4298 ¹
332 4269 372 4320 Ci.
385 4271 482 4333 Jocelin
498 4272 529 4322 de
548 4271 688 4323 Btalrelond
705 4274 798 4324 Chron.
810 4229 836 4323 in
852 4273 907 4324 MS.
924 4273 997 4324 Harl.
1014 4287 1083 4338 1005,
1098 4273 1137 4326 ed.
1150 4273 1263 4324 Camden
1279 4272 1337 4324 Soc.
1351 4277 1414 4339 1840,

275 4349 299 4396 ῃ
307 4347 353 4446 ¹⁵2]
366 4337 808 4470 ssffiqehuvsffifflffl
817 4339 931 4454 iim
944 4407 985 4469 (t).
