3036 4878
57 336 122 389 ns.
137 337 340 405 noiomi]
443 320 547 410 uita
572 321 633 414 ἑ.
659 325 900 422 liturnunui.
1147 335 1218 423 691

57 523 137 577 dum
150 523 225 578 curis
237 525 354 581 terrenis
367 524 547 596 incumberet,
561 526 659 584 salutis
670 528 779 584 interne
791 528 946 601 dampnum
959 529 1119 598 incurreret,
1131 531 1222 588 solum

57 605 155 660 deum
176 607 283 662 consilii
305 607 348 663 sui
370 609 514 664 conscium
535 627 598 666 esse
619 611 708 666 uoluit
729 605 968 668 et‘nescientibus
989 624 1068 684 patre
1085 625 1114 670 et
1132 625 1222 672 matre

58 697 92 742 et
112 689 217 744 ceteris
235 690 334 746 amicis
351 693 491 762 omnibus,
503 709 568 750 curn
586 694 697 750 duobus
714 694 822 752 clericis
840 695 938 752 litteris
957 697 1053 752 latinis
1071 697 1221 766 instructis,

59 773 237 842 Burgbardo
256 785 284 830 et
299 777 443 846 Edebrito‚
455 777 571 847 attingit,
584 778 691 833 heremi
707 779 769 833 loca
784 777 912 848 quesiuit,
927 791 956 836 et
970 780 1086 837 tandem
1102 781 1141 836 ad
1155 781 1221 837 ciui·

58 865 155 910 tatem
176 859 319 927 quandam
341 877 426 930 supra
446 861 537 932 ripam
558 861 644 916 maris
666 861 758 928 sitam,
778 862 890 917 Carlion
913 863 1034 932 nomine,
1054 863 1249 935 peregrinus5

57 939 204 1010 peruenit.
239 941 295 996 Vbi
311 943 381 999 forte
399 961 502 1000 nauem
520 943 663 1000 modicam
679 954 708 1000 et
726 946 893 1014 neglectam,
906 946 967 1002 sine
983 947 1061 1002 omni
1078 948 1220 1003 naualium

60 1033 307 1080 armamentorum
329 1025 523 1097 instrumento,
547 1028 698 1098 reperiens,
723 1029 751 1083 in
776 1028 822 1083 dei
845 1029 971 1085 bonitate
995 1030 1119 1086 confisus
1143 1031 1221 1086 illam

59 1107 183 1162 intrauit
196 1108 359 1179 intrepidus,
372 1121 400 1167 et
412 1127 470 1167 non
482 1112 574 1167 uentis
587 1113 638 1167 sed
652 1111 698 1168 dei
712 1129 743 1169 se
755 1111 857 1168 auxilio
873 1113 1058 1179 committens,
1072 1131 1175 1169 nauem
1190 1113 1220 1168 in

60 1191 154 1245 maris
166 1191 335 1261 profundum
352 1193 468 1264 impulit,
482 1205 510 1250 et
525 1212 581 1266 quo
600 1213 662 1250 eam
677 1194 723 1250 dei
742 1213 843 1251 manus
861 1195 1015 1267 impelleret
1030 1197 1069 1252 ire
1087 1197 1219 1268 precepit.

61 1275 103 1328 Et
125 1273 167 1329 ita
181 1274 279 1346 quinto
294 1275 480 1346 nauigationis
495 1277 550 1346 die,
570 1279 632 1334 sine
649 1277 774 1348 remigio,
787 1295 852 1334 cum
870 1279 981 1335 duobus
1000 1280 1083 1336 sociis
1101 1281 1138 1336 ad
1157 1280 1220 1336 loca
1235 1296 1266 1333 10

61 1357 144 1428 prius
163 1357 326 1428 periculosa,
343 1360 371 1414 in
390 1359 491 1431 quibus
508 1370 575 1416 ante
590 1378 656 1416 eum
673 1378 766 1428 nemo,
779 1373 893 1434 propter
910 1363 1070 1432 demonum,
1083 1373 1114 1419 ut
1132 1364 1220 1430 aiunt,

61 1439 174 1495 ibidem
198 1442 389 1498 habitancium
414 1442 621 1499 infestationem
645 1443 775 1514 degebat,
801 1443 954 1501 incolumis
975 1446 1111 1517 peruenit.
1156 1449 1220 1502 Hec

62 1524 161 1578 insula
180 1523 269 1579 maris·
282 1526 366 1582 undis
385 1525 508 1597 undique
529 1526 705 1596 circumfusa,
724 1537 753 1583 et
770 1527 857 1582 nimia
875 1529 1054 1584 cernentibus
1072 1529 1220 1586 altitudine

62 1617 171 1673 erecta,
183 1624 239 1662 vno
252 1617 361 1664 tantum
371 1611 434 1665 loco
445 1609 637 1665 commeabilis
650 1610 799 1667 inuenitur.
834 1613 862 1666 A
871 1613 954 1681 longe
965 1629 1029 1668 eam
1041 1613 1219 1668 censentibus

64 1690 208 1746 instabilis
226 1701 253 1747 et
271 1709 346 1763 uaga
363 1693 493 1761 creditur,
510 1694 579 1749 dum
597 1711 672 1750 nunc
690 1694 753 1764 bac,
769 1710 844 1749 nunc
862 1695 942 1766 quasi
961 1695 1017 1750 alia
1035 1707 1122 1765 parte,
1142 1696 1264 1759 naui-15

64 1775 201 1844 gantibus
222 1792 286 1830 esse
310 1775 499 1846 conspicitur3
524 1787 551 1832 et
573 1777 695 1833 Yslefaie
718 1778 882 1848 appellatur.
928 1779 993 1833 Hec
1014 1777 1070 1833 situ
1094 1781 1220 1849 paruula,

64 1857 191 1913 nemoris
215 1859 362 1914 altitudine
382 1859 599 1931 circumquaque
623 1861 779 1930 decoratur,
803 1869 948 1937 pratorum
971 1860 1113 1917 uiriditate
1137 1862 1219 1917 ador·

65 1951 161 2009 natur,
173 1941 258 1996 sontis
270 1943 308 1997 ad
321 1941 453 1997 baustum
466 1941 567 1998 babilis
584 1942 736 1998 amenitate
749 1942 885 2012 irrigatur.
924 1943 1009 1998 Hunc
1028 1944 1120 1998 locum
1135 1943 1188 1999 sibi
1200 1961 1219 2000 a

65 2026 122 2080 deo
135 2025 268 2093 oblatum,
282 2027 364 2080 rebus
377 2025 508 2081 omnibus
526 2025 677 2097 preposuit,
690 2027 885 2081 thesaurorum
898 2025 1008 2082 diuiciis
1025 2026 1087 2096 plus
1103 2027 1218 2095 dilexit3

67 2107 163 2178 ibique
181 2117 288 2178 septem
305 2108 387 2164 annis
404 2109 543 2165 continuis
560 2111 597 2165 ab
615 2109 761 2164 bominum
779 2118 968 2180 sequestratus
988 2110 1140 2179 consorcio,
1153 2127 1218 2166 cum
1233 2127 1264 2163 ro

67 2207 183 2247 suorum
202 2191 335 2246 societate
354 2191 432 2261 uixit,
453 2192 624 2248 siluestrium
645 2209 792 2263 pomorum
814 2193 904 2248 fructu
928 2210 958 2248 se
978 2193 1056 2261 fouit,
1076 2193 1218 2250 radicibus

68 2274 238 2346 quibusdam
260 2274 400 2342 sustinuit,
421 2275 516 2330 auium
535 2275 596 2331 ouis
619 2293 673 2346 que
695 2275 799 2331 ibidem
818 2276 1015 2332 habundanter
1038 2275 1219 2332 inueniuntur

68 2366 181 2428 pastum
196 2374 226 2412 se
242 2368 325 2428 prout
337 2357 427 2429 potuit
443 2359 593 2414 roborauit.
631 2359 695 2414 Hiis
712 2357 853 2414 miraculis
871 2359 942 2415 deus
957 2359 1093 2430 ampliora
1106 2360 1218 2428 adiecit,

68 2441 137 2496 dum
155 2457 206 2510 per
222 2451 331 2511 septem
343 2457 481 2497 annorum
497 2442 634 2498 curricula
649 2443 884 2513 uestimentaque
900 2445 957 2498 huc
972 2443 1109 2500 detulerat
1126 2443 1218 2500 incor-

68 2532 151 2593 rupta
175 2525 306 2589 seruauit,
330 2540 383 2579 nec
409 2525 532 2596 ipsorum
561 2527 692 2582 decorem
721 2543 772 2580 usu
798 2525 911 2582 assiduo
937 2526 1055 2582 diminui
1082 2527 1216 2599 pemrisit.
1232 2544 1262 2598 ²⁵

69 2606 238 2676 Tugurrium
261 2609 407 2678 paruulum
434 2608 488 2663 sibi
516 2610 678 2676 construxit,
703 2610 832 2664 cellulam
858 2609 886 2665 in
911 2611 1018 2666 bonore
1045 2621 1142 2666 sancte
1171 2612 1217 2668 dei

68 2687 210 2757 genitricis
230 2687 321 2742 Marie
339 2687 488 2758 edificauit,
507 2687 536 2744 in
553 2706 609 2760 qua
629 2690 729 2745 diebus
748 2700 775 2746 et
794 2691 924 2747 noctibus
943 2691 1067 2746 oracioni
1082 2693 1217 2763 incubuit,

69 2775 126 2830 uite
149 2784 245 2830 eterne
269 2775 457 2832 emolumenta
481 2775 610 2846 quesiuit.
681 2777 740 2833 Sed
764 2777 831 2848 quia
853 2779 992 2848 dyabolus
1016 2779 1107 2834 sancti
1131 2780 1217 2836 Free-

69 2857 167 2913 mundi
180 2858 334 2928 profectum
347 2858 426 2930 equis
438 2859 526 2915 oculis
543 2859 669 2930 aspicere
680 2877 737 2915 non
750 2859 857 2930 potuit;
877 2877 930 2915 nec
948 2861 1048 2933 aliquis
1067 2871 1217 2916 coronatur

68 2941 124 2997 nisi
137 2941 184 3012 qui
196 2940 320 3011 legitime
332 2942 496 2998 certauerit:
515 2943 598 2998 huius
611 2943 785 3014 pacienciam
797 2943 927 2998 diabolus
940 2945 1034 3014 sepius
1046 2942 1214 3013 aggreditur,
1229 2957 1261 3008 30

69 3024 281 3095 deceptionibus
293 3042 357 3080 eum
369 3043 387 3081 a
399 3035 474 3082 statu
487 3025 661 3082 rectitudinis
678 3027 789 3082 deicere
801 3035 935 3082 conatur:
955 3044 1004 3097 pre
1017 3027 1104 3082 oculis
1123 3026 1215 3083 cordis

69 3107 187 3179 gloriam
200 3118 308 3164 terrene
325 3108 468 3179 dignitatis
486 3126 538 3180 pro
554 3109 656 3165 Christi
674 3127 769 3165 amore
786 3118 908 3179 spretam
930 3109 1025 3180 sepius
1041 3109 1175 3179 obiciens,
1188 3119 1216 3166 et

68 3200 205 3263 quantum
217 3191 271 3247 sibi
284 3192 398 3264 suisque
414 3193 466 3247 sub
482 3192 596 3248 iuuenili
615 3193 683 3248 tiore
699 3193 833 3263 proficere
845 3203 939 3263 posset
951 3192 1028 3247 cordi
1043 3191 1214 3262 immittens3

68 3273 194 3344 religioni
208 3292 258 3330 sue
270 3293 320 3346 per
331 3274 426 3330 omnia
439 3275 576 3341 inuideas,
590 3285 618 3331 et
631 3275 686 3331 hiis
698 3275 815 3345 aliisque
832 3275 1042 3346 deceptionibus
1056 3275 1214 3332 innumera·

69 3359 169 3414 bilibus
181 3358 309 3429 decipere
321 3359 445 3429 cupiens.
483 3359 540 3415 Sed
553 3359 595 3413 vir
608 3357 713 3414 Christi
727 3359 929 3426 Freernundus,
940 3359 988 3430 qui
1004 3359 1095 3414 cordis
1111 3369 1214 3416 statum
1228 3375 1259 3428 35

70 3443 99 3497 in
118 3440 235 3497 sublime
253 3451 378 3497 erexerat
397 3451 425 3498 et
447 3442 570 3512 quelibet
591 3440 746 3497 mundialia
764 3459 815 3512 pro
833 3442 937 3498 Christi
955 3461 1052 3499 amore
1071 3454 1215 3514 contemp·

70 3533 152 3591 serat,
175 3535 250 3580 retro
278 3524 418 3595 respicere
448 3525 552 3592 noluit;
581 3524 748 3593 transitoria,
772 3542 824 3596 pro
849 3526 961 3581 Christo
989 3536 1090 3597 spreta,
1114 3526 1215 3582 iterum

70 3607 265 3677 concupiscere
286 3624 343 3662 non
364 3607 463 3678 potuit,
485 3607 532 3679 qui
555 3609 614 3662 sola
635 3607 751 3664 celestia
772 3607 950 3679 concupiuit:
975 3620 1004 3666 et
1024 3609 1090 3665 ideo
1111 3609 1215 3666 diaboli

70 3691 298 3762 temptationibus
316 3690 438 3761 fatigari,
456 3709 513 3747 non
531 3691 665 3762 superari,
684 3691 783 3762 potuit.

138 3879 192 3934 Vm
217 3879 273 3934 ista
295 3889 436 3950 geruntur,
458 3896 632 3950 paganorum
653 3879 789 3936 exercitus
812 3897 847 3935 ex
871 3879 1065 3936 transmarinis
1089 3881 1214 3951 partibus
1226 3887 1260 3937 4ο

171 3961 274 4032 Anglie
291 3962 399 4033 regioni
421 3962 538 4030 influxit,
559 3973 648 4018 terras
670 3979 734 4018 cum
758 3961 963 4017 habitatoribus
987 3963 1045 4018 suis
1069 3963 1213 4032 destruxit,

70 4061 163 4100 eorum
187 4046 323 4115 ydolatrie
347 4045 437 4101 subici
460 4047 589 4101 nolentes
614 4045 732 4101 diuersis
756 4045 836 4116 penis
860 4043 965 4112 afflixit,
987 4045 1107 4101 afflictos
1130 4047 1213 4102 morti

70 4127 189 4196 tradidit,
204 4129 342 4183 nullorum
355 4129 495 4198 dignitati,
505 4128 572 4183 nulli
585 4144 704 4199 parcens
717 4127 791 4183 etati.
818 4129 928 4181 Horum
938 4128 1068 4182 exercitui
1084 4128 1214 4199 Hinguar

70 4221 97 4266 et
121 4211 227 4266 Hubba
250 4211 414 4268 crudelitate
439 4212 571 4284 precipua
594 4212 772 4282 prefuerunt,
803 4210 850 4282 qui
875 4212 942 4265 dum
966 4210 1096 4281 regiones
1121 4212 1213 4268 uarias

71 4294 222 4349 occidendo
243 4296 488 4365 perlusnauernnt,
512 4296 550 4350 ad
572 4305 664 4364 partes
686 4295 746 4349 illas
769 4293 869 4364 quibus
892 4305 1005 4350 sanctus
1026 4296 1213 4353 Eadmundus
1226 4309 1257 4362 45

69 4375 260 4447 imperauerat,
290 4395 354 4434 cum
383 4377 505 4434 exercitu
533 4386 726 4449 peruenerunt.
757 4394 878 4448 eumque
904 4379 963 4434 suis
986 4373 1097 4448 legibus
1124 4379 1212 4436 subici

603 4483 682 4543 ryr
