3044 4894
224 294 300 386 bt
324 290 488 381 &anot
513 291 702 393 natanta
726 299 774 379 ot
797 293 1098 396 tetraptoton.
1187 301 1233 385 65

85 492 205 551 feruore
234 495 349 552 femido
379 497 488 552 deuote
519 511 698 567 suspensus,
727 503 758 550 vt
789 495 911 567 quidem
936 493 1134 551 veridicorum
1164 512 1234 550 con-

84 583 271 640 studentium
291 583 486 641 relationibus
504 583 683 648 audiuimus,
701 581 733 638 in
751 592 829 638 etate
848 582 970 638 iuuenili
990 583 1047 638 deo
1066 581 1236 638 cordialiter

85 671 213 740 deditus,
227 681 331 728 contra
342 672 440 728 illatas
453 671 510 728 sibi
523 670 655 739 iniurias,
666 671 764 727 minas
777 679 806 726 et
819 670 980 742 opprobria
993 670 1082 738 mitis,
1092 669 1235 743 pacificus

85 767 117 813 et
147 760 276 831 quietus.
322 758 475 815 Leuitates
506 767 537 815 et
566 758 745 814 insolentias
776 757 916 814 continue
946 758 1114 826 declinauit,
1139 757 1235 830 magis

84 845 214 902 militare
237 846 362 920 cupiens
385 847 520 903 omnium
543 845 679 911 creatori,
699 863 789 917 quam
812 845 925 901 friuolis
950 855 979 901 et
1002 845 1088 902 vanis
1109 862 1263 917 occupa-5

83 934 217 991 tionibus
234 943 354 1007 tempus
372 951 460 991 suum
477 935 653 1006 expendere
666 933 783 989 vitiose.
820 932 917 989 Tanta
932 933 1075 989 virtutum
1092 933 1235 1006 proximi·

83 1030 145 1078 tate
176 1022 319 1094 precipue
351 1021 506 1090 enutritus,
538 1020 664 1078 feliciter
699 1029 787 1076 natus
822 1020 995 1093 feliciusque
1026 1021 1169 1076 educatus
1205 1020 1235 1075 in

83 1107 226 1165 comitatu
257 1109 432 1166 eboracensi
457 1109 541 1165 iuxta
565 1109 715 1164 maritima
739 1109 804 1164 loca
828 1107 947 1164 occeani
975 1107 1236 1164 commoditatibus

85 1197 281 1270 preuilegiata
298 1207 329 1253 et
346 1215 405 1252 non
423 1197 553 1253 multum
571 1195 713 1252 distantia
725 1214 743 1251 a
756 1195 863 1268 prefati
878 1196 1051 1251 monasterii
1069 1195 1237 1262 situatione,

86 1286 240 1357 completo
261 1285 385 1341 biennio
403 1285 434 1341 in
454 1283 572 1341 Oxonia
590 1282 780 1340 festinantius
803 1283 957 1355 repedauit
982 1284 1020 1339 ad
1040 1283 1168 1356 propria,
1186 1282 1236 1339 vbi
1253 1305 1283 1338 ro

87 1373 187 1444 magis
225 1373 385 1445 superfusa
414 1372 555 1428 unctione
585 1371 680 1444 gratie
711 1388 801 1443 quam
832 1370 995 1443 magistrali
1028 1370 1237 1426 informatione

84 1462 244 1516 scientiam
269 1459 456 1532 perquisiuit.
494 1458 569 1514 lnde
593 1467 748 1514 senectam
768 1461 897 1515 induens
918 1458 949 1514 in
970 1458 1037 1530 ipsa
1058 1475 1112 1514 sua
1133 1459 1237 1514 iuuen-

84 1557 159 1616 tute,
175 1548 255 1620 quod
272 1547 344 1602 etati
362 1546 515 1603 maturiori
531 1546 625 1603 defuit
644 1547 889 1618 supplementum
909 1547 1031 1602 contulit
1050 1549 1237 1602 conuersatio

84 1635 230 1691 virtualis.
268 1633 379 1706 Sicque
399 1643 523 1706 propter
539 1634 664 1690 scientie
684 1633 884 1694 maturitatem
902 1644 932 1690 et
950 1651 1066 1690 morum
1085 1633 1237 1689 laudabili·

84 1731 188 1787 tatem,
219 1721 341 1795 quidam
371 1720 514 1795 opinione
547 1723 699 1777 mundana
735 1721 876 1791 famosus,
907 1721 1018 1778 diuitiis
1051 1723 1238 1778 abundanter
1254 1741 1282 1788 15

84 1810 233 1882 preditus,
252 1809 351 1882 ipsum
370 1825 462 1881 super
480 1807 557 1864 filios
576 1826 649 1865 suos
669 1811 845 1881 magistrum
864 1810 1012 1881 disposuit
1030 1818 1060 1865 et
1074 1809 1237 1876 alumnum,

84 1916 147 1954 non
168 1899 266 1954 solum
280 1899 318 1953 ad
332 1897 536 1953 rudimentum
555 1896 751 1964 subditorum,
766 1899 859 1953 immo
878 1898 967 1952 etiam
981 1897 1017 1952 ad
1031 1895 1237 1952 exclusionem

85 1985 237 2041 vitiorum.
292 1983 495 2040 Considerans
526 1983 615 2056 igitur
644 1983 788 2040 tenellam
818 1983 870 2039 lilii
906 1984 1103 2040 substantiam
1142 1983 1238 2056 spinis

85 2072 298 2145 pungentibus
316 2072 441 2128 faciliter
459 2070 614 2144 perforari,
627 2071 737 2127 timens
757 2081 952 2144 exasperatos
970 2072 1090 2127 aculeos
1109 2072 1239 2140 lasciuie‚

85 2160 265 2232 temporalis
284 2159 429 2216 vicesimo
444 2159 531 2215 etatis
548 2176 602 2215 sue
620 2176 700 2214 anno
717 2159 854 2231 religiose
869 2158 929 2216 vite
940 2158 1076 2214 visitatus
1094 2159 1239 2226 incendio,
1255 2177 1285 2213 ao

84 2249 180 2321 pallio
192 2249 335 2304 virtutum
354 2256 542 2319 perornatus,
558 2246 587 2301 in
606 2246 718 2304 Christi
738 2246 923 2318 sempiterno
942 2247 1064 2303 seruitio
1084 2248 1239 2319 proposuit

86 2337 224 2392 militare.
263 2334 387 2391 Intueris
411 2334 501 2406 igitur
521 2333 701 2406 quotidianis
722 2335 844 2390 nutibus
869 2335 1033 2402 oculorum,
1053 2336 1131 2391 inter
1152 2352 1239 2390 mun·

85 2424 183 2480 diales
196 2421 326 2479 diutinas
339 2422 408 2478 lites
421 2430 452 2477 et
464 2421 628 2478 discordias
643 2421 795 2490 seminari,
809 2422 1034 2494 memorialique
1051 2423 1239 2494 prospiciens

86 2509 269 2568 certitudine
299 2509 378 2565 Abel
407 2517 437 2565 et
468 2508 553 2581 Cayn
578 2510 616 2564 ab
639 2509 716 2565 vno¹
748 2519 834 2581 patre
865 2506 992 2581 g'enitos,
1017 2511 1184 2566 columbam
1209 2519 1239 2565 et

86 2615 214 2655 coruum
240 2598 272 2653 in
298 2597 389 2652 archa
409 2596 529 2652 insimul
557 2605 787 2664 commorantes
808 2596 905 2653 Ysaac
931 2607 960 2653 et
988 2597 1125 2668 Esau(!)²
1150 2598 1239 2653 simul
1255 2619 1284 2668 ²⁵

86 2686 239 2751 ludentes,
258 2703 277 2740 a
298 2684 398 2740 radice
419 2683 523 2740 fontali
541 2685 717 2756 propaginis
739 2685 869 2740 humane
890 2684 1039 2741 virtuosos
1063 2695 1093 2742 et
1116 2686 1240 2742 vitiosos

86 2773 222 2830 inuicem
241 2771 448 2841 commisceri3
468 2772 679 2844 presentiaque
697 2773 757 2828 vite
777 2771 910 2828 militaris
929 2773 1132 2829 blandimenta
1151 2774 1241 2829 noxia

87 2861 289 2919 considerans
301 2869 331 2916 et
344 2858 533 2916 transitoria:
548 2859 717 2915 mundiales
728 2877 815 2916 curas
825 2859 995 2932 despiciens
1004 2860 1014 2891 ³
1023 2861 1240 2916 monasterium

87 2949 213 3006 intrauit
244 2947 555 3020 brydlyngtoniense⁴.
592 2945 651 3002 Vbi
682 2964 750 3003 curn
779 2948 887 3019 gaudio
917 2957 1069 3019 gratanter
1099 2958 1240 3020 receptus

87 3037 173 3092 velut
198 3035 324 3107 angelus
348 3035 454 3090 celitus
482 3037 621 3100 emissus,
646 3035 779 3090 habitum
808 3035 976 3107 suscipiens
1007 3036 1185 3107 regularem,
1209 3038 1241 3091 in
1256 3057 1287 3106 30

88 3140 211 3182 morum
224 3122 372 3195 probitate
387 3122 564 3194 splendidus
583 3121 698 3190 enituit,
711 3132 741 3177 et
753 3123 835 3178 velut
849 3123 927 3178 sacri
945 3122 1075 3180 flaminis
1094 3123 1242 3179 caloribus

88 3211 288 3275 incalescens,
313 3208 452 3265 nobiliter
472 3209 565 3282 viguit
584 3209 615 3264 in
637 3209 826 3265 obseruantia
849 3211 986 3282 regulari.
1025 3210 1112 3266 quta
1129 3213 1242 3267 etenim

86 3311 230 3356 tenorem
240 3298 310 3353 tube
323 3297 472 3353 dominice
485 3296 595 3354 deum⁸
606 3298 696 3354 totius
709 3297 816 3367 cordis,
826 3300 917 3354 totius
929 3307 959 3354 et
972 3298 1071 3355 anime
1083 3299 1242 3355 viscerosis

87 3386 208 3443 viribus
232 3385 430 3457 amplexatus,
456 3395 557 3440 mente
582 3385 738 3458 suspirans
762 3386 800 3440 ad
825 3385 926 3453 celica,
948 3388 1049 3442 omnia
1074 3387 1243 3460 postposuit

88 3473 186 3531 seculi
218 3472 347 3540 ruinosa,
377 3473 508 3544 vndique
539 3472 641 3528 diuina
671 3473 765 3545 gratia
796 3475 1003 3546 perlustratus.
1053 3475 1124 3530 Erat
1161 3475 1241 3530 enim
1257 3495 1287 3545 35

90 3559 224 3630 humilis,
250 3559 403 3630 obediens,
429 3560 571 3616 charitate
595 3561 806 3632 resplendens,
838 3563 983 3617 mundum
1014 3574 1242 3635 contempnens,

88 3646 273 3706 abstinentia
296 3647 417 3720 rigidus,
439 3647 550 3704 iustitia
574 3647 703 3716 indutus
725 3648 907 3704 continentia
928 3649 1115 3722 perspicuus,
1134 3650 1243 3722 vigiliis

89 3737 309 3808 frequentatus,
341 3734 524 3791 orationibus
555 3744 706 3804 strenuus,
731 3737 837 3809 spiritu
869 3737 1012 3807 feruidus,
1043 3739 1145 3795 verbis
1173 3757 1244 3811 pro·

90 3825 183 3881 uidus
208 3831 238 3879 et
264 3832 407 3890 maturus,
433 3823 498 3896 spei
523 3823 663 3879 firmitate
688 3824 841 3895 gaudens;
861 3835 890 3880 et
915 3827 1036 3881 domino
1061 3828 1127 3882 sine
1152 3825 1242 3881 inter·

90 3911 240 3969 missione
258 3910 446 3981 deseruiens,
466 3928 484 3966 a
503 3911 589 3966 vanis
608 3910 686 3966 ludis
705 3911 854 3967 abstinuit.
891 3912 978 3969 Vano
997 3913 1101 3970 solatio
1120 3913 1244 3985 repletis
1257 3933 1289 3982 40

89 4000 160 4058 aliis
190 4008 293 4071 vtpote
323 3998 423 4054 taliter
457 3998 636 4067 exercitatis,
668 3997 735 4071 ipse
765 4008 815 4054 aut
845 3999 1030 4056 orationibus
1064 4009 1115 4056 aut
1146 4001 1244 4056 studio

91 4086 283 4159 frequentius
303 4085 469 4155 insudabat,
490 4086 631 4142 minimas
651 4085 803 4158 religionis
822 4088 1030 4144 obseruantias
1052 4089 1132 4144 nullo
1155 4090 1244 4144 modo

89 4173 276 4242 transiliens,
301 4191 376 4246 quas
400 4173 433 4229 in
455 4173 560 4230 vltimo
585 4174 748 4247 spiramine
770 4174 833 4230 suis
852 4174 995 4232 fratribus
1016 4178 1245 4233 commendabat

89 4313 209 4430 ⁵25oe
195 4327 281 4429 νὲιιξο
368 4311 416 4364 ¹r.
429 4312 539 4364 ismaeli
629 4313 831 4376 'Edespiciea
923 4314 1244 4380 ⁴E.brydlyngtoniensi.

127 4479 193 4518 vot.
207 4477 239 4518 ll·
665 4479 683 4518 F
