3008 4904
399 311 473 404 De
498 309 661 400 ῧᾶῐῐίῐῦ
687 307 889 399 almitas.
1147 333 1214 384 221

59 513 199 572 nominis
225 513 290 572 viro
310 515 469 588 deceptam
494 531 528 570 se
551 513 664 570 diceret
683 513 732 570 vel
757 529 953 586 oppressam:
980 511 1147 584 presbitero
1172 509 1220 568 cui

59 620 168 660 curam
192 601 357 676 parochie¹
379 601 513 675 pontifex
535 600 734 668 commiserat,
755 601 869 656 crimen
894 598 1028 672 imponit.
1066 598 1221 656 Scandali-

60 699 173 746 zantur
204 689 287 758 boni,
320 689 389 746 mali
420 689 557 758 letantur,
585 689 662 745 ridet
691 687 807 760 vulgus,
834 705 920 744 sacer
949 688 1024 743 ordo
1054 688 1091 743 ab
1119 686 1222 759 impiis

61 776 306 851 blasphematur,
336 777 494 851 presbiter,
525 775 610 833 cuius
638 775 702 832 lesa
730 774 825 831 fuerat
851 775 940 840 fama,
963 775 1106 832 tristatur.
1145 774 1222 830 Nato

61 865 146 921 enim
167 883 277 938 puero,
296 864 432 938 pontifex
450 865 564 920 clerum
581 875 612 920 et
628 863 774 937 populum
793 864 831 919 ad
850 861 1008 919 ecclesiam
1027 861 1220 918 conuocauit:
1235 873 1250 924 5

61 961 91 1008 et
108 970 233 1025 procax
249 952 364 1022 mulier,
382 952 464 1008 omni
481 952 597 1024 pudore
615 950 783 1024 postposito
802 967 1013 1024 prorumpens,
1030 950 1078 1006 sui
1096 967 1221 1021 corrup·

63 1047 162 1095 torem
182 1057 220 1097 ac
239 1041 430 1113 deceptorem
450 1039 637 1096 sacerdotem
655 1055 756 1094 coram
773 1037 856 1094 omni
872 1037 961 1111 plebe
979 1037 1143 1094 vociferare
1161 1054 1220 1092 non

62 1127 163 1183 timuit
183 1137 217 1184 et
237 1127 268 1183 in
288 1117 481 1184 faciem'eius
502 1143 629 1199 puerum
655 1125 789 1199 proiecit.
827 1125 957 1182 Sanctus
980 1142 1053 1182 vero
1075 1123 1223 1180 Ninianus

65 1231 196 1286 puerum
215 1214 273 1272 sibi
290 1214 458 1288 presentari
476 1213 570 1280 iussit,
586 1231 646 1270 non
666 1212 723 1269 nisi
743 1230 854 1285 paucos
874 1213 958 1269 dies⁸
974 1213 1153 1268 habentem:
1174 1211 1221 1268 cui

65 1311 94 1356 et
114 1302 176 1359 ait:
200 1302 315 1372 ‘Heus,
334 1301 439 1375 inquit,
456 1320 475 1358 o
491 1319 576 1374 puer,
593 1301 624 1356 in
642 1301 763 1358 nomine
784 1300 875 1357 Ihesu
894 1300 1014 1368 Christi,
1030 1299 1055 1356 si
1071 1299 1223 1372 presbiter
1237 1317 1268 1353 ιο

66 1387 121 1446 iste
139 1399 171 1446 te
192 1389 299 1463 genuit
316 1407 418 1446 coram
435 1389 524 1463 plebe
542 1388 667 1446 edicito)
706 1389 769 1446 Nec
790 1405 882 1456 mora,
897 1406 937 1445 ex
952 1387 1080 1444 infantili
1096 1403 1221 1459 corpore

65 1493 124 1533 vox
150 1478 236 1534 clara
256 1477 396 1546 insonuit,
421 1477 597 1534 mendacem
622 1475 749 1533 conuicit
767 1484 797 1532 et
815 1475 1006 1532 innocentem
1033 1477 1222 1532 sacerdotem

66 1563 216 1622 absoluit:
243 1564 280 1620 Et
301 1566 469 1621 extendens
494 1565 651 1621 dexteram
676 1563 894 1637 propriumque
921 1573 1038 1636 patrem
1058 1563 1089 1619 in
1112 1562 1224 1636 populo

69 1651 246 1725 designans,
259 1653 322 1709 ‘hic
335 1661 389 1721 est,
402 1651 507 1724 inquit,
524 1660 610 1724 pater
626 1668 729 1708 meus:
748 1651 815 1724 ipse
833 1668 882 1708 me
899 1651 1009 1724 genuit,
1025 1651 1093 1722 ipse
1108 1649 1223 1706 crimen

68 1741 147 1810 quod
162 1740 316 1798 sacerdoti
329 1739 491 1813 imponitur
503 1739 661 1796 commisit.
700 1739 850 1796 Innocens
863 1738 974 1811 quippe
987 1739 1025 1794 ab
1038 1739 1094 1794 boc
1108 1737 1223 1810 piaculo
1239 1755 1249 1790 ι
1254 1754 1268 1804 5

70 1827 223 1896 presbiter
247 1836 317 1884 tuus
341 1835 396 1898 est,
421 1846 439 1883 o
464 1826 625 1900 episcope:
653 1827 727 1883 nihil
753 1827 826 1884 mibi
852 1835 882 1882 et
906 1826 948 1882 illi
973 1826 1030 1882 nisi
1055 1825 1224 1882 communis

70 1923 175 1972 nature
189 1915 393 1974 consortium!
431 1915 526 1972 Sonat
539 1931 610 1970 mox
627 1916 658 1971 in
676 1932 729 1972 ore
748 1913 903 1970 omnium⁸
919 1913 1081 1986 gratiarum
1099 1913 1174 1970 actio
1195 1921 1225 1968 et

72 2017 128 2057 vox
147 2003 259 2072 laudis,
277 2002 408 2077 populus
425 2003 547 2072 exultat,
563 2002 734 2074 intelligens
750 2001 820 2074 quia
835 2018 890 2074 per
905 2009 1042 2058 sanctum
1062 2000 1225 2057 Ninianum

70 2087 201 2148 uisitauit
227 2091 369 2149 dominus
388 2091 509 2163 plebem
529 2107 624 2146 suam.
706 2078 827 2146 lnterea
849 2097 971 2146 sanctus
995 2088 1142 2144 Ninianus
1161 2089 1225 2144 Au-

73 2178 178 2236 strales
206 2179 315 2249 Pictos,
338 2178 447 2251 quibus
465 2178 563 2234 adhuc
582 2195 668 2234 error
685 2176 805 2250 gentilis
827 2177 972 2235 inherens
991 2176 1069 2232 idola
1087 2175 1225 2232 venerari
1239 2187 1271 2223 ²0

73 2279 105 2318 ac
124 2267 226 2324 colere
252 2266 458 2339 compellebat,
477 2265 667 2338 aggrediens,
685 2264 834 2337 euangelii
852 2264 1008 2322 veritatem
1029 2263 1225 2336 sequentibus

75 2349 167 2424 signis
178 2355 362 2427 predicabat.
400 2353 471 2410 Ceci
484 2353 596 2422 vident,
609 2353 706 2409 claudi
719 2353 882 2420 ambulant,
896 2351 1007 2425 leprosi
1023 2352 1224 2407 mundantur:

76 2441 155 2496 surdi
180 2443 315 2510 audiunt,
333 2441 442 2498 mortui
465 2450 634 2512 resurgunt,
653 2438 793 2512 oppressi
813 2456 831 2495 a
852 2439 1030 2496 demonibus
1052 2439 1225 2495 liberantur.

77 2523 184 2600 Sicque
204 2530 284 2586 fides
302 2528 472 2602 suscipitur,
493 2545 578 2584 error
595 2527 758 2595 abdicatur,
777 2526 936 2583 destructis
956 2526 1078 2599 templis
1100 2526 1226 2582 ecclesie

78 2612 248 2686 eriguntur:
264 2625 388 2673 currunt
406 2616 443 2672 ad
463 2615 567 2672 salutis
580 2615 755 2672 lauacbrum
771 2614 880 2670 diuites
895 2623 925 2670 et
940 2631 1099 2688 pauperes,
1116 2615 1226 2686 gratias
1241 2629 1271 2679 ²5

78 2699 132 2756 deo
150 2714 243 2776 agunt
257 2705 277 2776 [‘
285 2703 348 2777 qui]
367 2703 419 2759 in‘
430 2703 537 2759 insulis
556 2721 616 2775 que
633 2701 738 2774 procul
754 2711 825 2758 sunt
845 2701 1029 2758 habitantes!
1067 2701 1227 2758 Ordinauit

80 2790 272 2862 presbiteros,
291 2791 450 2865 episcopos
472 2791 668 2856 consecrauit,
681 2799 711 2846 et
727 2797 820 2846 totam
833 2798 943 2845 terram
958 2806 1014 2861 per
1026 2798 1123 2845 certas
1138 2807 1227 2861 paro·

80 2873 158 2933 chias
170 2879 281 2936 diuisit.
353 2866 552 2937 Confirmatis
568 2877 599 2934 in
613 2877 672 2933 fide
685 2877 825 2933 omnibus
838 2877 956 2932 eumad
970 2876 1129 2932 ecclesiam
1140 2894 1226 2933 suam

81 2973 159 3020 esset
177 2983 347 3041 regressus,
366 2965 556 3024 refectorium
576 2965 624 3021 die
643 2965 773 3037 quadam
793 2963 1019 3020 cumfratribus
1038 2964 1177 3020 intrauit:
1197 2973 1227 3020 et

81 3047 183 3110 videns
200 3052 274 3111 nihil
292 3053 407 3110 olerum
422 3054 471 3110 vel
490 3053 652 3109 herbarum
671 3051 787 3108 mensis
805 3050 987 3124 impositum,
1001 3060 1087 3107 vocat
1103 3050 1226 3108 fratrem
1241 3069 1273 3118 3ο

83 3135 125 3190 cui
142 3137 238 3198 fuerat
258 3140 335 3197 horti
352 3158 424 3198 cura
439 3139 617 3208 commissa3
637 3147 667 3195 et
684 3138 818 3196 defectus
837 3155 958 3196 causam
977 3136 1160 3210 inquirenti⁶
1179 3138 1228 3197 ille

83 3221 136 3280 ait:
156 3227 262 3300 ‘Vere,
277 3238 371 3302 pater,
384 3227 524 3301 quicquid
538 3243 697 3299 porrorum
709 3226 758 3283 vel
772 3225 942 3282 huiusmodi
955 3235 1121 3298 supererat,
1130 3226 1229 3282 terre⁸

84 3315 226 3386 mandaui,
247 3334 304 3374 nec
329 3315 438 3389 aliquid
464 3315 560 3372 adhuc
585 3323 688 3388 aptum
707 3313 771 3371 esui
792 3314 896 3370 hortus
922 3313 1079 3386 produxit!
1117 3313 1228 3384 ‘Vade

86 3395 175 3472 inquit
187 3413 319 3475 sanctus,
331 3413 362 3460 et
373 3403 512 3476 quicquid
531 3401 680 3459 inuenerit
698 3419 806 3459 manus
819 3411 878 3468 tua,
891 3401 963 3457 tolle
981 3410 1009 3458 et
1026 3401 1102 3458 affer
1113 3404 1150 3459 ad
1163 3406 1230 3459 me!

86 3483 214 3562 Cumque
230 3492 316 3549 iussu
334 3491 468 3565 episcopi
485 3490 578 3546 frater
594 3491 713 3546 hortum
730 3489 880 3556 intrasset,
893 3488 973 3545 videt
990 3507 1098 3562 porros
1114 3491 1229 3563 aliaque
1243 3507 1274 3557 35

86 3569 238 3636 herbarum
252 3596 365 3653 genera
382 3597 442 3635 non
460 3578 557 3635 solum
578 3577 722 3644 creuisse,
738 3578 793 3633 scd
811 3577 900 3633 etiam
915 3594 1020 3633 semen
1039 3579 1229 3650 produxisse.

87 3655 122 3715 Et
143 3668 253 3736 gratias
277 3684 372 3739 agens
396 3668 462 3736 deo,
484 3675 628 3739 quantum
653 3665 794 3722 sufficere
815 3665 974 3721 videbatur
994 3683 1133 3738 carpens,
1159 3675 1229 3722 ante

88 3749 251 3814 pontificem
271 3771 377 3812 mense
395 3753 545 3827 apposuit.
617 3740 701 3811 Cum
719 3753 803 3809 fures
827 3751 968 3808 animalia
991 3752 1057 3809 eius
1080 3755 1230 3810 abducere

87 3831 252 3910 niterentur,
272 3851 376 3898 taurus
398 3841 521 3915 quidam
542 3840 627 3913 quasi
646 3842 677 3896 in
696 3839 829 3896 furorem
850 3856 958 3896 versus
976 3839 1044 3896 illos
1062 3838 1180 3909 inuasit,
1200 3849 1230 3896 et

89 3921 247 4000 Principem
260 3929 378 3986 illorum
392 3927 562 4002 prostrauit,
573 3937 602 3984 et
611 3936 748 3984 ventrem
762 3927 903 3983 cornibus
916 3925 1083 3999 perforans,
1096 3927 1229 3982 animam
1243 3946 1276 3996 40

89 4021 150 4065 cum
173 4015 339 4074 visceribus
363 4016 506 4074 excussit.
543 4015 662 4072 Deinde
687 4023 799 4072 terram
817 4013 938 4086 vngulis
957 4012 1082 4081 fodiens,
1101 4013 1230 4070 mirabili

90 4089 195 4168 impetu
212 4121 321 4162 saxum
343 4105 424 4178 quod
443 4104 600 4160 inuenerat
618 4104 697 4175 pede
716 4101 884 4176 percussit:
905 4100 984 4157 etin
1003 4102 1076 4156 tanti
1095 4103 1230 4157 miraculi

91 4184 284 4249 testimonium
305 4191 391 4265 quasi
408 4191 440 4248 in
458 4191 541 4247 molli
558 4208 626 4249 cera
643 4191 672 4247 in
692 4191 791 4263 lapide
810 4207 866 4262 pes
885 4187 1036 4261 mergitur,
1058 4189 1231 4262 relinquens

120 4283 169 4366 ῑᾞ.
180 4297 320 4356 parrochie.
381 4293 458 4345 ’vit
468 4295 544 4345 unius
556 4295 640 4344 nodis
652 4299 755 4343 etatem.
813 4292 870 4343 ⁸E.
883 4293 1060 4343 omniumore.
1119 4293 1231 4357 *so.'f.,

94 4360 174 4406 ⁰1¹1·tu
186 4360 214 4414 E.
278 4361 290 4392 ⁸
304 4361 336 4412 T.
348 4361 490 4425 inquirens.
558 4361 568 4391 ⁸
584 4361 635 4410 Vit.
648 4369 717 4409 terre
728 4359 815 4410 hodie.
