3028 4894
253 305 326 396 39⁶
564 293 1083 398 12meQO

252 495 1126 568 inclinatumdonecconsummaretur,immobiletennit
1164 496 1205 555 Et
1228 499 1420 559 sicathleta

252 584 1421 660 deiquanokaLIanuariiasemlomigransviotoroelosintnnit.

255 661 415 734 Exeuntee
433 689 507 732 vero
527 673 646 741 milites,
663 689 766 746 qnos
787 689 892 730 annam
912 681 944 728 et
966 683 1134 746 argentum,
1152 683 1185 730 et
1205 675 1368 749 quioquid
1390 678 1421 734 in

253 761 362 836 palatio
391 761 607 834 archiepiscopi
637 770 790 834 repertum
816 769 873 830 u,
897 759 977 817 inter
1000 777 1034 818 se
1059 761 1241 818 &munt
1290 764 1423 838 Scripta

225 867 373 924 squoque
391 857 422 907 et
440 847 597 922 priuilegia
616 847 778 922 Ranulpho
795 848 835 904 de
854 847 934 904 Brok
952 847 1060 905 tradita
1077 850 1205 906 suntad
1225 867 1345 924 regem
1366 855 1423 910 de·

254 937 386 995 serenda.
422 935 499 994 Cum
515 945 614 993 autem
626 937 686 994 duo
697 935 834 994 viderent
850 935 953 1004 cilicia,
965 936 1147 992 consternati
1163 947 1240 993 sont
1257 949 1292 994 et
1310 949 1422 1014 stupe-

254 1023 332 1094 facti,
344 1025 424 1098 quod
437 1033 498 1080 tam
511 1023 637 1081 euidens
652 1023 828 1080 obumbmte
844 1023 998 1096 religionis
1010 1033 1167 1080 cernerent
1179 1037 1422 1097 argumentum

257 1099 416 1172 Exuentee
435 1119 536 1168 autem
554 1111 692 1168 monachi
713 1121 849 1168 mactum
871 1111 1024 1168 martirem
1043 1109 1178 1168 rombus
1199 1113 1280 1182 suis,
1298 1133 1422 1189 eorpus

254 1201 320 1260 eius
332 1199 426 1258 cilicio
438 1198 615 1268 inuolutum,
626 1200 693 1274 ipsa
704 1200 794 1256 etiam
808 1198 962 1255 femoralia
973 1216 1068 1272 vsque
1079 1199 1118 1256 ad
1130 1199 1266 1273 poplites
1283 1203 1421 1272 cilicina,

212 1307 243 1348 to
255 1287 448 1362 hahitumque
467 1287 713 1362 superinductum
731 1287 947 1356 monachalem,
966 1289 1125 1344 staminam
1141 1288 1291 1348 videlicet
1310 1301 1346 1350 et
1366 1311 1421 1350 cn·

254 1375 576 1449 cullam,repererunt'.
596 1373 868 1432 Passussstautem
878 1391 958 1432 anno
965 1377 1060 1448 gratie
1068 1375 1421 1438 millae'mooentesimo

253 1463 483 1538 septuagesimo,
495 1463 555 1522 vite
567 1479 639 1520 vero
650 1479 705 1520 sue
717 1479 797 1520 anno
809 1461 1056 1538 quinquagesimo
1066 1463 1244 1522 tercio-

292 1739 351 1812 (Ex
370 1741 497 1816 legenda
515 1739 736 1810 sanctorum)¹:
810 1727 965 1801 Sacerdos
983 1741 1104 1815 quidam
1122 1742 1161 1798 de
1179 1743 1270 1800 beata
1287 1743 1417 1818 virgine
1505 1765 1506 1772 ¹

255 1829 386 1904 quotidie
406 1829 585 1900 celebrabat,
612 1829 664 1902 qui
686 1828 913 1902 archiepiscopo
931 1839 1094 1899 accusatus,
1113 1829 1151 1886 ah
1169 1847 1208 1887 eo
1231 1833 1418 1902 accershur,

214 1941 242 1995 ¹⁵
256 1925 286 1976 ct
307 1925 449 1990 tanquam
468 1917 588 1990 ydiota⁸
605 1927 635 1974 et
654 1917 766 1974 inscius
786 1918 823 1973 ab
841 1915 939 1973 officio
958 1917 1159 1990 suspenditur.
1201 1917 1283 1974 Cum
1306 1929 1417 1976 autem

256 2005 362 2062 beatus
382 2003 513 2062 Thomas
534 2004 662 2062 cilicium
683 2021 771 2062 suum
796 2020 883 2061 suere
907 2004 1039 2074 deberet,
1062 2013 1092 2061 et
1116 2005 1174 2061 sub
1198 2003 1280 2062 lecto
1305 2007 1416 2080 ipsum

256 2094 463 2152 abscondisset
474 2091 526 2149 vt‘
538 2094 575 2150 ad
589 2093 737 2150 suendum
750 2091 855 2148 horam
868 2101 999 2164 captaret
1006 2091 1025 2162 ⁵,
1038 2093 1125 2148 beata
1140 2091 1237 2148 Maria
1253 2095 1415 2152 sacerdoti

256 2179 404 2252 appamit,
422 2177 542 2236 dicens:
564 2176 666 2234 ‘Vade
686 2177 725 2234 ad
746 2175 1014 2250 archiepiscopum,
1031 2175 1121 2249 eique
1145 2177 1230 2234 dicas
1251 2180 1337 2250 quod
1361 2179 1416 2236 illa

256 2267 341 2324 cuius
362 2281 464 2322 amore
484 2264 594 2322 missas
613 2265 742 2333 dicebas,
764 2263 829 2320 eius
849 2263 977 2322 cilicium
997 2264 1076 2337 quod
1097 2263 1190 2336 [est]⁶
1211 2263 1245 2322 in
1266 2265 1324 2322 tali
1343 2267 1415 2324 loco

212 2384 244 2420 ,ο
256 2352 381 2420 consuit,
393 2363 424 2411 et
436 2352 551 2410 setam⁷
565 2354 696 2422 rubeam,
711 2353 750 2409 de
762 2367 821 2424 qua
837 2351 909 2408 illud
922 2353 1047 2421 consuit,
1060 2351 1170 2408 ibidem
1183 2351 1316 2426 reliquit.
1355 2354 1415 2411 Illa
1506 2421 1507 2424 Ἴ

255 2441 345 2518 igitur
357 2443 479 2499 mandat
491 2441 547 2498 sibi
560 2442 640 2515 quod
650 2440 838 2498 interdictum
849 2440 928 2513 quod
941 2438 993 2496 tibi
1006 2439 1116 2496 lecerat
1128 2440 1236 2498 debeat
1249 2443 1417 2500 relaxare’

256 2531 344 2602 Quod
356 2529 405 2588 ille
417 2529 550 2599 audiens,
564 2539 595 2586 et
607 2529 647 2585 ita
658 2527 825 2597 inueniens,
838 2529 998 2601 obstupuit,
1011 2537 1041 2586 et
1053 2527 1244 2585 interdictum
1264 2531 1414 2590 relaxans

256 2619 442 2678 sacerdotem
464 2617 520 2674 hoc
543 2617 654 2674 habere
676 2625 824 2674 secretum
845 2617 988 2689 precepit
1059 2603 1204 2690 Quedam
1223 2617 1352 2676 domina
1371 2623 1414 2678 de

256 2707 365 2782 Anglia
377 2705 476 2763 varios
487 2705 589 2762 oculos
603 2705 723 2773 habere,
736 2705 774 2762 ob
787 2703 938 2761 lasciuiam
950 2713 982 2760 et
993 2703 1137 2760 maiorem
1150 2704 1413 2776 pulchritudinem

212 2815 242 2867 rr
256 2795 430 2852 affectabat:
451 2809 543 2866 super
555 2809 614 2865 quo
626 2801 727 2848 votum
736 2807 860 2862 vouens,
871 2791 960 2848 nudis
971 2791 1101 2864 pedibus
1114 2792 1313 2864 sepulchrum
1327 2795 1413 2852 beati

256 2883 374 2942 Thome
398 2879 537 2939 visitauit.
590 2880 657 2950 Que
681 2897 750 2938 cum
774 2879 805 2937 in
830 2879 963 2936 oratione
988 2888 1136 2952 prostrata
1160 2891 1252 2950 esset,
1278 2898 1414 2958 surgens

257 2971 373 3030 inuenit
399 2987 433 3028 se
461 2969 582 3042 penitus
613 2977 793 3026 excecatam.
838 2966 1004 3040 Statimque
1028 2967 1175 3042 penitens,
1195 2968 1275 3042 cepit
1300 2990 1413 3048 rogare
1507 2999 1508 3054 ἰ

257 3061 377 3118 beatum
396 3057 545 3114 Thomam
563 3065 595 3114 vt
613 3055 672 3112 iam
691 3071 752 3113 non
770 3054 877 3126 varios,
891 3056 945 3112 sed
964 3055 1070 3112 saltem
1088 3072 1160 3114 suos
1177 3056 1235 3113 sibi
1255 3060 1414 3121 redderet

257 3147 345 3222 Quod
364 3147 487 3204 tandem
508 3162 576 3202 cum
601 3145 693 3202 multa
716 3144 887 3202 difficultate
908 3143 960 3200 vix
981 3143 1073 3200 valuit
1096 3143 1242 3202 obtinere.
1325 3137 1413 3208 Auis

212 3255 246 3306 30
256 3231 386 3307 quedam
399 3231 486 3288 docta
498 3229 587 3302 loqui,
598 3245 666 3286 cum
678 3227 763 3285 nisus
777 3243 844 3285 eam
856 3227 1071 3302 insequeretur,
1081 3226 1157 3284 sicut
1168 3228 1316 3288 didicerat
1329 3235 1413 3307 cepit

257 3322 404 3382 clamare:
436 3317 563 3376 ‘Sancte
587 3315 712 3386 Thoma,
736 3315 846 3372 adiuua
870 3317 937 3372 me!
987 3315 1025 3372 Et
1053 3315 1153 3372 statim
1184 3316 1271 3374 nisus
1302 3323 1412 3380 cecidit

257 3417 400 3478 mortuus,
422 3413 452 3464 et
471 3405 521 3462 illa
544 3403 647 3462 euasit
744 3391 880 3478 Quidam
900 3419 991 3476 quem
1016 3413 1137 3460 sanctim
1161 3403 1297 3464 Thomas
1320 3411 1412 3468 valde

257 3497 410 3564 dilexerat,
432 3509 500 3552 cum
519 3492 651 3566 grauiter
669 3491 880 3560 infirmaretur,
899 3489 953 3547 init
976 3491 1014 3549 ad
1039 3490 1104 3548 eius
1131 3493 1267 3550 tumbam
1294 3505 1326 3553 et
1355 3515 1413 3571 pro

258 3583 372 3644 salute·
391 3580 522 3655 rogauit:
549 3580 635 3638 etad
654 3579 768 3637 lihitum
786 3577 965 3652 impetrauit
1003 3577 1065 3637 Sed
1082 3579 1156 3635 dum
1174 3597 1268 3638 sanus
1287 3584 1412 3654 rediret,

212 3693 243 3744 35
258 3671 338 3748 cepit
351 3668 499 3744 cogitare⁸
516 3667 597 3742 quod
616 3667 667 3725 illa
684 3667 797 3724 sanitas
814 3665 915 3724 anime
934 3683 989 3724 sue
1008 3665 1131 3723 forsitan
1151 3685 1211 3724 non
1230 3672 1410 3743 expediret:

260 3761 341 3821 vnde
365 3759 473 3816 iterum
499 3756 620 3814 rediens
644 3755 681 3813 ad
702 3754 902 3829 sepulchrum,
924 3753 1020 3811 orauit
1037 3764 1079 3824 vt,
1101 3754 1127 3811 si
1151 3772 1212 3812 non
1233 3767 1319 3815 esset
1339 3761 1411 3818 vtile

258 3849 358 3910 anime
380 3863 443 3915 sue,
462 3844 603 3903 continuo
630 3843 788 3902 infirmitas
812 3843 879 3916 ipsa
904 3841 1036 3900 rediret:
1064 3843 1224 3916 statimque
1248 3846 1412 3906 infirmitas

257 3938 347 3998 rediit
371 3935 447 3994 sicut
471 3933 561 4007 prius.
634 3919 673 3990 ln
697 3931 763 3990 eius
787 3940 887 3989 autem
911 3929 1118 3988 interfectores
1142 3931 1174 3987 in
1198 3940 1316 3991 tantum
1338 3937 1412 3995 vitio

258 4025 361 4087 diuina
379 4021 505 4094 deseuit,
523 4029 555 4078 vt
573 4019 623 4078 alii
641 4019 749 4096 digitos
771 4019 912 4077 dentibus
929 4017 1076 4076 frustatim
1085 4018 1107 4050 ¹⁰
1125 4019 1345 4095 discerpentes,
1361 4025 1410 4084 olii

291 4179 299 4210 ¹
316 4177 345 4228 T.
358 4175 387 4226 E.
401 4173 588 4239 repperierunt.
654 4169 665 4200 ¹
682 4169 722 4220 Ex
732 4169 784 4232 leg.
793 4175 940 4218 sanctorum
952 4184 1002 4220 om.
1011 4168 1038 4219 in
1050 4169 1098 4230 T.;
1114 4167 1160 4219 Ta
1169 4167 1297 4222 Narratio.
1334 4172 1411 4225 From

259 4243 322 4308 με,
334 4239 520 4304 Aum,p.60.
626 4234 801 4299 ¹E.ydeota.
901 4233 956 4284 ‘'l.
969 4242 1010 4294 et;
1028 4235 1057 4286 E.
1070 4243 1106 4287 vt.
1207 4235 1411 4302 *laeetani

257 4313 277 4407 L
285 4307 482 4427 Ἣωῃεὲω
501 4303 511 4334 r
528 4303 557 4354 T.
571 4301 704 4354 Rectam.
787 4299 1055 4353 ⁸1A.sanitatesua
1137 4300 1323 4366 'Rcogitare
1334 4308 1411 4371 cepit
