3054 4904
474 293 549 386 Ut
573 290 737 380 &ancta
763 289 942 394 nancta
1213 317 1281 386 109

130 492 258 566 insuper
276 496 314 550 ad
336 495 393 552 iter
411 495 647 568 aggrediendum
672 503 806 568 potestas
831 494 930 552 deficit
956 493 1115 552 naturalis!
1154 496 1283 554 Sanctus

134 581 232 638 Dauid
244 582 305 638 ait:
326 583 476 639 ‘Oremus
490 581 613 638 ihesum
627 581 781 639 Christum
793 593 826 638 vt
844 583 978 639 membra
993 591 1043 640 tua
1061 585 1098 640 ad
1112 583 1169 640 iter
1181 583 1282 641 nobis·

132 686 201 725 cum
221 672 427 743 peragendum
447 669 565 744 erigere
584 669 740 742 dignetur!
779 669 816 725 Et
830 670 896 727 lusa
914 670 1048 727 oratione
1065 672 1102 727 ad
1118 671 1281 742 dominum,

132 775 202 814 crus
215 757 360 815 afemore
378 758 544 828 resoluitur,
558 768 647 830 prout
660 757 803 815 naturalis
818 757 974 831 dispositio
992 758 1100 815 melius
1118 777 1152 816 se
1170 760 1282 818 habere

132 844 270 901 debebat.
312 845 448 917 Cumque
468 847 506 902 ad
528 844 608 902 viam
633 847 816 919 carpendam
841 845 937 918 parati
963 845 1076 918 pariter
1099 847 1311 918 incederent,5

133 949 242 990 seruus
253 932 302 990 dei
315 932 481 1006 Kynedus¹
496 932 563 990 fusa
577 933 607 989 in
625 935 750 990 secretis
767 935 866 990 cordis
883 933 929 990 sui
947 935 985 990 ad
998 936 1087 991 deum
1100 953 1200 1009 prece,
1212 953 1283 993 crus

132 1037 222 1076 suurn
247 1021 323 1078 sicut
344 1021 429 1094 prius
449 1021 555 1078 femori
578 1021 703 1078 adhesit.
740 1021 827 1078 Tunc
852 1031 974 1078 sanctus
1000 1022 1097 1080 Dauid
1122 1023 1283 1097 episcopus

132 1108 226 1164 dixit:
253 1108 330 1165 ‘Cur
350 1118 483 1165 nostram
506 1109 636 1182 despicis
657 1108 840 1179 societatem,
861 1127 930 1166 cuin
951 1127 1007 1166 nos
1027 1119 1077 1167 tuo
1098 1112 1283 1184 gaudeamus

132 1195 305 1254 consortio?
342 1197 404 1253 Cur
423 1214 478 1253 nos
497 1196 650 1269 relinquis,
670 1205 756 1270 pater
777 1197 836 1269 pie,
855 1196 886 1253 in
907 1205 957 1254 tua
975 1199 1110 1255 absentia
1130 1198 1282 1268 sollicitos,

133 1300 202 1339 cum
222 1293 273 1340 tua
292 1283 446 1356 presentia
464 1300 602 1340 curarum
622 1293 794 1340 nostrarum
816 1302 892 1341 onus
913 1287 1330 1357 possemus²re1euarer’10

135 1370 255 1428 Etcum
268 1381 402 1427 mutuam
421 1373 575 1428 dedissent
593 1371 811 1436 salutationem,
824 1371 963 1429 abierunt
980 1373 1121 1446 episcopi,
1135 1383 1165 1431 et
1183 1373 1233 1431 ille
1245 1375 1283 1430 ad

134 1459 233 1514 locum
246 1475 334 1515 suum
348 1459 572 1516 rediit-Multa
581 1459 638 1516 alia
651 1460 689 1515 de
701 1459 876 1517 consessore
889 1459 946 1516 isto
959 1461 1090 1533 glorioso
1103 1462 1133 1517 in
1146 1480 1207 1518 vno
1220 1461 1284 1518 solo

134 1547 200 1603 loco
212 1545 323 1604 Wallie
336 1547 447 1620 scripta
459 1546 529 1615 vidi,
542 1565 600 1620 que
613 1557 759 1604 vetustate
773 1546 858 1621 quasi
871 1549 971 1605 deleta
983 1548 1042 1621 legi
1060 1567 1119 1605 non
1137 1559 1284 1622 poterant
1316 1613 1317 1616 Ἴ

133 1634 248 1691 Terras
259 1653 333 1691 vero
346 1633 527 1707 relinquens,
538 1635 568 1691 in
582 1636 647 1691 celo
660 1634 776 1708 premia
786 1647 985 1709 percepturus
995 1637 1134 1710 migrauit
1147 1638 1283 1696 kalendis

133 1723 262 1795 augusti.
1300 1741 1329 1790 ¹5

173 1839 243 1912 [ns.
257 1840 323 1897 rib.
335 1840 429 1897 adds:
607 1821 803 1883 llna'dma'a
811 1822 831 1880 ⁸·

173 1932 309 2019 Quidam
330 1961 461 2017 namque
479 1961 622 2000 romanus
639 1943 733 2000 lilium
749 1944 852 2008 habuit
870 1944 1001 2018 quinque
1021 1963 1177 2017 annorum,
1194 1965 1284 2020 quem

135 2031 227 2089 nimis
241 2033 401 2089 carnaliter
417 2032 543 2106 diligens
559 2031 740 2090 tenerrime⁴
758 2032 914 2102 nutriebat,
927 2041 1016 2105 atque
1033 2033 1112 2090 idem
1132 2037 1285 2108 paruulus,

135 2122 217 2194 quod
225 2122 304 2177 dictu
312 2138 405 2194 graue
413 2128 468 2189 est,
477 2138 548 2176 mox
556 2128 588 2175 ut
598 2122 663 2176 eius
671 2120 772 2175 animo
780 2119 886 2192 aliquis
895 2119 905 2151 ⁶
916 2120 1088 2190 obstitisset,
1099 2121 1285 2182 maiestatem

135 2209 186 2264 dei
198 2208 409 2281 blasphemare
425 2207 589 2265 consueuit.
627 2207 685 2277 Qui
704 2207 735 2263 in
753 2208 807 2265 hac
825 2207 1002 2264 mortalitate
1019 2226 1183 2281 percussus
1202 2211 1286 2267 uenit

135 2297 174 2353 ad
197 2306 342 2353 mortem:
370 2306 400 2353 et
419 2296 565 2369 malignos
586 2295 709 2368 spiritus
729 2297 766 2351 ad
786 2313 820 2352 se
841 2295 945 2353 uenire
965 2297 1171 2354 tremebundis
1192 2298 1285 2356 oculis
1301 2319 1332 2355 ro

135 2385 295 2457 aspiciens,
320 2384 450 2441 clamare
474 2383 571 2456 cepit:
605 2383 723 2452 ‘Obsta,
749 2393 843 2456 pater.
893 2383 997 2451 Mauri,
1022 2383 1125 2457 inquit,
1147 2385 1286 2444 homines

137 2481 295 2543 uenerunt,
308 2472 358 2545 qui
372 2489 421 2528 me
434 2471 539 2528 tollere
552 2472 672 2527 uolunt!
712 2470 748 2526 Et
762 2471 924 2528 maiestatis
938 2489 1048 2528 nomen
1062 2472 1286 2546 blasphemans,

136 2559 269 2616 animam
290 2559 428 2616 reddidit.
465 2558 505 2615 Vt
531 2560 612 2615 enim
638 2558 828 2631 omnipotens
853 2561 928 2616 deus
953 2561 1126 2617 ostenderet
1150 2579 1286 2634 proquo

137 2657 222 2704 reatu
234 2647 342 2704 talibus
355 2647 460 2704 fuisset
472 2647 681 2704 executoribus
693 2646 827 2716 traditus,
841 2647 920 2703 unde
938 2647 1093 2704 uiuentem
1110 2659 1197 2721 pater
1214 2667 1287 2706 suus

138 2735 231 2792 noluit
255 2735 415 2810 corrigere,
439 2736 495 2792 hoc
516 2735 695 2792 morientem
716 2734 852 2807 permisit
874 2735 992 2806 iterare,
1012 2736 1151 2810 quatinus
1172 2745 1286 2793 reatum
1302 2758 1331 2808 ²⁵

138 2840 226 2879 suum
239 2832 326 2895 pater
334 2823 398 2879 eius
410 2831 595 2896 agnosceret,
606 2824 656 2895 qui
669 2822 784 2896 paruuli
795 2822 847 2878 filii
859 2821 990 2879 animam
1003 2823 1171 2898 negligens,
1183 2825 1288 2896 [ηοῐι]ο

138 2911 296 2983 paruulum
326 2919 514 2985 peccatorem
545 2910 675 2968 iehenne
701 2909 820 2983 ignibus
844 2911 997 2968 nutrisset.
1092 2899 1288 2984 Longobardi

138 2997 291 3056 seuientes
310 2999 385 3055 duos
408 3000 571 3055 monachos
590 2997 620 3054 in
643 2997 734 3054 ramis
753 2997 842 3054 unius
859 2998 974 3055 arboris
994 3001 1225 3072 suspenderunt,
1239 3001 1287 3058 etl

138 3086 247 3142 eodem
260 3085 308 3142 die
322 3085 453 3142 defuncti
466 3095 544 3142 sunt.
584 3085 674 3144 Facto
687 3095 788 3142 autem
801 3105 939 3160 uespere,
953 3096 1149 3161 utrorumque
1166 3087 1288 3161 spiritus

138 3173 198 3229 illic
211 3171 322 3246 apertis
334 3173 458 3230 uocibus
471 3174 600 3247 psallere
613 3173 691 3247 cepit
699 3173 718 3243 ⁸,
736 3175 784 3230 et⁹
797 3173 848 3247 qui
860 3192 914 3230 eos
926 3175 1106 3242 occiderant,
1119 3192 1186 3232 cum
1196 3193 1288 3234 uoces
1302 3192 1334 3242 30

138 3259 336 3333 psallencium
348 3260 494 3329 audirent,
506 3260 631 3318 nimium
645 3261 743 3318 mirati
757 3261 906 3334 perterriti
921 3271 998 3319 sunt.
1037 3261 1131 3319 Electi
1143 3279 1224 3335 ergo,
1237 3263 1288 3336 qui

139 3347 333 3421 proculdubio
349 3349 388 3404 ad
405 3347 496 3424 uitam
513 3360 691 3423 perpetuam
707 3350 845 3418 tendunt,
858 3349 929 3422 quid
942 3349 987 3406 eis
1004 3350 1090 3406 obest
1106 3350 1131 3406 si
1144 3352 1181 3406 ad
1194 3351 1289 3407 modi·

138 3452 208 3492 cum
222 3435 286 3491 dire
294 3435 315 3467 ¹⁰
327 3436 510 3492 moriantur?
526 3444 556 3493 et
568 3445 615 3493 est
629 3436 755 3494 sortasse
768 3455 872 3495 eorum
886 3454 1100 3509 nonnunquam
1114 3437 1207 3510 culpa,
1221 3437 1289 3496 licet

139 3522 343 3595 minimaque
363 3523 394 3578 in
413 3525 520 3580 eadem
539 3524 647 3581 debeat
666 3533 763 3581 morte
782 3523 920 3580 resecari.
958 3524 1037 3580 Nam
1055 3524 1102 3580 uir
1119 3525 1167 3581 dei
1185 3535 1289 3582 contra

139 3609 307 3667 Samariam
327 3609 447 3678 missus,
460 3611 530 3684 quia
548 3628 604 3685 per
621 3610 859 3668 inobedienciam
878 3611 909 3668 in
928 3611 1035 3668 itinere
1054 3612 1193 3681 comedit,
1209 3612 1288 3670 hunc
1303 3628 1334 3680 35

138 3699 188 3755 leo
200 3698 307 3754 eodem
320 3697 428 3754 itinere
440 3698 556 3756 occidit.
595 3699 649 3756 Set
663 3699 764 3756 statim
777 3699 835 3756 illic
849 3699 993 3774 scriptum
1007 3707 1054 3756 est
1066 3699 1136 3773 quia
1148 3700 1229 3756 stetit
1241 3701 1289 3757 leo

138 3785 223 3842 iuxta
241 3784 359 3841 asinum
375 3795 405 3842 et
424 3787 462 3844 de
480 3788 627 3843 cadauere
647 3804 706 3843 non
726 3786 855 3843 comedit
864 3787 891 3842 ¹¹.
930 3787 976 3843 Ex
995 3804 1054 3860 qua
1071 3804 1105 3843 re
1124 3787 1290 3844 ostenditur

108 3917 114 3928 .
138 3873 221 3947 quod
246 3882 400 3945 peccatum
425 3872 631 3931 inobediencie
652 3873 682 3931 in
708 3874 774 3948 ipsa
799 3874 894 3931 suerat
919 3883 1016 3931 morte
1040 3874 1188 3931 laxatum:
1220 3875 1289 3947 quia

138 3961 238 4018 isdem
256 3959 304 4017 leo
317 3978 406 4033 quem
426 3961 578 4018 uiuentem
595 3963 779 4036 presumpsit
798 3961 941 4031 occidere,
954 3961 1127 4034 contingere
1140 3980 1201 4019 non
1218 3981 1289 4036 pre·
1302 3977 1336 4027 4⁰

139 4047 269 4120 sumpsit
281 4047 433 4120 occisum]

172 4170 229 4220 1Τ.
243 4169 377 4220 Kenedus.
501 4171 556 4220 ΙΤ.
569 4185 703 4233 possemus
716 4185 789 4222 onus.
899 4169 1290 4235 ’Exvncsseltxxllsv

138 4235 483 4298 dcoegor.1)n1.1v.1s.
582 4235 664 4288 ‘VB.
677 4237 791 4287 temese.
888 4235 946 4287 ‘al
960 4236 1064 4298 aliquid.
1156 4237 1211 4287 ⁸T.
1225 4239 1289 4290 siue.

138 4301 261 4364 'adqui
375 4301 603 4366 'VB.ceperunt.
709 4300 769 4352 'al
781 4302 817 4352 ita
828 4308 856 4351 ut
866 4301 915 4365 ipsi
926 4317 1038 4365 quoque.
1147 4301 1166 4332 ¹⁰
1183 4304 1289 4354 aldure.

139 4367 158 4398 ¹¹
177 4367 217 4418 111
231 4367 296 4431 Reg.
308 4367 362 4417 xiii.
375 4369 415 4418 nd.
