3044 4894
317 298 392 392 me
415 294 580 387 senno
604 297 779 402 numne
804 297 996 398 mitono.
1185 322 1228 391 41

88 499 232 556 dominus
251 498 402 557 lohannes
420 501 553 574 perituro
572 498 738 573 suffragari.
779 499 867 556 Nunc
886 498 1025 556 omnibus
1048 497 1135 555 vobis
1155 497 1234 554 veri·

86 595 177 646 tatetu
191 589 331 660 pandam.
364 588 452 644 Morti
465 588 553 645 huius
565 587 659 660 pueri,
672 589 710 644 de
723 604 782 661 qua
793 587 1034 660 calumpnientur
1053 586 1145 655 ludei,
1164 603 1235 643 con·

86 674 258 732 sentiebant
276 692 384 732 omnes
397 675 460 733 iere
480 675 562 732 ludei
576 676 667 732 totius
681 675 801 748 Augila,
814 683 844 731 et
861 675 1018 731 cuiuslibet
1036 674 1099 731 lere
1107 673 1235 731 ciuitatis

87 762 209 833 quidam
222 763 318 831 electi,
331 764 369 819 ad
381 763 468 836 pueri
486 763 566 820 illius
581 762 817 819 immolationem
831 761 916 835 quasi
935 763 972 818 ad
990 762 1131 836 paschale
1144 762 1234 818 sacri·

87 849 188 906 licium
208 851 468 908 conuocabantur.'
508 849 627 906 Etcum
642 852 697 908 hoc
712 859 742 906 et
756 850 815 907 alia
827 849 1025 906 deliramenta
1037 849 1136 923 palam
1150 866 1235 906 enar·
1250 869 1264 920 5

86 945 194 1006 rasset,
207 939 246 993 ad
258 939 382 995 caudam
396 939 465 1011 equi
484 938 598 1011 ligatus,
612 939 649 994 ad
662 937 827 1011 patibulum
843 937 970 994 trahitur
982 946 1011 994 et
1024 937 1138 994 aereis¹
1151 954 1235 993 caco·

86 1024 267 1082 demonibus
287 1025 318 1081 in
337 1042 465 1098 corpore
484 1034 522 1082 et·
532 1025 632 1082 anima
646 1033 845 1098 presentatur.
882 1024 942 1081 Alii
955 1042 1027 1082 vero
1042 1025 1134 1094 ludei‚
1148 1025 1236 1081 huius

87 1109 227 1168 facinoris
257 1113 429 1186 participes,
454 1122 560 1186 quater
588 1113 692 1186 viginti
723 1121 754 1170 et
783 1111 922 1169 vndecim
954 1112 1125 1169 Londonias
1155 1112 1236 1168 ducti

87 1199 229 1255 carcerali
242 1201 376 1257 custodie
399 1202 601 1256 tradebantur.
640 1199 663 1256 F
665 1211 730 1256 acta
748 1201 870 1256 demum
889 1216 945 1272 per
963 1199 1138 1256 iusticiarios
1157 1201 1236 1272 regis

85 1285 279 1358 inquisitione
293 1287 435 1360 diligenti,
448 1289 554 1345 decem
568 1297 597 1344 et
610 1296 677 1344 octo
693 1288 730 1344 de
746 1286 940 1344 nobilioribus
955 1286 1055 1344 Iudeis
1067 1287 1149 1344 vrbis
1164 1286 1235 1343 Lin·
1252 1305 1283 1344 ro

86 1373 184 1430 colnie
203 1374 288 1446 pueri
307 1374 440 1432 martirio
457 1373 721 1442 consentientibus,
730 1373 816 1447 equis
828 1375 866 1431 ad
878 1375 1042 1448 patibulum
1065 1382 1136 1431 sunt
1149 1373 1236 1431 tracti

86 1469 117 1516 et
129 1470 236 1533 postea
248 1462 398 1534 suspensi,
411 1463 519 1520 ceteris
531 1462 562 1518 in
576 1461 675 1520 arcta¹
687 1461 822 1518 custodia
836 1462 1007 1519 reseruatis.

125 1588 197 1662 [Ms.
210 1589 244 1646 T.
257 1591 351 1648 adds:
572 1589 758 1648 Inu'dmnh'.

124 1681 284 1751 Presbiter
308 1695 429 1768 quidam
454 1696 647 1752 commissam
675 1695 731 1752 sibi
761 1712 829 1753 cum
860 1713 970 1769 magno
994 1695 1101 1752 timore
1123 1697 1235 1754 domini

84 1782 211 1854 regebat
220 1781 396 1840 ecclesiam:
416 1782 497 1856 quia
511 1791 650 1856 tempore
663 1782 776 1840 ordinis
795 1784 910 1856 accepti
929 1783 1129 1858 presbiteram
1148 1801 1233 1841 suam

86 1879 119 1926 ut
132 1886 269 1926 sororem
280 1869 416 1944 diligens,
430 1880 476 1928 set
489 1871 575 1944 quasi
588 1871 707 1928 hostem
722 1887 843 1935 cauens,
855 1871 893 1928 ad
907 1888 940 1928 se
953 1871 1078 1945 propius
1091 1872 1234 1929 accedere
1252 1888 1281 1939 15

85 1973 242 2030 nunquam
268 1957 392 2015 sinebat.
427 1958 519 2014 Anno
544 1958 775 2031 quadragesimo
799 1957 1000 2015 ordinacionis
1027 1975 1082 2014 sue
1103 1959 1236 2030 grauiter

84 2043 171 2101 febre
185 2055 350 2118 correptus,
363 2047 401 2102 ad
414 2055 551 2103 extrema
563 2047 709 2102 deductus
728 2056 783 2102 est.
821 2045 875 2102 Set
894 2063 962 2102 cum
981 2062 1050 2102 eum
1068 2046 1236 2118 presbitero

85 2149 142 2190 sua
159 2132 348 2205 conspiceret
366 2133 470 2190 solutis
488 2135 548 2190 iam
567 2133 713 2190 membris
729 2133 817 2189 morti
833 2132 981 2203 uicinum3
1005 2135 1031 2189 si
1044 2134 1124 2206 quod
1137 2134 1234 2190 adhuc

84 2220 114 2278 ei
128 2219 217 2276 uitale
237 2221 389 2295 spiramen
406 2221 528 2292 inesset,
542 2220 663 2277 naribus
682 2220 747 2277 eius
762 2221 899 2293 apposita
917 2220 1031 2277 curauit
1046 2238 1118 2278 aure
1136 2219 1236 2278 dinos-

85 2325 165 2364 cere.
202 2307 290 2377 Quod
310 2308 359 2366 ille
376 2309 525 2376 senciens,
551 2307 597 2364 cui
615 2306 809 2364 tenuissimus
829 2308 926 2364 inerat
946 2307 1043 2376 ssatus,
1054 2317 1165 2381 quanto
1184 2309 1236 2364 ad·
1251 2327 1283 2363 zo

85 2395 175 2453 nisu⁴
188 2395 281 2452 ualuit
299 2395 397 2468 erupit
412 2396 533 2454 dicens:
554 2395 693 2453 ‘Recede
711 2413 729 2452 a
745 2413 802 2464 me,
821 2395 946 2453 mulier:
973 2396 1070 2452 adhuc
1090 2396 1237 2469 igniculus

86 2483 170 2552 uiuit,
183 2483 300 2557 paleam
313 2483 399 2540 tolle.³
429 2484 481 2540 Illa
493 2485 664 2554 recedente,
675 2492 887 2540 concrescente
898 2483 1007 2540 uirtute
1016 2483 1159 2557 corporis,
1168 2501 1237 2540 cum

87 2588 200 2644 magna
213 2571 292 2643 cepit
300 2571 397 2628 leticia
409 2571 540 2628 clamare
550 2569 672 2629 diceus:
686 2573 694 2600 ⁴
705 2571 788 2628 Bene
801 2571 944 2629 ueniunt⁶
953 2571 1065 2628 domini
1076 2572 1152 2630 mei:
1166 2572 1237 2646 quid

85 2660 123 2716 ad
149 2659 298 2715 tantillum
323 2661 476 2717 seruulum
506 2668 641 2715 uestrum
672 2659 746 2716 estis
770 2659 883 2732 dignati
909 2659 1090 2717 conueniret
1130 2659 1237 2730 Venio,

87 2747 205 2820 gracias
216 2749 289 2819 ago!
317 2745 355 2802 Et
365 2748 539 2815 astantibus,
550 2747 622 2819 quid
632 2747 688 2803 hoc
698 2755 781 2803 esset
791 2747 996 2819 querentibus,
1007 2747 1063 2804 ait:
1079 2747 1175 2804 ‘Num
1190 2748 1236 2805 hic
1253 2765 1283 2816 ²⁵

87 2843 210 2890 sanctos
223 2834 375 2906 apostolos
385 2834 548 2892 conuenire
558 2835 643 2907 [non]
654 2834 784 2892 uidetis?
804 2834 927 2890 Petrum
940 2843 970 2890 et
983 2834 1109 2891 Paulum
1119 2844 1237 2908 aposto·

86 2909 184 2978 iorum
199 2921 353 2996 principes
371 2939 472 2979 nonne
485 2922 652 2995 aspicitist'
671 2930 701 2979 et
714 2922 772 2979 hiis
785 2921 872 2979 dictis
885 2921 1022 2996 spiritum
1036 2921 1134 2980 emisit
1143 2921 1176 2996 ⁶.]

237 3087 331 3159 llDr
349 3115 466 3156 seuero
487 3087 628 3157 Huoous
647 3115 790 3156 nmscoro
808 3115 846 3154 ur
864 3095 1085 3155 cournssonrl.

89 3212 264 3342 SAnctus
276 3211 367 3285 Hugo
377 3212 537 3285 genetricis
549 3212 654 3269 solatio
666 3229 735 3268 cum
750 3211 870 3284 [prime]
880 3211 891 3243 ⁸
903 3212 1031 3268 necdum
1044 3210 1131 3268 etatis
1141 3219 1238 3268 metes

164 3299 348 3357 excessisset
362 3302 484 3356 orbatus
498 3300 568 3372 [est]
578 3301 589 3332 ⁸
600 3299 783 3372 collegioque
796 3299 977 3372 regularium
991 3299 1167 3356 clericorum
1180 3315 1239 3356 vna

87 3403 157 3444 cum
166 3387 301 3460 genitore
312 3387 464 3456 sociatur¹,
475 3405 509 3444 ac
518 3388 581 3445 lere
589 3387 724 3444 octennis
732 3394 796 3443 erat
804 3403 871 3442 cum
881 3386 983 3443 militie
992 3385 1152 3459 spiritualis
1159 3396 1238 3460 tyro·
1254 3405 1285 3456 50

120 3491 215 3570 ¹3⁰⁰:
227 3493 301 3543 aeris.
385 3493 513 3544 ¹T.u1·ta
602 3492 660 3543 ¹cs.
672 3491 780 3554 Gregor.
794 3491 861 3542 Dial.
873 3493 904 3542 iv.
919 3507 955 3543 11.
1033 3491 1088 3542 ίΤ.
1102 3494 1238 3543 adnisum.

87 3557 342 3674 hirluini„

124 3681 184 3747 Hic
196 3699 305 3760 insignis
314 3698 398 3747 hostia
407 3715 472 3762 puer
480 3699 633 3760 immolatus,
644 3699 722 3762 Hugo
734 3698 783 3748 celi
794 3698 876 3760 gloria
884 3697 954 3747 celse
963 3705 1107 3758 coronatus,
1118 3697 1239 3748 A1udeis

86 3765 195 3829 perfidis
206 3765 294 3813 martir
304 3765 438 3826 cruciatus,
450 3765 561 3815 Nostros
573 3767 664 3814 reddat
674 3765 783 3828 placitos
796 3765 900 3814 Christo
910 3765 1052 3814 famulatus.
1085 3763 1115 3813 V.
1127 3763 1238 3813 Posuisti

86 3831 192 3881 domine
203 3845 283 3892 super
294 3845 314 3880 c.
329 3831 392 3880 eius.

123 3895 201 3958 Deus
213 3905 257 3966 qui
268 3905 372 3954 beatum
383 3919 490 3966 puemm
505 3904 644 3966 Hugonem
660 3904 789 3954 martirem
805 3911 882 3964 tuum,
895 3920 911 3952 a
923 3904 1009 3953 Iudeis
1021 3903 1047 3952 in
1059 3902 1240 3952 contumeliam

86 3979 113 4022 et
125 3971 291 4033 obprobrium
304 3970 402 4038 Christi
417 3971 504 4019 dilecti
520 3971 564 4018 filii
580 3969 617 4019 tui
632 3971 791 4031 crucifixum,
803 3970 904 4018 indiciis
917 3969 1096 4019 miraculorum
1108 3969 1240 4017 honorare
1308 3966 1313 3979 '

85 4037 209 4094 uoluisti;
226 4037 341 4085 concede
354 4036 428 4085 nobis
440 4037 537 4085 meritis
548 4037 604 4085 cius
619 4043 647 4084 et
662 4037 780 4098 precibus
796 4044 960 4098 peccatorum
976 4035 1078 4084 ueniam
1093 4041 1120 4083 et
1134 4033 1240 4096 gloriam

84 4110 287 4218 &Pelliteffltnm
292 4116 346 4216 11111
355 4166 450 4229 Magna
457 4165 517 4216 Vita
527 4167 562 4229 by
572 4167 664 4229 Adam,
678 4183 694 4216 a
704 4176 909 4230 contemporary,
923 4167 949 4214 in
962 4166 1017 4216 MS.
1032 4165 1118 4227 Digby
1129 4167 1175 4226 165
1187 4166 1239 4214 and

86 4235 162 4285 Paris
177 4235 242 4283 Bibl
253 4247 327 4294 5575,
341 4234 381 4282 ed.
394 4234 430 4295 by
442 4233 461 4282 1.
477 4233 503 4282 F.
519 4233 637 4294 Dimoclt,
650 4233 731 4282 Rolls'
745 4236 801 4282 Ser.
816 4235 886 4292 1864,
899 4249 931 4281 an
944 4231 1118 4281 abbreviation
1134 4231 1164 4280 oi
1177 4232 1195 4280 it
1212 4232 1238 4279 in

86 4303 138 4351 Pez
156 4301 220 4350 Bibl.
237 4301 348 4349 ascetica
361 4299 458 4349 Ratisb.
476 4299 842 4362 1733,X.389,Migne153;
859 4299 969 4347 another
985 4297 1028 4346 life
1044 4298 1070 4346 in
1086 4297 1175 4347 Surius
1191 4296 1239 4348 v1.

85 4369 150 4431 387;
167 4364 806 4428 ametricallilewased.byDimoclt,Linc.1860.
873 4363 883 4392 ⁸
899 4379 948 4414 om.
1016 4363 1027 4394 ⁰
1042 4363 1096 4415 Vit.
1105 4363 1227 4414 sociatus.
