3008 4904
263 321 336 395 250
574 299 705 386 timo
733 293 922 400 beamus
946 295 1099 400 autito

296 497 412 558 tileo.
434 499 471 556 vi.
519 485 717 556 Illucescente
748 497 836 572 igitur
866 515 981 567 aurora,
1011 497 1151 556 deserunt
1181 499 1219 556 ad
1250 497 1423 556 ecclesiam

262 586 403 643 exanime
433 603 568 660 prorsus,
591 595 624 644 vt
647 587 745 643 visum
773 595 820 643 est
849 585 903 655 eis,
928 603 1047 660 corpus,
1072 585 1198 660 ipsoque
1228 585 1346 643 interea
1381 589 1425 644 ad

263 673 456 746 sepulchrum
477 672 642 731 beatissimi
661 673 791 747 presulis
809 674 954 732 collocato
975 691 1068 747 supra
1086 683 1213 746 petram,
1230 675 1268 730 ad
1285 691 1424 746 precum

263 761 421 819 instantias
435 762 512 818 illico
525 779 559 819 se
572 771 758 818 conuertunt„
790 761 828 818 Et
840 779 910 820 ecce
923 778 993 818 mox
1007 761 1133 833 puerula
1145 761 1249 818 oculos
1261 761 1425 833 aperiens,

234 849 353 918 galacri
367 848 464 906 fronte
481 867 603 906 manum
622 866 694 922 erga
713 850 859 906 nutricem
878 850 1045 924 porrigens,
1064 849 1165 922 palam
1183 849 1324 905 omnibus
1341 850 1425 905 sub-

264 935 363 994 ridere
384 935 450 994 visa
474 945 529 994 est.
567 935 613 993 Ex
637 955 698 1010 quo
719 937 767 994 die
788 937 932 1011 paulatim
954 936 1070 1010 integre
1092 937 1318 1006 conualescens,
1337 937 1427 992 vixit
1492 999 1493 1023 ,

263 1021 389 1080 feliciter
412 1027 500 1081 annis
531 1022 642 1082 multis.
679 1023 755 1095 Quis
780 1043 852 1098 ergo
877 1023 934 1082 nisi
959 1023 1134 1082 incredulus
1159 1025 1326 1080 maximum
1352 1041 1423 1080 non
1492 1025 1493 1098 f

264 1111 392 1168 miretur
415 1112 602 1182 miraculum,
626 1113 664 1169 ad
695 1111 785 1186 gelidi
815 1111 973 1170 marmoris
1002 1121 1114 1168 tactum
1138 1110 1287 1168 animam¹
1313 1112 1425 1184 potius
1492 1101 1493 1176 ἶ

265 1199 373 1268 redire,
394 1217 484 1273 quam
505 1201 585 1273 ignis
606 1201 750 1258 naturalis
771 1201 890 1257 calore?
926 1199 989 1258 Sed
1008 1199 1066 1256 hoc
1087 1208 1183 1256 totum
1203 1217 1264 1255 non
1284 1199 1363 1255 alia¹
1386 1217 1425 1255 re

221 1305 252 1342 ro
265 1287 417 1344 credimus
441 1305 510 1344 esse
535 1287 655 1357 sactum,
680 1289 738 1345 nisi
768 1299 799 1346 vt
830 1287 1059 1344 manifestentur
1082 1305 1176 1360 opera
1202 1287 1261 1356 dei,
1285 1286 1426 1342 volentis
1492 1307 1493 1354 3

265 1374 426 1432 mirificare
444 1384 581 1432 sanctum
600 1393 696 1432 suum.

299 1463 323 1522 tl
342 1461 467 1532 Quando
494 1465 606 1536 festum
645 1463 737 1520 sandi
773 1462 921 1522 Osmundi
953 1462 1068 1520 sabbato
1102 1463 1254 1537 contigerit,
1288 1467 1358 1519 banc
1390 1463 1426 1517 in

265 1549 408 1606 dommim
437 1553 564 1623 sequenti
587 1551 721 1626 legantur
746 1552 796 1608 iste
820 1553 852 1608 vi
874 1551 1000 1607 lectiones
1024 1555 1055 1608 vt
1079 1557 1176 1624 supro,
1200 1552 1232 1606 iu
1256 1550 1364 1606 tribio:
1398 1554 1428 1604 et

257 1637 340 1712 fiant
362 1637 450 1694 medo
473 1638 598 1696 lectiones
621 1639 655 1696 do
674 1645 772 1696 sancto
792 1638 929 1698 Koubno
950 1657 1014 1712 rega
1034 1643 1060 1694 et
1078 1640 1202 1694 marrire.
1239 1636 1281 1694 Et
1298 1637 1425 1709 quondo

223 1739 251 1790 15
266 1725 409 1782 dominica
430 1744 449 1782 a
461 1729 538 1800 sesto
559 1729 708 1796 vomuerit,
727 1732 796 1783 tunc
813 1727 948 1800 legantur
969 1726 1095 1783 lectiom
1113 1743 1164 1782 sex
1180 1731 1211 1782 vt
1229 1732 1330 1798 supro,
1351 1741 1424 1782 cum

266 1815 433 1886 etposttone
450 1815 593 1888 euangelii
613 1813 729 1871 ‘Homo
750 1814 869 1888 quidam
891 1817 1023 1888 peregre,’
1044 1813 1088 1871 vel
1109 1813 1252 1887 euangelii
1277 1811 1425 1886 ’ἥξω

266 1901 336 1976 qm'a
348 1903 474 1972 mscirts,’
487 1906 512 1956 et
521 1903 656 1974 legantur
665 1902 782 1958 alternis
794 1901 907 1958 viatus.

301 1989 326 2050 ii
345 1988 450 2047 Ssxra
467 1989 538 2059 Dis,
554 1990 629 2046 lectio
640 1991 659 2046 i.
697 1977 780 2048 Cum
794 2007 833 2046 ex
850 1998 977 2062 angusto
993 1988 1111 2062 augusti
1127 1987 1248 2046 Cesaris
1264 1989 1362 2061 burgo
1380 1989 1422 2044 ad

267 2076 464 2150 spaci[os]um
489 2076 658 2134 amenitatis
682 2094 821 2151 campum
846 2076 1075 2135 sarisburiensis
1103 2076 1231 2134 ecclesia
1258 2093 1328 2132 cum
1355 2075 1423 2133 suis

224 2181 255 2217 ao
268 2165 421 2233 ministris,
434 2163 511 2221 sicut
525 2165 582 2221 deo
600 2165 721 2238 placuit,
736 2165 880 2222 translata
896 2174 950 2235 est,
963 2181 1074 2238 corpus
1092 2163 1214 2238 gloriosi
1233 2163 1423 2220 contessoris

268 2251 512 2325 Osmundi,quod
521 2253 668 2326 superiori
676 2253 741 2310 loco
751 2263 871 2310 centum
880 2253 1121 2325 acvigintiannis
1131 2252 1283 2309 miraculis
1292 2251 1422 2308 chorus·

269 2357 337 2398 cum
346 2338 500 2412 requieuit,
509 2349 651 2414 tanquam
661 2341 825 2415 precipuus
834 2341 972 2413 ipsorum
981 2341 1142 2398 thezaurus
1152 2358 1212 2397 non
1223 2349 1343 2412 poterat
1352 2346 1424 2412 post

268 2437 354 2500 terga
372 2427 509 2501 relinqui.
546 2427 596 2484 Ad
615 2429 699 2486 cuius
720 2429 851 2502 denique
870 2438 1099 2486 monumentum
1121 2445 1233 2484 nouum
1251 2425 1423 2499 vide[re]s'

270 2516 367 2572 indies
393 2533 430 2571 eo
458 2515 662 2588 frequentiora
686 2517 838 2586 miracula,
861 2534 921 2589 quo
946 2526 1052 2574 natura
1077 2517 1132 2574 loci
1158 2516 1195 2572 ad
1220 2514 1424 2582 consuetiora,

226 2621 255 2672 ²5
270 2604 300 2658 in
316 2603 449 2676 paruulis
466 2604 635 2676 presertim,
650 2614 682 2660 vt
698 2605 786 2662 sunt*
805 2605 922 2673 incauti,
937 2605 1115 2678 disponebat
1132 2603 1303 2660 infortunia.
1342 2601 1422 2657 Nam

270 2708 338 2748 cum
351 2699 437 2748 vetus
457 2691 529 2748 illud
548 2693 703 2749 castellum
721 2692 910 2766 superedita
927 2701 958 2750 et
976 2702 1117 2750 montana
1135 2691 1333 2748 fundamenta
1351 2707 1424 2763 pn)-

271 2777 400 2836 mineret
416 2781 618 2850 constitutum,
632 2780 687 2837 hec
700 2780 835 2853 proiecto
854 2780 973 2837 nouella
990 2780 1095 2838 ciuitas
1114 2778 1145 2836 in
1165 2779 1230 2835 loco
1249 2775 1423 2834 demissiori
1492 2779 1493 2782 ’

270 2874 301 2924 et
319 2884 442 2940 aquoso,
454 2866 545 2924 variis
563 2868 746 2925 torrentibus
764 2885 799 2924 ac
818 2867 918 2924 fluuiis
930 2867 1050 2925 vicatim
1067 2866 1213 2935 distincto,
1227 2865 1346 2923 notorie
1366 2865 1425 2922 sita

270 2954 395 3012 videtur.
433 2953 499 3011 Εὐ
512 2973 571 3028 quo
589 2955 784 3027 proculdubio
799 2973 1000 3029 sepenumero
1018 2955 1123 3013 accidit
1134 2965 1166 3012 vt
1180 2951 1425 3028 paruul[orum]⁸

226 3063 259 3113 30
272 3052 336 3100 etas
350 3042 449 3099 dubiis
462 3043 600 3116 exposita
612 3043 732 3100 casibus
745 3043 805 3101 vim
823 3043 864 3100 ibi
880 3061 1025 3116 aquarum
1038 3042 1256 3101 exundantium
1272 3040 1366 3098 etiam
1386 3042 1425 3098 ad

272 3131 432 3188 multorum
452 3131 495 3203 (vt
512 3130 611 3188 visum
630 3133 687 3202 est)
706 3129 860 3188 interitum
878 3130 1088 3189 miserabiliter
1100 3127 1320 3204 experiretur&
1360 3127 1425 3186 Sed

272 3219 298 3275 si
320 3217 468 3292 intelligas
491 3217 629 3291 quotiens
651 3218 708 3275 hoc
729 3218 890 3276 infortunio
909 3219 1031 3292 lapsos⁸
1048 3219 1143 3276 virtus
1162 3217 1250 3274 huius
1269 3216 1367 3273 sancti
1387 3216 1425 3273 ad

271 3306 363 3364 vitam
394 3305 593 3378 resuscitauit‚
624 3305 766 3364 fateberis
796 3307 886 3380 plane
913 3325 975 3364 non
1005 3325 1075 3364 esse
1104 3307 1293 3372 antelecturu,
1319 3304 1349 3361 id
1375 3303 1427 3361 alii

272 3403 443 3450 sanctorum
462 3396 571 3450 totiens
589 3394 758 3467 contigisse.

227 3498 259 3550 35
308 3480 424 3544 ilLect.
444 3483 473 3539 ii.
513 3469 596 3540 Puer
617 3482 738 3555 quidam
758 3484 838 3556 apud
863 3500 972 3540 nouam
996 3481 1198 3540 Sarisburiam
1222 3479 1254 3536 iu
1276 3479 1353 3548 vico,
1376 3481 1425 3536 cui

273 3585 384 3626 nomen
404 3578 450 3626 est
468 3569 698 3627 interminabilis
708 3571 751 3642 (l),
764 3570 878 3627 ssumen
892 3587 1019 3638 mersus,
1032 3587 1100 3626 cum
1113 3588 1154 3627 ex
1169 3567 1255 3641 aquis
1267 3568 1427 3624 leuabatur

273 3657 415 3716 inuentus
434 3667 479 3715 est
498 3657 564 3716 sine
582 3659 642 3714 vllo
661 3657 747 3732 signo
765 3659 834 3717 vite.
872 3658 951 3716 Hic⁹
967 3660 1004 3716 ad
1023 3659 1157 3714 tumbam
1176 3655 1253 3713 beati
1272 3654 1427 3712 Osmundi

274 3746 326 3817 (ita
339 3745 420 3802 enim
434 3747 471 3802 ab
483 3746 589 3803 incolis
601 3745 748 3820 appellari
760 3755 936 3804 consuetum
950 3756 997 3803 est
1005 3744 1038 3817 10)
1052 3745 1171 3803 circiter
1183 3745 1288 3800 horam
1303 3751 1427 3799 sextam

273 3843 343 3909 post
358 3833 516 3894 meridiem
534 3835 689 3904 adductus,
701 3835 856 3892 orantibus
873 3834 993 3891 interim
1011 3833 1115 3891 amicis
1127 3849 1224 3906 vsque
1240 3838 1309 3903 post
1327 3831 1427 3888 noctis

229 3943 262 3993 ⁴0
274 3923 407 3981 medium
433 3921 581 3980 exanimis
605 3922 703 3980 iacere
721 3924 805 3980 visus
830 3931 886 3980 est.
932 3922 1016 3979 Inter
1036 3921 1166 3995 primam
1190 3927 1292 3976 autem
1317 3917 1426 3976 horam

274 4021 384 4068 extunc
404 4020 433 4068 et
451 4011 626 4081 secundam,
645 4009 785 4067 exaudita
798 4019 846 4068 est
864 4010 957 4067 oratio
974 4007 1210 4084 deprecantium,
1227 4005 1295 4079 ipso
1312 4005 1427 4064 ibidem

275 4116 370 4172 puero
386 4099 447 4156 vite
466 4098 592 4173 pristine
609 4099 755 4157 restituto.
791 4099 880 4159 Alius
892 4116 1012 4173 quoque
1026 4095 1170 4172 puerulus
1188 4096 1317 4152 duorum
1336 4094 1427 4152 etatis

308 4229 316 4260 ¹
334 4231 385 4282 SB.
397 4231 483 4282 vitam.
597 4229 608 4259 ²
624 4229 653 4280 E.
666 4231 728 4281 alias
740 4231 905 4281 recredimus.
1014 4228 1025 4258 ⁸
1043 4229 1073 4280 E.
1084 4229 1186 4278 videns.
1295 4225 1306 4256 ⁴
1324 4225 1355 4276 E.
1366 4227 1428 4277 sint.

274 4295 284 4325 ⁵
301 4296 330 4347 E.
345 4297 385 4347 Et.
474 4299 485 4327 ⁸
502 4297 530 4348 E.
544 4297 664 4360 paruulis.
752 4295 762 4326 ¹
780 4297 810 4346 E.
822 4297 1010 4361 experirentur.
1098 4293 1108 4326 ¹
1125 4293 1155 4344 Ε.
1167 4291 1256 4357 lapsis.
1347 4291 1428 4344 ⁹813.

276 4362 354 4413 Hinc.
422 4361 440 4393 ¹⁰
457 4361 508 4414 SB.
527 4363 671 4414 consueuit.
