3042 4884
307 307 378 360 202
595 287 752 372 dnm
777 281 967 387 Momm
991 282 1141 386 fiuntc.

304 495 387 543 orate
403 485 559 542 dominum
576 505 652 560 puro
668 488 776 544 corde:
796 497 827 544 et
844 485 902 543 iam
920 486 1059 543 videbitis
1076 483 1222 542 mirabilia
1242 483 1323 542 eius!
1361 484 1492 542 Cum-

304 590 363 646 que
382 573 424 629 illi
444 575 730 647 appropinquarent,
749 583 779 630 et
801 573 874 630 nihil
893 573 1023 646 amphus
1043 582 1169 630 restaret
1192 572 1251 629 nisi
1269 581 1301 628 vt
1323 572 1491 645 quisque

305 675 391 716 suam
427 668 556 736 raperet,
587 679 658 718 ecce
688 678 780 735 sopor
810 661 922 719 domini
959 661 1060 718 statim
1091 659 1174 716 irruit
1205 677 1298 733 super
1327 677 1391 727 eos,
1437 671 1486 717 et

304 758 480 806 corruentes
504 749 591 822 proni
616 749 647 806 in
674 758 786 806 terram
812 749 1052 806 obdormierunt:
1072 756 1102 805 et
1128 765 1145 804 a
1169 747 1267 821 prima
1292 747 1368 802 hora
1394 748 1485 804 diei

276 855 289 906 5
304 835 409 907 quinte
417 835 492 893 serie
501 853 597 910 vsque
610 838 648 893 ad
662 853 772 894 nonam
782 838 910 910 septime
920 853 977 892 nec
990 853 1023 892 se
1037 844 1193 892 mouentes
1202 851 1257 890 nec
1267 833 1482 906 respirantes

303 923 389 994 quasi
415 923 536 996 penitus
561 923 669 980 mortui
694 924 858 981 iacuerunt.
894 923 1043 997 Appanrit
1067 931 1166 979 autern
1192 922 1317 994 angelus
1337 923 1481 978 domini

304 1025 413 1083 magna
439 1011 572 1068 claritate
592 1012 801 1084 resplendens,
822 1021 853 1068 et
872 1012 912 1068 ait
932 1011 1133 1066 Modwenne:
1153 1009 1317 1066 ‘Constans
1335 1019 1406 1065 esto
1434 1021 1478 1066 et

304 1113 360 1170 age
379 1098 575 1156 fiducialiter:
594 1109 625 1156 et
642 1099 742 1156 venite
761 1116 878 1156 mecum
898 1109 929 1155 tu
948 1108 978 1155 et
997 1097 1179 1154 Glunelach:
1198 1113 1351 1153 assumam
1371 1098 1476 1154 enim

303 1202 359 1242 vos
371 1195 401 1242 et
414 1187 572 1242 ostendam
585 1185 671 1243 vobis
683 1186 814 1243 archana
827 1187 884 1256 dei,
897 1195 928 1242 et
941 1187 1090 1242 horrenda
1105 1193 1134 1241 et
1145 1185 1365 1241 desideranda!
1404 1187 1475 1242 Ad

220 1282 229 1310 ‘
261 1271 380 1330 rohanc
399 1289 505 1330 vocem
520 1275 609 1330 ambo
627 1274 702 1346 rapti
721 1275 759 1330 de
776 1291 901 1346 corpore
917 1274 1036 1346 sequuti
1055 1282 1126 1329 sunt
1143 1272 1281 1344 angelum
1294 1271 1352 1328 dei.
1393 1273 1471 1341 Qui

303 1359 521 1416 demonstrauit
539 1362 584 1417 eis
601 1377 697 1433 penas
716 1361 823 1417 inferni
841 1371 871 1416 et
890 1360 1047 1417 horribiles
1065 1359 1221 1429 cruciatus,
1239 1360 1350 1415 deinde
1366 1363 1473 1432 quasi

303 1447 394 1502 sedes
411 1464 536 1503 amenas
553 1457 643 1521 atque
660 1447 815 1521 florigeras
832 1449 862 1504 in
880 1448 1029 1521 paradiso,
1044 1457 1074 1504 et
1092 1448 1258 1504 secundum
1275 1446 1471 1504 meritorum

303 1533 474 1606 qualitatem
506 1535 679 1592 mansiones
709 1536 846 1592 diuersas
876 1535 1029 1608 speciosas
1053 1535 1140 1591 valde
1171 1535 1223 1590 ac¹
1249 1535 1471 1591 delectabiles,

303 1621 439 1694 Cumque
458 1621 583 1678 vidisset
608 1621 771 1679 Glunelach
797 1622 875 1678 inter
895 1632 1012 1680 ceteras
1031 1639 1122 1679 vnarn
1144 1622 1400 1694 speciosissimam
1427 1633 1469 1679 et

261 1727 290 1778 ¹⁵
304 1717 420 1766 ceteras
444 1708 552 1766 decore
573 1719 603 1766 et
625 1710 845 1782 pulchritudine
871 1711 1093 1783 precellentem,
1112 1717 1142 1766 et
1165 1707 1407 1766 inenarrabiliter
1429 1711 1467 1765 ei

304 1797 473 1868 placuisset,
501 1796 616 1869 rogauit
643 1797 856 1854 Modwennam
886 1807 918 1852 vt
947 1797 1144 1869 interrogaret
1174 1796 1259 1852 cuius
1288 1805 1371 1852 esset
1403 1797 1465 1852 illa

303 1883 428 1940 mansio.
465 1883 504 1940 Et
528 1885 569 1940 ait
593 1883 642 1940 illa
665 1885 703 1940 ad
728 1885 889 1957 angelum:
915 1883 1061 1941 ‘Domine
1086 1883 1135 1953 mi,
1156 1883 1241 1940 cuius
1261 1892 1307 1939 est
1332 1885 1465 1940 mansio

304 1970 396 2028 heci'
441 1970 578 2044 Angelus
605 1972 778 2044 respondit:
810 1971 889 2030 ‘Ista
919 1972 1034 2028 mansio
1065 1981 1224 2044 preparata
1254 1978 1300 2026 est
1330 1973 1462 2027 cuidam

303 2057 442 2131 religioso
464 2058 596 2132 pontifici
622 2059 738 2115 Cheuin
760 2059 891 2128 nomine,
913 2059 965 2132 qui
986 2069 1103 2131 septem
1124 2075 1229 2126 annos,
1248 2058 1355 2115 viuens
1377 2059 1462 2114 satis

260 2169 291 2206 ao
303 2145 446 2216 districte,
467 2145 525 2202 iam
547 2146 692 2218 transegit
712 2148 742 2201 in
764 2145 905 2203 heremo²
926 2155 957 2203 et
977 2147 1035 2202 tale
1056 2145 1254 2202 habitaculum
1275 2145 1461 2202 eternaliter

303 2233 413 2289 menrit
431 2233 588 2306 possidere
606 2235 637 2289 in
655 2233 736 2290 celo.³
774 2233 843 2290 Hiis
858 2233 932 2290 visis
948 2235 985 2290 ad
1005 2250 1115 2306 corpus
1130 2243 1256 2306 vterque
1273 2235 1460 2304 regreditur,

303 2329 333 2376 et
366 2319 547 2378 hlodwenna
578 2331 694 2378 ceteros
724 2320 821 2378 adhuc
851 2321 1036 2378 dormientes
1065 2321 1213 2390 excitauit,
1243 2319 1364 2376 dicens:
1397 2320 1461 2376 ‘In

303 2409 426 2464 nomine
458 2418 560 2466 sancte
590 2409 738 2478 trinitatis,
757 2407 887 2480 surgite!
924 2408 1008 2464 Tunc
1034 2425 1141 2464 omnes
1167 2407 1378 2480 expergefacti,
1405 2425 1458 2464 se·

302 2495 411 2551 derunt
441 2512 534 2568 super
564 2495 670 2552 iaciem
700 2505 790 2564 terre,
821 2505 963 2569 tanquam
988 2496 1072 2552 obliti
1095 2495 1145 2552 vbi
1169 2505 1271 2552 essent
1294 2504 1344 2550 aut
1370 2498 1458 2552 vnde

260 2605 289 2657 ²5
302 2584 626 2640 venissent—nondum
657 2583 737 2641 enim
768 2584 882 2640 attoniti
907 2601 941 2642 se
965 2585 1104 2641 valebant
1127 2583 1327 2640 considerare.
1364 2581 1457 2638 Tunc

305 2668 469 2726 Glunelach
489 2671 526 2726 ad
540 2687 573 2726 se
586 2689 728 2728 reuersus
741 2672 778 2727 ad
792 2673 887 2743 pedes
904 2681 1005 2728 sancte
1017 2671 1140 2743 virginis
1157 2679 1323 2742 prostratus
1339 2671 1456 2726 corruit

303 2767 334 2813 et
354 2757 473 2813 veniam
491 2775 526 2814 ac
545 2757 780 2815 misericordiam
800 2758 953 2815 humiliter
969 2758 1138 2832 postulauit,
1158 2758 1280 2814 dicens:
1300 2756 1455 2814 ‘Domina

305 2861 373 2902 mea
394 2846 590 2917 sanctissima,
609 2847 732 2902 consule
754 2863 844 2902 seruo
864 2855 924 2913 tuo,
942 2845 1086 2902 auxiliare
1109 2845 1227 2912 misero,
1247 2844 1292 2901 sac
1311 2860 1361 2900 me
1380 2861 1455 2916 par-

303 2932 424 3006 ticipem
443 2933 492 2989 dei
510 2935 562 3003 tui,
580 2951 618 2990 ne
638 2933 789 2990 incurram
807 2950 902 3006 penas
919 2933 1027 2989 inferni
1043 2951 1118 3006 quas
1133 2933 1212 3001 vidi;
1232 2931 1359 3004 impetra
1376 2933 1454 2988 mihi

258 3044 290 3094 30
304 3022 383 3092 apud
397 3021 498 3094 ipsum
511 3023 650 3093 quatinus
667 3021 757 3076 talem
772 3021 802 3076 in
815 3021 878 3077 celo
896 3037 1013 3078 merear
1026 3021 1137 3077 habere
1152 3019 1338 3076 mansionem
1351 3020 1453 3091 qualis

303 3108 357 3165 tibi
382 3117 547 3166 monstrata
566 3117 612 3165 est
634 3125 703 3165 esse
722 3108 840 3165 cuidam
860 3108 975 3165 Cheuin
995 3108 1127 3181 pontifici
1148 3107 1178 3163 in
1198 3107 1356 3180 paradiso!
1393 3106 1452 3164 Cui

302 3195 371 3252 illa:
392 3196 443 3252 ‘Si
463 3205 550 3268 potes
574 3197 708 3264 credere,
731 3196 831 3252 omnia
855 3195 1007 3269 possibilia
1025 3205 1095 3252 sunt
1114 3194 1263 3252 credenti.’
1302 3193 1356 3248 llle
1376 3211 1452 3250 vero

303 3299 372 3338 cum
404 3282 553 3340 lachrimis
584 3283 674 3340 dixit:
702 3283 855 3354 ‘Credam
883 3283 1012 3353 domina,
1037 3299 1214 3356 quecunque
1244 3281 1391 3351 docueris,
1421 3293 1451 3338 et

302 3369 409 3426 faciam
440 3388 618 3443 quecunque
648 3371 838 3444 preceperis.'
873 3370 988 3427 Videns
1015 3379 1115 3427 autem
1142 3371 1198 3426 hoc
1224 3369 1338 3442 Alphin
1369 3369 1450 3426 lilius

257 3479 288 3531 35
304 3457 416 3514 sororis
441 3457 615 3528 Glunelach,
639 3469 670 3514 et
694 3459 732 3514 ad
755 3477 789 3516 se
812 3475 963 3529 reuersus,
984 3459 1112 3531 pedibus
1133 3457 1259 3529 virginis
1280 3465 1450 3528 prostratus

302 3544 397 3601 dixit:
418 3545 564 3602 ‘Domina
583 3562 658 3614 mea,
671 3547 747 3602 sicut
759 3546 865 3603 videro
877 3546 1057 3602 auunculum
1071 3562 1172 3602 meum
1191 3547 1273 3600 iuxta
1289 3543 1448 3601 consilium

302 3641 386 3688 tuum
399 3649 498 3706 agere,
508 3634 548 3689 ita
560 3651 616 3705 ego
630 3643 750 3706 paratus
763 3651 831 3690 sum
843 3633 895 3691 tibi
908 3651 963 3706 per
975 3633 1076 3690 omnia
1088 3634 1202 3706 absque
1214 3631 1449 3689 contradictione

303 3719 431 3777 fideliter
461 3721 601 3778 obedire!
638 3721 737 3778 Ceteri
768 3723 858 3790 enim,
888 3721 943 3778 arti
973 3720 1088 3794 magice
1119 3728 1224 3776 cuncta
1253 3719 1449 3788 ascribentes,

302 3825 416 3882 pauore
441 3807 575 3865 exterriti
600 3809 637 3864 ad
659 3809 836 3882 longinquas
857 3811 997 3882 regiones
1019 3809 1230 3876 discesserunt,
1250 3824 1305 3862 nec
1323 3807 1447 3865 vlterius

256 3921 289 3973 40
302 3897 333 3953 in
358 3897 492 3970 partibus
512 3895 570 3952 illis
589 3896 727 3968 cuiquam
749 3914 858 3954 nocere
879 3905 1136 3970 presumpserunt
1174 3895 1355 3951 Modwenna
1376 3909 1446 3952 vero

302 4003 428 4058 corpora
457 3995 628 4042 sanctorum
658 3984 688 4039 in
719 3985 901 4041 monasterio
924 4003 979 4041 suo
1003 3983 1149 4057 sepeliuit,
1174 3991 1204 4040 et
1230 3981 1394 4039 Glunelach
1419 3993 1446 4040 et

302 4073 419 4146 Alphin
450 4072 611 4130 instructos
636 4072 668 4128 in
693 4071 753 4129 fide
783 4071 946 4145 baptizari³
975 4071 1054 4142 iecit,
1086 4081 1115 4128 et
1145 4069 1239 4127 literis
1269 4071 1445 4128 imbuendos

302 4161 429 4218 tradidit
467 4160 526 4231 Qui
545 4162 575 4216 in
594 4160 701 4218 timore
720 4159 769 4218 dei
787 4160 990 4234 proficientes,
1002 4169 1033 4218 et
1049 4157 1181 4234 episcopi
1200 4156 1277 4228 facti,
1292 4157 1359 4214 dies
1376 4177 1444 4218 suos

451 4343 460 4374 ²
476 4343 505 4392 T.
517 4358 562 4405 ac;
579 4343 607 4394 E.
620 4350 653 4394 et
785 4340 795 4371 ¹
811 4343 841 4395 E.
854 4343 960 4394 benuo.
1092 4343 1102 4372 ⁸
1119 4341 1148 4392 E.
1160 4341 1298 4404 baptizare.
