3036 4878
252 289 326 378 674
688 278 889 381 duumuir
918 279 969 356 11.

251 485 382 539 abbatem
395 494 423 539 et
436 485 590 540 monachos
603 484 631 540 in
646 497 763 555 utraque
776 485 853 540 curia
865 479 1004 553 angli[c]a
1015 491 1044 538 et
1056 481 1084 537 in
1097 481 1173 536 curia
1186 499 1306 537 romana
1318 484 1411 538 variis

251 567 390 637 dampnis,
402 569 612 637 grauaminibus
624 577 652 624 et
667 568 798 638 expensis
811 583 895 638 supra
913 566 1027 621 modurn
1041 564 1216 635 inquietauit.
1255 566 1411 627 (Pn'nrrrnr

245 651 418 720 grauatum)
439 652 534 704 Primo
555 651 631 706 enim
655 651 733 706 fiuxit
751 652 884 706 abbatem
904 660 932 705 et
952 659 1122 704 conuentum
1143 648 1233 702 sancti
1254 649 1407 704 Edmundi

251 733 279 788 in
305 734 413 802 synodo
440 734 515 804 apud
545 733 706 789 Norwicum
737 743 765 788 et
797 733 989 804 Gippewicum
1018 731 1167 799 celebrato,
1192 748 1267 787 anno
1297 734 1407 789 domini

223 837 236 887 5
252 823 297 870 2¹⁰.
309 827 376 871 coc.
385 816 470 886 xiiiij,
490 818 635 888 quoddam
656 818 816 872 subsidium
837 833 887 870 sex
904 817 1088 870 denarrbrsrm
1107 817 1141 869 de
1159 815 1286 884 qualibet
1305 833 1409 872 marcar

251 899 387 955 bonorum
406 917 529 969 suorum,
543 900 625 956 simul
644 918 708 956 cum
726 900 789 956 aliis
806 899 872 954 viris
890 898 1086 954 ecclesiasticis
1104 915 1154 953 sue
1172 898 1302 964 diocesis,
1314 901 1407 968 gratis

249 982 302 1038 sibi
322 983 505 1049 concessisse,
517 1001 553 1039 ac
570 984 598 1038 in
618 985 709 1053 ipsum
728 993 756 1038 et
776 1001 854 1038 suam
874 981 1108 1047 iurisdiccionem,
1121 982 1214 1050 quoad
1230 983 1406 1038 ecclesiasti-

250 1083 347 1122 carum
373 1083 554 1122 censurarum
575 1067 813 1131 fulminacionem,
833 1066 861 1120 in
880 1064 1009 1136 personis
1028 1065 1183 1120 eorundem
1205 1065 1232 1118 in
1255 1082 1324 1119 casu
1347 1083 1407 1136 quo

249 1149 357 1204 dictum
375 1150 532 1206 subsidium
551 1151 603 1206 sibi
624 1167 681 1206 non
700 1150 889 1220 persoluerent
912 1149 940 1202 in
962 1147 1088 1203 terminis
1109 1147 1218 1202 adhoc
1239 1147 1405 1218 assignatis,

209 1253 239 1289 ro
252 1233 447 1290 consensisse:
462 1234 608 1304 ipsamque
621 1233 792 1290 solucionem
801 1231 1048 1301 contemptibiliter
1057 1230 1183 1286 omisisse
1193 1242 1221 1284 et
1231 1233 1406 1297 retardasse,

251 1325 279 1371 et
302 1315 403 1372 iecisse
428 1320 464 1372 ab
489 1317 551 1372 aliis
575 1318 711 1372 retardari
722 1333 938 1388 r-quamquam
959 1315 1066 1370 nullum
1088 1314 1289 1384 premissorum
1310 1317 1405 1372 iuerat

250 1415 347 1452 verum
363 1409 405 1454 set
422 1400 499 1454 omni
517 1410 643 1456 caruerat
659 1401 783 1456 veritate
824 1401 874 1466 (ΞΝ
882 1396 1056 1470 grauamerrl
1075 1397 1189 1452 Deinde
1207 1399 1356 1454 mandauit
1374 1411 1405 1456 et

250 1481 358 1536 moneri
370 1482 435 1537 iecit
448 1484 579 1539 abbatem
593 1495 620 1538 et
633 1495 801 1539 conuentum
815 1483 904 1538 sancti
915 1480 1058 1537 Edmundi
1068 1497 1102 1536 ac
1111 1481 1235 1550 singulos
1248 1482 1403 1540 officiarios

250 1563 375 1618 eiusdem
388 1564 461 1620 inira
472 1567 672 1622 monasterium
685 1585 775 1634 suum,
788 1577 815 1622 et
829 1575 926 1621 contra
943 1563 1089 1635 priuilegia
1106 1581 1165 1630 sua,
1177 1565 1215 1618 ad
1231 1565 1403 1622 soluendum

208 1664 237 1714 ¹5
251 1647 303 1702 sibi
327 1647 363 1718 xij
386 1648 516 1704 denarios
541 1651 576 1704 de
600 1651 725 1721 qualibet
755 1667 851 1704 marca
876 1647 1002 1703 omnium
1026 1648 1164 1702 bonorum
1188 1665 1303 1702 suorum
1327 1649 1403 1704 inira

250 1730 450 1786 norwicensem
462 1732 599 1788 diocesim
612 1734 805 1800 existendum,
819 1733 891 1787 infra
903 1732 1018 1786 breuem
1030 1731 1188 1798 terminum,
1201 1733 1254 1786 sub
1266 1733 1402 1801 grauibus

251 1814 331 1884 penis
353 1825 381 1870 et
400 1815 539 1882 censuris3
568 1827 694 1886 pretextu
719 1815 865 1872 cuiusdam
891 1814 1003 1869 alterius
1028 1813 1150 1884 pratensi
1171 1814 1300 1881 subsidii,
1324 1818 1403 1886 quod

249 1907 343 1952 tamen
361 1915 413 1954 nec
432 1915 558 1954 summus
572 1901 698 1969 pontifex
716 1900 752 1954 de
770 1899 915 1970 exemptis,
928 1914 981 1952 nec
1000 1897 1060 1966 ipse
1078 1896 1167 1951 abbas
1179 1898 1224 1951 vel
1243 1911 1403 1956 conuentus

250 1997 384 2052 umquam
401 1981 453 2036 sibi
472 1983 674 2038 concedebant.
709 1982 759 2051 (3²²
767 1981 942 2053 grauatum)
957 1980 1055 2036 Tercio
1067 1979 1173 2034 moneri
1186 1980 1252 2035 lecit
1265 1983 1401 2038 abbatem

207 2081 238 2118 ao
251 2065 340 2119 sancti
355 2065 498 2120 Edmundi
516 2065 568 2120 sub
584 2083 658 2135 pena
671 2064 978 2128 excommunicacionis,
992 2063 1117 2118 similiter
1135 2075 1233 2118 contra
1252 2065 1402 2136 priuilegia

250 2163 308 2214 sua,
321 2148 397 2218 quod
416 2147 444 2202 in
464 2149 632 2204 monasterio
649 2165 708 2214 suo,
722 2148 836 2219 capellis
853 2159 881 2203 et
899 2146 1025 2202 ecclesiis
1042 2147 1247 2218 parochialibus
1266 2150 1402 2204 abbatem

252 2229 383 2286 Ramesie
412 2231 594 2288 denunciaret
627 2233 902 2288 excommunicatum
912 2229 928 2299 ¹,
959 2229 1102 2300 ipsiusque
1135 2241 1308 2286 conuentum
1340 2249 1400 2288 sus-

251 2329 377 2382 pensum,
397 2324 424 2369 et
444 2315 643 2370 monasterium
664 2315 851 2382 interdictum,
872 2324 986 2384 propter
1009 2312 1166 2368 subsidium
1187 2330 1245 2368 non
1267 2317 1401 2372 solutum.

251 2396 316 2463 Quo
335 2408 470 2454 renuente
490 2407 518 2454 et
538 2400 704 2468 appellante,
723 2397 1006 2469 excempcionemque
1024 2396 1224 2466 pretendente:
1243 2397 1320 2453 idem
1339 2400 1401 2469 epi-

206 2496 236 2548 ²5
251 2495 361 2549 scopus,
375 2479 426 2546 (4¹¹¹
435 2481 608 2551 grauamen)
623 2483 760 2551 Quartum
773 2497 925 2550 grauamen
938 2479 1072 2546 adiciens,
1081 2480 1186 2534 monuit
1199 2481 1315 2536 clericos
1327 2499 1402 2553 quos

249 2561 339 2616 abbas
361 2563 457 2618 habuit
477 2563 652 2620 consiliarios
673 2575 701 2619 et
722 2565 906 2630 comumnes,
926 2563 955 2618 in
980 2562 1106 2618 ecclesiis
1131 2563 1188 2618 suis
1212 2564 1401 2622 residenciam

248 2645 341 2700 iacere
353 2647 536 2715 personalem,
547 2657 576 2700 ut
590 2647 706 2702 consilio
717 2648 808 2702 nudus
821 2647 878 2702 suis
890 2645 1003 2700 monitis
1011 2645 1143 2700 obediret.
1167 2645 1401 2718 (smgrauamen)

249 2727 314 2783 Alia
326 2727 387 2783 vice
406 2729 546 2798 predictus
564 2730 712 2800 episcopus
723 2731 855 2786 abbatem
873 2739 900 2784 et
917 2738 1088 2784 conuentum
1106 2729 1185 2784 citari
1204 2732 1352 2787 mandauit
1370 2743 1401 2788 et

248 2811 315 2868 iecit
335 2813 441 2867 moneri
463 2829 514 2882 per
532 2813 648 2868 clericos
667 2813 753 2884 ipsius
773 2813 885 2868 abbatis
907 2811 935 2866 in
956 2811 1125 2866 monasterio
1143 2814 1232 2868 sancti
1254 2815 1401 2872 Edmundi

204 2913 238 2964 ³⁰
250 2906 348 2951 contra
365 2895 512 2966 priuilegia
524 2913 582 2962 sua,
596 2897 643 2950 vbi
655 2897 761 2952 nullam
774 2895 871 2950 habuit
884 2894 1114 2959 iurisdiccionem,
1126 2896 1164 2949 ad
1177 2901 1399 2967 comparendum

249 2995 344 3035 coram
368 2979 429 3050 ipso
452 2989 480 3034 et
505 2981 542 3035 ad
573 2980 763 3036 exhibendum
787 2990 815 3034 et
838 2979 1042 3034 ostendendum
1066 2977 1119 3033 sibi
1148 2979 1295 3050 priuilegia
1316 2999 1402 3053 super

249 3063 431 3134 exempcione
447 3079 498 3118 sua
514 3073 542 3118 ct
558 3063 720 3118 monasterii
736 3062 787 3118 sui.
824 3065 876 3133 (6⁸¹
889 3060 1062 3134 gravamen)
1091 3063 1169 3116 idern
1187 3063 1338 3134 episcopus
1356 3067 1400 3136 vj·

249 3144 311 3200 vice
330 3147 442 3216 propria
465 3163 551 3201 manu
572 3163 623 3201 sua
644 3147 786 3218 quoddam
808 3145 1029 3216 procuratorium
1050 3147 1237 3214 procuratoris
1257 3147 1399 3204 dictomm

248 3227 359 3284 abbatis
377 3238 406 3284 et
426 3239 588 3298 mnuentus,
608 3231 644 3284 de
663 3247 750 3285 manu
771 3229 857 3300 ipsius
878 3228 1072 3300 procuratoris,
1093 3228 1121 3283 in
1142 3229 1269 3284 manerio
1289 3249 1340 3286 suo
1361 3234 1399 3288 de

203 3327 234 3376 35
250 3311 375 3366 Baketon
389 3314 525 3382 quasdam
538 3313 744 3383 appellaciones
761 3323 913 3382 conceptas
930 3328 1014 3381 super
1031 3311 1113 3366 dictis
1131 3313 1342 3380 grauaminibus
1361 3319 1399 3372 ad

247 3393 344 3448 sedern
356 3395 539 3464 apostolicam
551 3396 605 3450 sibi
621 3396 744 3466 legitime
760 3395 938 3462 notificantis,
951 3394 1085 3450 violenter
1102 3394 1215 3451 abstulit
1227 3407 1257 3450 et
1268 3414 1356 3466 penes
1368 3417 1400 3455 se

247 3475 379 3543 retinuit;
408 3479 501 3546 palam
523 3479 674 3534 ostendens
695 3479 763 3550 quid
783 3480 875 3534 iacere
893 3478 1025 3534 voluisset
1044 3477 1072 3532 in
1091 3494 1158 3532 casu
1177 3495 1233 3548 quo
1251 3481 1399 3552 priuilegia

247 3560 434 3629 exempcionis
457 3561 581 3631 predicte
600 3563 653 3617 sibi
673 3562 796 3618 exhibita
819 3561 982 3617 extitissent.
1020 3561 1070 3628 (7·
1085 3563 1259 3632 gramen)
1293 3565 1399 3621 Iterum

247 3643 326 3698 citari
346 3643 411 3698 iecit
431 3645 545 3699 eosdem
565 3645 746 3700 abbatemet
767 3655 936 3700 conuentum
960 3645 988 3698 in
1012 3643 1182 3699 monasterio
1206 3646 1335 3716 predicto
1360 3649 1397 3704 ad

203 3747 236 3799 40
248 3725 435 3781 exhibendum
455 3737 482 3782 et
503 3728 709 3782 ostendendum
735 3728 880 3798 priuilegia
900 3745 950 3784 sua
968 3725 1206 3796 appellacionibus
1224 3745 1323 3785 eorum
1341 3749 1398 3788 non

248 3808 434 3877 obstantibus;
451 3811 557 3865 eisdem
568 3811 596 3864 in
606 3808 789 3880 huius[modi]
800 3810 943 3867 mandatis
951 3827 985 3865 ac
992 3809 1194 3865 municionibus
1205 3811 1262 3866 suis
1274 3816 1399 3882 grauiter

248 3893 454 3960 comminando,
468 3905 497 3949 vt
514 3911 562 3948 eos
578 3893 617 3948 sic
635 3895 815 3964 compulisset
831 3894 977 3950 recessisse
994 3910 1013 3946 a
1030 3892 1160 3947 remediis
1173 3895 1398 3964 appellacionum
1492 3907 1497 3924 *

248 3993 368 4032 suarum.
406 3979 456 4046 (8¹
464 3977 637 4048 grauamen)
660 3979 731 4032 Item
751 3994 814 4032 curn
834 3976 974 4046 predictus
992 3976 1081 4030 abbas
1100 3984 1128 4029 et
1149 3975 1250 4045 singuli
1270 3980 1313 4034 sui
1336 3999 1398 4052 pre·

248 4061 407 4116 decessores
425 4060 584 4115 fuissentin
606 4060 779 4132 possessione
798 4059 915 4129 pacifica
937 4059 1002 4114 iuris
1021 4057 1185 4114 licenciandi
1204 4076 1397 4135 quoscumque

202 4159 234 4208 45
247 4143 393 4214 episcopos
414 4144 568 4198 catholicos
592 4145 629 4198 ad
654 4143 852 4198 conserendum
876 4159 971 4198 sacros
991 4141 1104 4196 ordines
1124 4153 1152 4196 et
1174 4159 1230 4196 non
1252 4162 1348 4202 sacros
1368 4148 1396 4204 in

246 4227 416 4281 monasterio
432 4226 523 4281 sancti
543 4226 687 4282 Edmundi
702 4237 731 4282 et
746 4227 774 4280 in
791 4225 915 4282 ecclesiis
932 4225 988 4280 suis
1005 4224 1075 4280 inira
1090 4241 1185 4280 cruces
1203 4230 1349 4286 monachis
1366 4243 1395 4286 et

533 4371 539 4398 ¹
560 4371 614 4420 MS.
626 4372 849 4422 excommunicaret
861 4371 1107 4423 excommunicatum.
