3054 4904
316 300 384 390 ¹56
623 294 753 382 muta
779 289 969 396 lituum
993 291 1146 396 staffile.

311 501 458 568 potestate
478 492 566 550 buius
585 492 731 551 liberaret.
769 493 850 551 Dum
867 495 922 552 hec
942 495 1093 568 cogitaret,
1106 492 1246 552 inimicus
1264 493 1316 552 ille
1328 495 1464 562 accessit,
1507 541 1508 574 ,

310 591 341 638 et
355 590 463 638 tenens
479 581 611 654 gladium
630 583 752 654 igneum
769 581 959 638 membratim
975 581 1076 639 diuisit
1093 599 1172 651 eum,
1191 583 1312 655 singula
1328 585 1465 639 membra

311 668 416 742 parieti
429 670 615 741 appendens.
641 668 812 726 Nouissime
824 678 913 742 caput
925 669 991 726 eius
1004 686 1071 726 cum
1085 669 1179 726 torto¹
1192 670 1302 726 malleo
1315 670 1463 726 contriuit.

312 757 350 814 Et
361 775 432 814 ecce
444 757 542 813 subito
555 765 676 814 sanctus
691 755 828 814 Macutus
841 755 1007 814 adueniens
1024 755 1174 814 diabolum
1187 757 1311 830 expulit,
1326 760 1464 814 membra

283 844 413 914 ,somnia
431 843 653 916 redintegrauit,
672 853 702 900 et
728 843 882 900 hominem
901 843 1019 901 sanitati
1039 833 1314 902 restituit—Die
1334 846 1463 918 quadam

311 941 433 990 sanctus
447 931 584 990 Macutus
597 949 665 988 cum
678 931 741 988 suis
754 932 908 1005 discipulis
920 933 951 989 in
971 949 1076 1006 agrum
1095 949 1186 990 causa
1204 933 1329 1006 putandi
1343 933 1463 990 vineam

311 1037 451 1094 pergens,
476 1035 582 1092 capam
607 1018 637 1076 in
663 1021 792 1092 quodam
817 1019 905 1077 vinee
929 1020 994 1076 loco
1018 1019 1166 1093 deposuit.
1211 1020 1337 1078 Peracto
1364 1031 1464 1078 autern
1508 1025 1509 1090 l

310 1108 412 1164 labore
432 1125 500 1164 cum
522 1107 613 1164 vellet
634 1124 740 1180 capam
760 1108 930 1178 reinduere,
950 1107 1106 1164 inuentum
1126 1116 1172 1164 est
1192 1107 1223 1164 in
1244 1126 1281 1165 ea
1305 1108 1464 1165 cuiusdam
1508 1109 1509 1112 ’

311 1195 425 1252 auicule
444 1213 544 1252 ouum.
581 1194 649 1265 Quo
668 1195 796 1268 cognito,
809 1197 855 1252 vir
874 1195 923 1252 dei
941 1195 1093 1268 prohibuit
1110 1195 1320 1252 indumentum
1339 1198 1382 1252 de
1401 1198 1465 1253 loco

268 1303 298 1338 ro
311 1283 444 1340 amoueri
454 1283 473 1351 ²,
486 1283 581 1340 donec
594 1299 667 1339 suos
685 1283 801 1340 anicula
816 1283 915 1356 pullos
932 1283 1114 1340 excluderet.
1152 1283 1276 1340 Interim
1293 1301 1369 1340 vero
1385 1285 1466 1340 nulla

311 1373 389 1428 aeris
405 1371 600 1446 intemperies
614 1371 663 1427 vel
678 1371 780 1444 pluuia
797 1371 897 1445 ipsum
914 1371 991 1428 sacri
1009 1371 1140 1445 presulis
1158 1371 1377 1428 vestimentum
1397 1390 1464 1430 con·

311 1459 474 1516 taminauit.

446 1688 472 1750 ll
492 1675 547 1746 De
565 1703 680 1746 sancto
701 1675 874 1744 Mamomo
894 1703 1038 1744 srrscoro
1057 1705 1094 1744 rr
1112 1685 1325 1745 conrassona.³

367 1808 484 1866 Anctus
508 1807 681 1881 Maglorius,
703 1807 789 1881 quasi
816 1809 964 1881 ‘magna⁴
982 1807 1094 1881 gloria,'
1122 1807 1229 1864 merito
1255 1807 1307 1864 tali
1333 1807 1466 1880 refulget

402 1896 533 1966 nomine,
555 1896 636 1969 quod
660 1895 818 1968 acquisiuit
842 1895 873 1952 in
894 1913 996 1969 opere.
1035 1895 1094 1952 Hic
1118 1896 1149 1952 in
1175 1895 1281 1952 Maiori
1308 1894 1466 1952 Britannia

268 2001 278 2036 ι
283 2005 298 2054 5
312 1983 465 2054 oriundus,
478 2001 590 2058 genere
609 1983 787 2057 spectabilis,
801 1983 897 2040 sancti
916 1983 1097 2057 Sampsonis
1116 2001 1240 2042 consors
1258 1983 1365 2040 extitit.
1404 1985 1465 2054 Qui

311 2069 401 2126 etiam
427 2070 578 2126 decedens
606 2085 675 2125 eum
701 2067 732 2124 in
757 2067 932 2140 episcopatu
963 2067 1099 2125 dolensi⁵
1126 2067 1183 2125 sibi
1215 2067 1368 2126 constituit
1395 2087 1465 2124 suc-

311 2174 472 2214 cessorem.
508 2155 567 2212 Vbi
592 2173 660 2212 cum
685 2155 898 2229 spectabilibus
924 2155 1112 2212 documentis
1136 2156 1225 2213 simul
1252 2165 1281 2213 et
1309 2156 1466 2229 exemplis

310 2245 498 2312 enitesceret,
518 2243 644 2317 angelus
664 2243 693 2301 ei
715 2244 745 2300 in
767 2243 904 2317 sompnis
929 2243 1066 2317 apparuit
1091 2261 1222 2317 eumque
1246 2245 1404 2300 admonuit
1430 2255 1463 2302 vt

310 2333 501 2406 pontificatus
532 2331 662 2390 culmine
692 2331 803 2400 relicto,
829 2332 867 2388 ad
892 2331 1062 2389 remotioris
1089 2332 1147 2389 loci
1172 2332 1293 2389 latibula
1318 2349 1464 2405 pergens,

267 2444 298 2479 20
310 2421 473 2478 solitariam
495 2419 586 2478 vitam
606 2421 737 2488 duceret,
756 2429 788 2476 vt
809 2420 1024 2478 monachorum
1046 2437 1170 2494 gregem
1196 2437 1334 2493 pascens,
1354 2421 1464 2478 laudes

311 2509 424 2566 domini
455 2507 592 2566 licentius
623 2507 797 2565 celebraret.
834 2507 892 2578 Qui
917 2507 1148 2582 expergefactus
1172 2507 1282 2580 gratias
1307 2507 1369 2579 egit
1395 2511 1465 2576 deo,
1511 2527 1512 2556 l

311 2607 341 2654 et
355 2597 528 2654 mandatum
542 2595 654 2652 domini
667 2595 819 2669 impleuit;
833 2605 863 2652 et
876 2595 1026 2653 miraculis
1039 2595 1141 2652 multis
1151 2595 1271 2652 effulsit
1320 2583 1463 2669 Quidam

311 2701 414 2742 comes
434 2685 573 2758 leprosus
594 2683 705 2740 lamam
727 2683 793 2740 eius
815 2683 949 2752 audiens,
971 2692 1003 2740 et
1026 2685 1065 2740 ad
1089 2701 1159 2740 eum
1181 2683 1316 2752 veniens,
1338 2683 1464 2756 plenam

311 2773 469 2830 sanitatem
494 2772 532 2828 ab
556 2789 592 2828 eo
614 2771 735 2844 recepit.
773 2770 873 2828 Huius
892 2780 1042 2828 terrarum
1066 2771 1238 2844 magnitudo
1258 2769 1368 2844 triplici
1391 2791 1465 2829 con·

267 2885 296 2934 ²⁵
311 2861 461 2920 tinebatur
484 2858 652 2916 diuisione:
692 2875 822 2932 quarum
846 2877 936 2917 vnam
962 2877 1023 2916 non
1049 2859 1198 2932 integram
1223 2859 1278 2915 sed
1306 2858 1465 2916 dimidiam

310 2951 398 3006 beato
416 2947 563 3022 Maglorio
581 2946 705 3003 contulit
723 2946 754 3002 in
774 2963 909 3004 munere.
947 2945 1012 3004 Has
1032 2955 1132 3004 autem
1154 2944 1318 3003 diuisiones
1338 2947 1466 3019 copiosa

311 3037 469 3094 multitudo
481 3035 590 3102 auium,
603 3052 662 3107 que
676 3034 751 3091 mire
764 3033 977 3108 magnitudinis
995 3045 1025 3092 et
1042 3034 1167 3107 pulchre
1184 3043 1277 3104 erant,
1290 3032 1466 3107 frequenta·

310 3124 400 3192 bant;
428 3131 552 3194 captura
576 3135 695 3192 quoque
720 3117 849 3191 piscium
880 3117 1077 3175 abundabat⁸.
1126 3117 1256 3190 Contigit
1282 3134 1363 3190 ergo,
1393 3137 1465 3176 cum

310 3211 417 3266 beatus
449 3207 612 3282 Maglorius
642 3206 812 3279 portionem
839 3223 925 3263 suam
955 3215 1154 3279 penetrasset,
1179 3215 1211 3262 vt
1235 3206 1333 3262 omnis
1357 3208 1466 3265 auium

265 3322 298 3372 30
311 3307 340 3356 et
364 3295 491 3370 piscium
516 3292 672 3368 congeries
693 3311 753 3367 que
776 3293 862 3351 alteri
883 3293 1051 3350 medietati⁷
1074 3291 1191 3350 comitis
1212 3291 1315 3363 inerat,
1338 3292 1466 3367 lugam⁸

311 3385 398 3442 iniret
409 3393 439 3440 et
452 3383 546 3441 sancti
559 3389 675 3456 partem
688 3390 853 3454 expeteret
887 3381 975 3451 Quod
987 3398 1065 3438 vxor
1076 3379 1193 3438 comitis
1205 3381 1337 3452 grauiter
1349 3379 1466 3450 ferens,

310 3472 338 3530 ei
352 3471 445 3529 suasit
461 3481 492 3528 vt
508 3471 589 3528 illam
608 3469 783 3528 vendicaret
802 3468 868 3540 sibi,
888 3478 918 3526 et
936 3468 1060 3526 alteram
1075 3466 1220 3542 Maglorio
1235 3468 1328 3524 daret.
1366 3467 1466 3528 Cuius

310 3561 360 3617 ille
374 3559 596 3633 suggestionem
607 3575 737 3631 nequam
750 3575 823 3614 mox
836 3555 1013 3630 suscipiens,
1024 3557 1104 3629 quod
1117 3573 1178 3612 non
1191 3555 1293 3612 debuit
1305 3555 1464 3628 expleuit:

311 3647 446 3720 factaque
465 3645 611 3719 nepharie
629 3644 869 3702 commutationis
885 3643 1098 3714 controuersia,
1112 3643 1208 3700 subito
1228 3660 1302 3700 aues
1315 3651 1346 3700 et
1359 3643 1466 3716 pisces

265 3759 296 3812 35
310 3737 348 3794 ab
357 3736 406 3793 illa
415 3743 499 3808 parte
514 3733 628 3807 [quarn]
640 3733 650 3765 ⁹
662 3750 765 3790 comes
778 3749 868 3789 auare
882 3740 985 3788 sancto
997 3731 1061 3788 viro
1072 3731 1258 3804 surripuerat
1268 3745 1466 3790 recesserunt

310 3833 340 3882 et
362 3841 433 3880 mox
452 3824 490 3880 ad
510 3821 665 3880 dominum
687 3837 776 3877 suum
800 3819 982 3894 Maglorium
1002 3818 1115 3875 reuersi
1135 3827 1213 3876 sunt.
1249 3817 1335 3874 Tunc
1355 3837 1465 3879 comes

310 3915 391 3988 apud
412 3930 447 3970 se
471 3909 638 3985 penitentia
657 3909 772 3977 ductus,
790 3917 947 3980 utramque
966 3915 1083 3980 partem
1102 3915 1206 3962 salicto
1227 3903 1372 3977 Maglorio
1392 3925 1465 3966 con·

310 4001 417 4072 cessit;
437 4009 467 4058 et
489 4007 559 4056 tunc
583 3996 684 4054 auium
709 4005 739 4052 et
764 3995 892 4069 piscium
915 3995 1036 4068 agmina
1059 4003 1215 4067 utramque
1239 4001 1358 4065 partem
1383 3995 1466 4054 sicut

309 4100 379 4148 ante
410 4089 612 4162 repleuerunt.
703 4071 847 4157 Cumque
870 4083 956 4156 virgo
983 4091 1065 4140 esset
1089 4081 1137 4139 hic
1161 4089 1284 4148 sanctus
1309 4081 1348 4138 ab
1373 4093 1465 4142 vtero

343 4226 350 4256 ¹
369 4224 398 4275 T.
411 4225 501 4274 dordo.
578 4221 588 4252 ¹
606 4222 635 4272 T.
648 4221 676 4272 E.
689 4222 836 4272 ammoneri.
913 4219 924 4249 ⁸
940 4219 965 4269 A
976 4219 1045 4269 brief
1052 4225 1151 4268 extract
1162 4217 1228 4268 from
1240 4219 1284 4267 the
1295 4218 1358 4270 Vita
1368 4220 1394 4269 in
1410 4221 1464 4271 tta·

309 4291 388 4342 billon
402 4291 421 4340 l.
433 4307 483 4353 ⁹09
495 4289 558 4355 (and
571 4287 680 4350 Sarius).
779 4287 788 4318 ⁴
805 4287 856 4336 vie
868 4301 984 4348 magnus.
1073 4285 1084 4315 ⁸
1099 4285 1129 4336 T.
1143 4284 1172 4334 E.
1184 4285 1291 4335 dolenti.
1382 4284 1392 4314 ¹
1410 4286 1464 4338 vu.

309 4357 459 4421 pullulabat.
524 4354 534 4384 ⁷
551 4355 582 4406 E.
595 4353 717 4405 meditati.
783 4351 794 4381 ⁸
810 4352 839 4404 E.
852 4353 918 4418 tuga
986 4350 996 4381 ⁸
1013 4366 1063 4401 om.
1074 4351 1102 4401 ia
1114 4350 1144 4402 E.
