3062 4888
284 303 356 378 544
718 274 921 380 flwwllt
948 277 1000 352 1¹·

282 483 376 538 colore
396 481 529 538 iniectum
549 477 641 551 [vidit]
651 477 669 548 ¹,
688 479 790 536 deinde
808 481 897 536 oculis
914 481 975 536 eius
994 481 1196 536 intumentibus
1215 480 1306 536 usum
1329 481 1436 536 amisit.

284 564 406 622 Postea'
418 575 510 620 mutos
522 563 606 635 loqui,
620 563 756 618 demones
769 564 971 630 obmutescere,
983 581 1067 620 cecos
1078 563 1170 619 visum
1181 563 1316 634 recipere,
1330 565 1437 620 surdos

282 651 388 716 audire,
412 647 520 704 claudis
543 664 655 718 gressus
679 646 798 718 dirigere
823 648 852 702 iu
877 647 981 704 Christi
1005 647 1120 703 numine
1144 648 1217 704 lecit.
1255 649 1328 714 llec,
1352 665 1438 702 more

283 733 371 790 sancti
394 731 516 800 Patricii,
537 731 648 787 cencies
669 730 697 786 in
717 731 763 786 die
783 741 812 787 et
835 731 862 786 in
883 741 966 788 nocte
986 731 1098 787 cencies
1118 731 1262 787 oraciones
1279 733 1335 787 deo
1352 733 1437 787 fudit.

255 831 270 883 s
285 816 433 874 Sororibus
447 825 475 871 et
487 815 619 872 iratribus
632 815 726 886 sepius
739 815 851 870 dicebat
864 816 900 870 de
912 815 1000 870 tribus
1015 815 1147 886 operibus
1165 815 1264 886 quibus
1276 816 1438 872 delectatur

283 903 369 958 deus:
388 899 479 971 pnmo
497 897 573 954 enim
585 897 674 970 diligit
692 899 761 954 deus
780 897 923 954 hominem
941 899 1106 970 simplicem,
1120 909 1148 956 et
1166 899 1329 968 religiosum
1340 899 1437 969 magis

282 984 367 1047 cqrde
385 999 471 1054 quam
490 981 595 1038 babitu.
633 981 764 1038 Secundo
789 982 932 1037 hominem
956 982 1160 1054 relinquentem
1182 993 1298 1053 peccata
1319 999 1384 1048 sua,
1406 993 1435 1037 et

282 1085 379 1124 comm
395 1067 560 1122 memoriam
576 1083 611 1122 ex
628 1065 712 1122 corde
730 1065 881 1133 delentem,
894 1083 931 1120 ne
946 1083 980 1120 ea
997 1083 1051 1136 que
1069 1066 1206 1122 destruxit
1223 1065 1324 1121 iterum
1342 1067 1435 1122 reedi-

283 1152 355 1207 licet.
392 1150 492 1207 Tercio
515 1149 658 1205 hominem
683 1149 852 1204 vendentem
875 1148 972 1204 omnia
996 1165 1050 1220 que
1075 1149 1161 1204 babet
1185 1149 1343 1204 secundum
1370 1167 1434 1220 pre-

239 1251 271 1288 ro
283 1245 395 1305 ceptum
407 1233 522 1302 domini,
530 1243 559 1290 et
572 1233 681 1303 largum
694 1249 804 1304 semper
816 1241 915 1303 postea
927 1231 955 1286 in
971 1241 1136 1302 paupertate
1149 1248 1207 1287 sua.
1244 1232 1299 1287 ‘Et
1312 1234 1367 1287 bec
1378 1232 1433 1286 tria

282 1329 356 1386 sunt,
372 1317 471 1388 inquit,
488 1333 543 1388 que
561 1326 705 1372 execratur
721 1316 808 1371 deus:
831 1315 922 1386 pnmo
942 1313 1086 1370 bominem
1104 1314 1267 1385 religiosum
1285 1315 1387 1372 babitu
1404 1325 1433 1372 et

283 1401 413 1456 iniustum
429 1401 513 1456 corde
532 1409 597 1455 ente
614 1399 777 1454 dominum:
797 1397 932 1470 quoniam
950 1397 1062 1469 spiritus
1079 1409 1193 1454 sanmus
1211 1399 1308 1468 effugit
1326 1399 1432 1454 fictum.

283 1485 412 1540 Secundo
439 1482 582 1539 hominem
611 1482 814 1554 relinquentem
844 1491 961 1554 peccata
987 1499 1038 1537 sua
1066 1482 1253 1552 corporaliter,
1278 1484 1433 1538 habentem

281 1578 377 1623 tamen
390 1583 487 1624 eorum
499 1567 630 1622 affectum
643 1566 672 1622 in
684 1567 787 1622 corde:
807 1566 880 1622 sient
900 1565 987 1621 lsrael
1003 1565 1032 1620 in
1053 1566 1166 1621 deserto
1185 1565 1295 1637 positus
1312 1567 1385 1622 ollas
1404 1577 1432 1621 et

240 1671 268 1724 ¹⁵
282 1667 367 1722 cepas
391 1650 487 1723 Egipti
519 1651 604 1706 corde
633 1649 802 1722 concupiuit
837 1650 940 1706 Tercio
964 1649 1107 1704 bominem
1135 1649 1348 1705 renunciantem
1374 1651 1433 1710 suis

282 1735 401 1802 diuiciis,
410 1745 438 1790 et
451 1751 567 1790 auarum
581 1735 609 1790 iu
622 1733 704 1790 donis
717 1734 771 1800 dei,
780 1743 808 1789 et
820 1751 855 1790 ea
866 1733 1054 1790 retinentem!
1074 1737 1085 1800 ΙΙ
1107 1733 1177 1789 Orta
1187 1743 1229 1790 est
1238 1733 1347 1804 questio
1360 1733 1434 1789 inter

282 1819 398 1876 ancillas
417 1819 525 1875 cenobii
545 1819 582 1874 de
598 1834 673 1889 pane
688 1818 736 1890 qui
754 1817 829 1873 furto
846 1817 956 1873 ablatus
971 1827 1023 1882 est,
1041 1827 1069 1872 et
1085 1833 1141 1872 vna
1158 1817 1266 1872 illarum
1286 1819 1351 1888 plus
1370 1817 1434 1874 aliis

282 1913 413 1973 suspecta
429 1901 492 1958 luit.
528 1901 581 1958 Cui
603 1901 711 1972 longius
733 1919 783 1972 pre
803 1901 972 1958 verecundia
995 1901 1100 1956 astanti
1121 1902 1200 1971 virgo
1221 1911 1321 1956 sancta
1342 1903 1432 1958 dixit:

283 1985 371 2042 ‘Veni
389 1985 618 2042 innocentissima
637 1985 742 2041 Christi
759 1985 847 2056 virgo,
867 2002 924 2040 non
943 1995 974 2040 tu
992 2001 1095 2056 panem
1113 1984 1258 2053 abstulisti,
1275 1995 1320 2040 set
1338 1985 1433 2058 aliqua

239 2089 271 2127 so
282 2069 388 2126 semina
400 2069 428 2124 in
440 2067 598 2140 penitencia
605 2068 698 2139 posita
708 2085 809 2140 panem
818 2068 881 2124 tulit
889 2079 917 2124 et
927 2067 1092 2124 abscondit’
1128 2069 1191 2138 Que
1198 2085 1247 2124 rea
1256 2068 1317 2136 luit,
1327 2086 1433 2140 panem

282 2153 396 2225 protulit
417 2164 445 2209 et
465 2153 577 2208 veniam
599 2151 691 2224 peciit.
712 2156 723 2218 ΙΙ
746 2153 858 2207 Mortuo
883 2151 1023 2207 auunculo
1044 2161 1140 2208 sancte
1160 2151 1276 2222 virginis
1297 2153 1345 2223 qui
1368 2165 1433 2210 octo

283 2236 355 2292 filios
371 2236 477 2304 habuit,
493 2235 569 2292 misit
589 2253 640 2306 pro
657 2235 711 2292 illis
727 2246 755 2291 et
771 2235 857 2292 dixit:
878 2235 977 2291 ‘Pater
989 2245 1082 2292 vester
1097 2253 1147 2306 pro
1166 2235 1336 2308 quibusdam
1353 2253 1433 2292 com·

283 2319 377 2376 missis
400 2329 562 2391 torquetur:
587 2319 635 2374 det
656 2316 848 2391 unusquisque
868 2329 992 2374 vestrum
1014 2319 1166 2390 peregrinis
1188 2329 1218 2375 et
1239 2318 1431 2390 indigentibus

283 2403 406 2474 quolibet
420 2403 465 2458 die
477 2402 559 2458 huius
575 2403 642 2458 anui
657 2402 806 2458 duodecim
825 2419 921 2472 panes,
934 2412 962 2459 et
981 2402 1009 2458 in
1026 2403 1081 2458 fine
1097 2403 1163 2458 anni
1176 2401 1292 2458 venietis
1311 2404 1349 2458 sd
1369 2405 1430 2461 me’

238 2486 430 2558 s5c0mp1eto
447 2503 524 2541 anno
541 2485 718 2542 venientibus
737 2485 792 2542 illis
807 2485 895 2542 dixit:
914 2487 1014 2542 ‘Pater
1033 2495 1125 2542 vester
1142 2503 1193 2558 per
1210 2486 1431 2544 misen‘cordiam

283 2568 337 2634 dei,
357 2579 385 2624 et
406 2585 593 2640 permonere
610 2579 704 2624 vestra
721 2579 749 2626 et
767 2569 915 2626 oraciones
934 2587 953 2625 a
973 2570 1120 2626 tormentis
1140 2579 1251 2640 ereptus
1271 2571 1332 2626 σι’
1352 2571 1364 2642 ΙΙ
1382 2571 1431 2627 Vir

282 2652 398 2723 quidam
410 2669 461 2722 pro
473 2661 562 2708 morte
575 2651 621 2708 filii
636 2652 678 2707 sui
692 2653 880 2721 contristatus,
893 2669 957 2709 cum
970 2652 1091 2708 lacrimis
1102 2652 1141 2709 ad
1153 2653 1288 2724 virginem
1302 2667 1430 2710 sanctam

282 2735 366 2802 venit,
377 2735 491 2792 dicens:
511 2737 593 2791 ‘Non
605 2737 737 2792 recedam
749 2755 767 2792 a
784 2747 820 2806 te,
833 2736 887 2792 nisi
904 2737 992 2792 filium
1008 2753 1102 2792 meum
1117 2736 1342 2794 resuscitaueris'
1379 2739 1429 2793 Cui

281 2818 345 2874 illa:
373 2821 458 2874 ‘Non
482 2836 546 2875 mee
566 2819 676 2876 virtutis
700 2829 743 2876 est
769 2831 811 2876 set
832 2822 1023 2892 apostolorum
1045 2838 1195 2892 eorumque
1220 2823 1429 2878 successorum'

237 2927 270 2978 ³0
283 2903 410 2975 Cumque
431 2903 554 2974 petendo
575 2902 796 2960 misericordiam
816 2913 962 2974 perstaret,
981 2903 1060 2974 virgo
1081 2915 1188 2973 sancta,
1209 2921 1291 2976 prece
1309 2906 1374 2961 lusa
1393 2907 1428 2962 ad

282 2987 436 3055 dominum,
449 2987 535 3043 filium
548 2987 608 3044 eius
619 2987 783 3044 defunctum
800 2987 983 3045 resuscitauit.
1006 2992 1017 3054 ΙΙ
1037 2989 1125 3058 Virgo
1144 2987 1256 3060 insuper
1274 2989 1346 3046 alios
1359 2992 1427 3046 duos

282 3071 416 3143 temporis
435 3089 567 3143 processu
580 3069 765 3127 resuscitauit.
787 3075 797 3137 ΙΙ
819 3073 999 3126 Commotum
1018 3083 1060 3127 est
1078 3072 1183 3127 bellum
1196 3083 1294 3128 contra
1315 3084 1426 3144 gentem

282 3155 329 3209 vbi
346 3166 444 3211 sancta
456 3156 534 3220 virgo
550 3155 703 3220 habitabat,
716 3165 745 3210 et
764 3154 809 3209 illa
828 3154 1008 3225 compaciens
1025 3155 1133 3226 rogauit
1150 3155 1295 3211 dominum
1315 3157 1425 3214 dicens:

283 3238 290 3265 ‘
301 3239 396 3307 Parce,
408 3248 506 3293 sancta
517 3237 635 3305 trinitas,
646 3237 807 3294 bominibus
820 3237 881 3294 istis
895 3238 958 3294 licet
968 3237 1070 3293 vilibus
1083 3249 1110 3294 et
1122 3239 1314 3308 mendacibus,
1325 3241 1371 3312 qui
1385 3259 1426 3297 me

237 3341 268 3396 35
282 3319 311 3374 in
333 3321 390 3376 suis
416 3321 517 3376 finibus
541 3321 722 3392 receperunt.¹
761 3322 849 3390 igitur
873 3322 910 3376 ad
931 3339 1028 3392 preces
1053 3321 1113 3377 eius
1137 3321 1269 3378 dominus
1294 3325 1428 3396 confregit

282 3413 374 3459 castra
392 3404 526 3471 hostium,
545 3415 574 3460 et
595 3405 715 3462 victores
734 3416 815 3461 erant
835 3421 885 3475 pro
905 3405 1005 3476 quibus
1026 3404 1088 3476 ipsa
1108 3407 1232 3475 rogabat
1271 3408 1336 3463 llec
1353 3408 1427 3478 virgo

282 3496 381 3541 sancta
401 3487 431 3541 in
454 3487 591 3542 Hibernia
611 3498 679 3543 nata
699 3497 728 3544 et
747 3497 922 3556 conuersata,
944 3498 1043 3544 sancto
1063 3489 1119 3544 fine
1139 3489 1243 3560 quieuit
1265 3490 1295 3545 in
1316 3490 1427 3547 domino

282 3581 372 3625 xvur.
386 3571 502 3626 Kalend
517 3571 655 3627 februarii.

346 3689 405 3748 rte
410 3690 568 3768 Jbllowtirg
581 3692 649 3749 lebes
664 3691 695 3748 r'n
708 3688 781 3750 MS.
796 3689 881 3750 Bodl.
898 3708 956 3762 a4o
970 3690 1040 3750 haue
1052 3691 1177 3765 another,
1186 3692 1286 3769 fuller
1299 3699 1371 3764 text,

718 3785 787 3843 than
801 3787 832 3842 r'n
850 3785 882 3844 T.
892 3783 930 3842 Ε.
942 3809 994 3844 .·-

282 3921 309 3976 p.
324 3901 396 3976 594]
435 3919 458 3960 1.
486 3905 608 3960 lucratu
626 3914 843 3959 constaturus:
861 3915 935 3958 vrrs
953 3915 1061 3959 saucrr
1079 3905 1225 3958 Ascuam
1244 3917 1374 3961 asseris

767 4003 945 4046 alsuanum.

353 4090 395 4144 lR
416 4087 473 4144 vite
491 4087 656 4143 venerabilis
680 4089 817 4144 Aelredus
841 4106 875 4143 ex
894 4098 1019 4143 veterum
1043 4087 1198 4157 Anglorum
1223 4087 1323 4144 illustri
1346 4091 1425 4162 stirpe

236 4200 271 4251 40
385 4182 555 4242 procreatus,
574 4189 638 4226 cum
657 4171 751 4226 adhuc
770 4169 862 4226 infans
882 4171 985 4226 iaceret
1007 4170 1035 4225 in
1056 4170 1143 4237 cunis,
1163 4171 1241 4227 venit
1259 4171 1297 4226 ad
1316 4173 1424 4229 domum

282 4255 371 4325 patris
383 4255 443 4311 eius
458 4254 572 4327 quidam
591 4253 804 4310 archidiaconus
823 4254 995 4326 propinquus
1016 4253 1076 4309 eius
1094 4254 1250 4310 secundum
1267 4272 1388 4326 carnem,
1399 4271 1423 4314 et
1503 4253 1504 4335 l

594 4361 604 4392 ¹
619 4377 669 4413 om.
866 4361 877 4394 ¹
894 4362 949 4412 MS.
963 4363 1051 4412 l‘ostes
1062 4377 1127 4412 cum.
