3044 4894
597 292 729 378 titubo
753 287 942 393 [tumba
967 289 1117 394 finalia.

481 497 580 560 Sospes
597 497 667 546 enim
684 495 793 546 veniens
810 511 931 560 supremo
947 513 981 546 ex
998 497 1060 546 orbe
1078 497 1195 546 Britanni

513 572 564 621 Per
579 575 663 622 varias
680 581 778 636 gentes,
797 591 845 640 per
861 575 924 623 ireta
941 589 1038 635 perque
1055 573 1116 632 vias,

478 645 573 698 Vrbem
592 649 731 700 romuleam
748 653 820 711 vidit,
838 648 1011 710 templumque
1028 649 1168 696 uerendum

511 721 623 782 Aspexit
641 723 720 782 Petri,
739 727 839 775 mistica
856 726 923 772 dona
940 737 1041 783 gerens

479 795 611 846 Candidus
629 797 697 847 inter
713 815 776 849 oues
793 797 889 849 Christi
906 796 1034 844 sociabilis
1051 795 1104 858 ibit,

510 871 625 933 Corpore
643 888 701 922 nam
719 873 849 932 tumulum,
868 879 954 920 mente
972 885 1083 932 superna
1100 877 1190 930 tenet;

478 945 658 996 commutasse
676 949 756 1010 magis
773 943 975 1012 s[cleptrorum¹
993 944 1103 1005 iusignia
1118 947 1217 1003 credas,

510 1019 593 1080 Quem
611 1035 718 1082 regnum
737 1022 833 1071 Christi
850 1019 1022 1084 promeruisse
1038 1019 1130 1081 vidus)

316 1122 476 1193 Cedwalle
493 1144 594 1191 autem
614 1137 759 1193 successit
776 1135 807 1193 in
824 1154 919 1210 regno
937 1133 1004 1191 Yne
1020 1151 1075 1191 rex
1091 1135 1130 1191 de
1146 1134 1240 1206 stirpe
1254 1137 1355 1207 regia3
1382 1137 1431 1210 qui

236 1241 268 1278 ro
280 1240 349 1278 cum
373 1223 495 1296 triginta
519 1233 637 1296 septem
667 1223 755 1280 annis
784 1231 949 1297 regnasset,
974 1221 1077 1280 relicto
1105 1221 1229 1294 imperio
1257 1225 1296 1279 ad
1329 1223 1431 1282 limina
1515 1261 1516 1270 κ

279 1312 436 1367 beatorum
457 1312 661 1384 apostolorum
683 1311 875 1385 pontificante
894 1309 1038 1383 Gregorio
1057 1309 1207 1383 proiectus
1226 1319 1282 1380 est,
1303 1312 1431 1385 cupiens

280 1397 310 1453 in
329 1397 436 1456 vicinia
458 1409 629 1458 sanctorum
649 1400 781 1456 locomm
800 1401 838 1456 ad
860 1409 981 1471 tempus
999 1397 1183 1472 peregrinari
1201 1398 1231 1454 in
1251 1399 1352 1468 terris,
1371 1419 1431 1474 quo

280 1483 455 1544 familiarius
477 1505 495 1544 a
516 1487 629 1544 sanctis
651 1487 743 1560 recipi
765 1497 932 1544 mereretur
950 1487 980 1542 in
1001 1486 1081 1543 celis
1129 1487 1190 1544 Illis
1215 1485 1297 1543 enim
1323 1487 1431 1546 diebus

279 1573 383 1646 plures
405 1577 443 1631 de
465 1585 555 1648 gente
576 1575 752 1648 Anglorum‚
773 1575 899 1644 nobiles,
920 1575 1075 1646 ignobiles,
1097 1573 1171 1642 laici,
1191 1574 1298 1644 clerici,
1322 1576 1379 1632 viri
1398 1594 1431 1633 ac

236 1671 265 1722 1⁵
280 1659 399 1731 semine,
419 1663 554 1720 certatim
573 1661 711 1732 Romam,
731 1663 831 1720 anime
850 1681 904 1720 sue
923 1661 1026 1720 salutis
1045 1661 1139 1735 gratia
1157 1661 1204 1718 vel
1224 1661 1431 1720 instructionis

280 1766 378 1818 causa,
396 1751 545 1822 proticisci
561 1760 801 1808 consueuerunt:
830 1751 911 1824 quod
928 1767 1037 1822 magne
1049 1749 1166 1806 virtutis
1183 1767 1216 1806 ac
1235 1749 1335 1806 meriti
1353 1760 1430 1808 tem-

278 1847 397 1910 pestate
409 1837 458 1894 illa
471 1837 665 1894 estimabatur
673 1837 690 1895 ¹.

379 2045 399 2104 il
425 2033 479 2102 Dr
498 2060 615 2102 seuero
636 2031 778 2100 lonssur
798 2061 837 2100 na
859 2031 1091 2100 Barntrnorou
1110 2043 1328 2100 comessores

334 2180 531 2239 Acratissime
542 2181 757 2238 recordationis
772 2181 922 2238 lohannes
932 2181 1016 2254 prior
1025 2181 1336 2254 Brydlyngtoniensis,
1345 2186 1431 2242 cuius

369 2269 471 2326 votiua
484 2269 642 2326 celebritas
655 2268 772 2325 mirifici
785 2269 956 2342 splendoris
970 2267 1061 2324 radiis
1072 2269 1273 2326 vniuersalem
1288 2285 1431 2345 perornat

234 2382 265 2416 ιο
278 2357 436 2413 ecclesiam
450 2357 619 2426 militarem,
633 2357 715 2414 velut
728 2357 888 2430 columpna
900 2355 1072 2413 inflexibilis
1085 2355 1115 2412 in
1134 2356 1205 2413 fidei
1217 2358 1290 2414 base
1304 2359 1432 2418 firmiter

279 2443 410 2501 radicata
429 2453 604 2500 cunctorum
624 2444 793 2500 mortalium
811 2445 953 2501 caducam
973 2442 1188 2501 flexibilitatem
1213 2447 1381 2504 consolidat
1402 2459 1431 2506 et

278 2543 435 2604 supportat
448 2532 569 2605 gratiosi
584 2531 737 2589 solaminis
750 2533 928 2590 interuentu.
961 2531 1019 2588 Hic
1032 2531 1137 2589 ssoride
1149 2532 1312 2591 iuuentutis
1325 2547 1432 2593 exorta

278 2619 443 2692 primordia
462 2638 631 2694 perornans
649 2620 816 2690 virtutibus,
836 2620 973 2676 excussis
992 2621 1099 2676 abditis
1117 2620 1256 2676 vitiorum
1274 2621 1356 2679 viam
1378 2642 1431 2697 ag-

277 2725 401 2779 gressus
421 2707 536 2765 timoris
556 2707 662 2778 deifici,
675 2707 798 2765 alterius
816 2706 911 2765 Tobie
930 2707 1081 2763 imitabilia
1099 2708 1277 2781 amplexans
1294 2711 1431 2784 vestigia,

234 2817 262 2865 ²5
278 2795 342 2868 spei
357 2805 387 2852 et
399 2795 551 2853 charitatis
564 2797 708 2853 fructibus
722 2805 937 2866 maturescens
951 2796 1027 2852 sacri
1040 2795 1169 2852 ssaminis
1181 2795 1340 2869 insigniter
1352 2800 1431 2857 ccle-
1519 2831 1520 2862 ÷

278 2885 381 2940 bratur
394 2884 558 2941 sacrarium
574 2884 735 2957 singulare.
772 2884 936 2940 Crescente
952 2885 1053 2957 itaque
1068 2883 1214 2956 temporis
1230 2886 1401 2957 interuallo,
1414 2907 1431 2944 a

278 2971 422 3044 piissimis
434 2973 608 3045 parentibus
621 2971 768 3028 enutritus
781 2972 946 3044 studiisque
959 2971 1092 3028 imbutus
1104 2971 1285 3042 liberalibus,
1298 2973 1328 3028 in
1344 2976 1430 3032 breui

277 3078 388 3116 coeuos
405 3077 588 3133 precurrens
600 3059 696 3116 veloci
709 3076 798 3115 cursu
816 3059 952 3115 brauium
970 3060 1097 3131 adeptus
1109 3067 1156 3115 est
1168 3059 1305 3116 dialetice
1318 3079 1430 3136 perop

277 3155 345 3204 tate.
384 3148 451 3203 Non
474 3147 572 3203 solum
594 3164 667 3202 vcro
689 3147 720 3202 in
741 3147 883 3219 amplexu
904 3146 1095 3203 scientiarum
1115 3146 1312 3219 applaudens,
1334 3149 1430 3208 immo

231 3252 264 3301 30
277 3235 438 3292 celestibus
455 3233 692 3291 intellectualiter
708 3234 866 3307 suspirans
880 3235 1005 3304 auidius,
1018 3235 1090 3290 dum
1108 3233 1234 3290 Oxoniis
1250 3235 1431 3306 persisteret

276 3323 438 3392 studiosus,
452 3321 572 3378 omissis
586 3321 760 3394 frequenter
769 3321 1008 3378 altercationibus
1020 3321 1237 3394 sophismatum
1247 3321 1431 3395 inquisitiuis

276 3410 423 3482 templum
444 3410 489 3465 sui
510 3408 632 3482 spiritus
651 3425 794 3480 supremo
813 3408 940 3481 principi
959 3408 1113 3478 dedicauit,
1132 3408 1162 3464 in
1181 3408 1231 3465 dei
1248 3419 1279 3466 et
1295 3414 1429 3483 proximi

308 3543 317 3572 ¹
335 3543 364 3591 E.
376 3549 530 3605 septrorum.
629 3539 640 3569 ¹
656 3541 756 3590 Collect
765 3542 792 3589 in
804 3541 848 3591 T.:

308 3605 372 3666 Aue
384 3617 476 3665 doctor
487 3615 579 3664 nobilis
590 3617 676 3677 presul
690 3615 805 3676 Eboraci,
819 3616 879 3664 Dux
895 3617 949 3664 iure
961 3615 1101 3673 laudabilis,
1113 3619 1184 3665 tutor
1195 3615 1348 3670 Beuerlaci:
1369 3619 1429 3670 ΡτοἸ

276 3684 347 3760 cibus
358 3698 408 3731 nos
417 3697 480 3731 erue
492 3683 524 3730 ab
536 3682 611 3730 hoste
623 3682 713 3744 fallaci,
727 3681 837 3731 Saiuans
848 3698 864 3730 a
876 3681 1019 3730 carceribus
1030 3681 1162 3731 infernalis
1177 3681 1233 3731 laci.
1269 3681 1300 3732 V.
1314 3684 1371 3734 Ora
1383 3703 1430 3749 pro

275 3749 389 3871 nossSe-us
401 3821 473 3870 cuius
484 3821 552 3869 uirtu
571 3855 732 3871 .......
751 3819 892 3885 (pon)tiiex
903 3820 1080 3869 miraculorum
1095 3857 1277 3871 ........
1289 3837 1355 3884 gare
1371 3841 1430 3888 sup.

275 3890 429 3953 plicantibus
447 3902 480 3934 no
499 3923 630 3936 ......
644 3885 725 3935 cionis
742 3894 785 3935 tue
802 3887 913 3948 graciam
927 3887 1047 3948 petimus,
1061 3887 1141 3950 ipsius
1154 3923 1285 3937 ......
1302 3891 1429 3941 uitiorum

274 3954 469 4018 inquinamento
481 3953 528 4001 cici
547 3987 902 4002 ...............

309 4022 401 4092 (Deus
420 4028 464 4089 qui
485 4028 559 4076 nobis
576 4025 654 4074 hodie
670 4025 864 4088 migra)cionem
882 4025 950 4074 besti
969 4025 1093 4074 Iohannis
1110 4025 1279 4084 con(sessoris
1296 4029 1334 4076 tui
1350 4039 1430 4094 atque

274 4094 414 4158 pontilicis)
428 4095 559 4170 ¹celebrare
570 4090 699 4168 concedis,
712 4092 754 4168 (da
767 4091 875 4168 ecclesie
887 4097 930 4139 tue
942 4092 1020 4152 digne
1032 4090 1129 4139 deeius
1141 4091 1302 4155 pre)lacione
1313 4099 1430 4156 gaudere

275 4159 461 4274 “titali
474 4157 894 4283 tutatrlfflr‘l‘lttaf
903 4155 1159 4270 iis‘siiiflivds
1176 4225 1226 4270 ιο,
1240 4224 1355 4284 ,aaa
1372 4227 1430 4279 ns.

274 4291 363 4339 codice
381 4297 478 4338 mutato
493 4288 562 4350 stylo
577 4287 694 4350 pressius
710 4294 736 4335 et
750 4286 922 4336 contractius?
957 4287 1020 4336 Bale
1034 4285 1103 4336 VlIl.
1115 4287 1228 4336 asenbes
1242 4288 1263 4336 it
1278 4296 1306 4338 to
1319 4291 1428 4358 George

276 4354 379 4417 Riplay.
413 4354 468 4403 The
479 4361 535 4404 text
547 4354 569 4403 is
580 4353 715 4416 complete,
728 4352 780 4402 and
791 4361 838 4402 not
848 4368 864 4401 a
875 4367 947 4401 mere
956 4353 1125 4414 abridgment.
