3062 4888
100 298 167 350 us.
180 299 255 350 sou.
268 298 338 365 nor
370 280 445 374 Da
461 279 521 369 a.
538 280 756 368 &nunno
773 295 867 383 tent
884 286 923 368 tt
940 287 1129 383 natust.
1183 289 1252 357 621

101 483 199 540 sancti
220 483 361 538 Edmundi
381 483 532 539 festiuitate
549 493 664 555 patrum
682 483 760 554 pueri
778 501 812 539 ac
830 483 902 538 illius
919 499 1048 549 nouerca,
1060 500 1147 554 puero
1163 501 1258 539 secum

102 565 272 634 comitante,
295 566 404 637 gaudiis
428 567 627 637 sollempnibus
651 577 803 638 properant
828 566 984 622 admisceri.
1033 568 1119 622 Porro
1143 567 1171 622 in
1196 567 1259 638 ipso

102 649 266 718 vigiliarum
284 649 407 718 exordio,
425 649 462 704 de
479 649 611 719 peculiari
629 649 830 703 monachorum
848 649 1037 704 familiaritate
1056 659 1259 718 presumentes,

104 732 245 788 viciniora
257 733 358 788 feretro
370 731 461 787 sancti
474 731 618 786 Edmundi
631 731 694 786 loca
702 731 855 802 pecierunt.
893 732 1003 800 Quibus
1013 731 1176 802 impetratis,
1185 731 1259 787 circa

106 815 292 872 conticinium
311 816 339 870 in
358 816 422 871 sinu
439 815 531 886 patrui
550 831 619 884 puer
637 813 815 869 obdormiuit.
853 814 906 870 Cui
924 815 968 868 vir
984 815 1155 870 clarissimus
1169 818 1287 894 splen-5

106 899 189 955 denti
207 899 316 969 fulgens
335 899 441 962 habitu,
453 915 564 954 cereum
581 914 666 952 manu
682 907 806 966 gestans,
823 897 960 966 appannit,
972 895 1118 967 tetigitque
1135 897 1213 951 illum
1231 907 1259 952 et

106 984 167 1038 ait:
196 983 293 1037 ‘Num
309 999 355 1036 me
371 982 486 1036 videsi’
524 979 578 1050 Qui
594 979 756 1050 respondit:
776 979 894 1048 ‘Video,
913 977 1027 1033 domine
1045 978 1102 1033 mi.'
1139 979 1177 1034 Et
1196 979 1258 1034 ille:

107 1066 206 1134 ‘Quid
230 1075 273 1120 est
297 1066 373 1137 quod
396 1081 482 1118 manu
506 1065 629 1118 teneoi’
666 1062 828 1128 ‘candela’
849 1061 947 1132 inquit.
985 1061 1049 1116 Hiis
1077 1061 1160 1116 dietis
1191 1079 1261 1132 puer

108 1149 257 1218 euigilans,
274 1149 348 1219 cepit
367 1146 528 1202 vociferari:
549 1147 630 1200 ‘Deo
644 1144 761 1215 gracias,
774 1161 827 1214 ego
843 1144 943 1212 video,’
962 1153 990 1198 et
1009 1143 1103 1214 sepius
1120 1143 1148 1197 id
1168 1142 1259 1213 ipsum

108 1233 258 1302 replicans,
271 1241 393 1286 attentos
405 1229 526 1286 reddidit
540 1228 693 1284 vniuersos.
731 1229 792 1283 Nec
805 1245 884 1283 mora
900 1227 1101 1282 alternantibus
1114 1226 1259 1296 campanis
1275 1243 1306 1279 ιο

109 1314 265 1369 matutinas
277 1313 442 1386 celebraturi
461 1312 593 1367 monachi
609 1311 786 1378 conueniunt,
799 1308 1051 1382 reboantibusque¹
1061 1309 1194 1376 camenis,
1210 1326 1260 1380 pro

108 1395 246 1452 miraculo
259 1399 320 1452 laus
332 1397 447 1452 trinitati
459 1396 632 1451 decantatur.

223 1555 308 1611 qu'Dil
325 1567 462 1612 vtclottlt
480 1565 579 1609 FACTA
598 1567 633 1609 IN
651 1565 853 1612 Pnkunsokas
873 1567 987 1612 RERUM
1006 1567 1145 1612 SUARUM.

147 1717 289 1787 Sampson
306 1715 389 1770 abbas
501 1670 593 1725 Odem
626 1680 759 1740 tempore,
789 1671 881 1741 primo
914 1671 1043 1726 videlicet
1073 1688 1148 1726 anno
1187 1671 1261 1742 regis

389 1755 396 1770 '
536 1753 668 1808 Willelmi
688 1754 813 1819 secundi,
831 1754 911 1809 miles
930 1754 1044 1824 quidam
1064 1755 1205 1810 Robertus
1224 1757 1261 1810 de

111 1839 221 1894 Curzun
234 1855 251 1891 a
265 1835 379 1891 domino
393 1838 504 1907 Rogero
519 1836 600 1906 Bigot
614 1837 708 1890 villam
717 1837 860 1907 quandam
874 1837 987 1891 nomine
1000 1837 1193 1892 Suthwaldam
1207 1837 1259 1892 sibi
1277 1857 1306 1907 ¹5

109 1921 173 1976 dari
186 1919 345 1990 postulauit.
371 1919 423 1975 Cui
435 1918 488 1986 ille,
498 1921 572 1973 hanc
582 1935 645 1974 esse
656 1919 745 1974 sancti
755 1918 899 1974 Edmundi
910 1919 1054 1989 respondit
1065 1937 1072 1986 ;
1092 1929 1134 1974 set
1149 1920 1261 1976 blandis

109 2003 324 2060 adulationibus
340 2003 412 2058 illius
430 2003 572 2067 delinitus,
584 2001 744 2072 aliquando,
758 2002 821 2056 licet
838 2001 950 2069 inuitus,
963 2011 1099 2072 quantum
1116 2001 1153 2056 ad
1170 2003 1261 2071 ipsum

111 2089 258 2159 spectabat
277 2085 387 2157 prebuit
407 2102 563 2140 assensum.
601 2087 729 2154 Cumque
753 2084 790 2138 ad
815 2085 933 2139 eandem
958 2083 1061 2151 villam,
1086 2083 1196 2140 duobus
1220 2102 1261 2139 as·

111 2169 232 2240 sumptis
244 2169 378 2224 militibus
391 2169 450 2239 pari
468 2167 614 2224 clemencia
633 2167 865 2233 debachantibus,
879 2167 1068 2223 inuadendam
1081 2177 1260 2238 properaret:

111 2253 206 2308 subito
219 2252 270 2308 celi
281 2253 366 2308 facies
379 2251 548 2319 immutatur,
558 2249 630 2306 aeris
643 2249 821 2320 intemperies
830 2249 982 2317 excitatur;
996 2249 1124 2319 mugiunt
1132 2249 1262 2316 tonitrua,
1277 2269 1309 2304 ao

110 2338 223 2406 fulgura
240 2337 418 2401 choruscant,
436 2333 512 2389 venti
531 2331 857 2398 deseuiunt²,e1ementa
876 2341 1018 2388 commota
1036 2331 1140 2386 nemini
1161 2331 1262 2387 securi·

112 2430 201 2476 tatem
213 2417 387 2489 pollicentur.
424 2419 506 2472 Tunc
518 2417 558 2472 rei
571 2416 717 2471 veritatem
730 2415 809 2470 fateri
828 2416 971 2485 compulsi,
986 2431 1017 2470 se
1029 2415 1178 2470 scelestum
1192 2433 1262 2486 opus

111 2503 263 2574 arripuisse
283 2510 527 2556 summurmurant.
564 2500 706 2554 Robertus
726 2499 810 2568 igitur
829 2499 902 2554 male
922 2509 1033 2569 ceptum
1053 2498 1105 2554 iter
1129 2499 1262 2553 deserens

112 2586 228 2640 domum
250 2585 348 2651 rediit;
373 2583 475 2638 milites
498 2599 574 2650 vero,
598 2581 701 2636 mentis
723 2583 915 2637 obstinacione
938 2581 1034 2650 cecati,
1057 2581 1262 2652 possessionem

113 2667 189 2723 illam
208 2684 273 2723 cum
297 2667 441 2736 armigeris
466 2665 523 2720 suis
548 2665 691 2732 inuadunt,
711 2666 788 2720 vices
806 2666 865 2721 eius
884 2665 1030 2735 peracturi.
1080 2665 1144 2733 Quo
1164 2682 1262 2735 perue·
1277 2677 1306 2726 25

112 2751 232 2816 nientes,
241 2749 345 2820 rapinis
355 2749 495 2816 insistunt,
505 2747 615 2819 quietos
628 2748 798 2816 perturbant,
808 2748 969 2803 resistentes
983 2747 1119 2817 affligunt,
1127 2756 1263 2817 vsurpant

112 2834 248 2898 indebita,
260 2840 398 2903 occupant
409 2831 508 2886 aliena.
540 2829 595 2899 Qui
608 2847 671 2884 cum
684 2830 778 2884 omnia
790 2830 904 2886 viriliter
916 2848 946 2884 se
959 2829 1052 2899 egisse
1063 2829 1263 2899 gloriarentur:

114 2916 210 2971 statim
235 2915 307 2970 vlcio
331 2931 379 2970 eos
402 2912 497 2968 diuina
518 2911 704 2981 consequitur.
742 2915 818 2966 Nam
839 2930 909 2967 unus
931 2911 959 2966 in
981 2913 1129 2982 reprobum
1150 2923 1263 2966 sensum

113 3017 211 3056 versus
223 3015 321 3053 amens
333 2997 449 3053 effectus
461 3003 512 3060 est,
525 2996 595 3049 alter
606 2994 708 3048 frenesi
721 3004 872 3065 correptus.
909 2995 1026 3065 Talique
1038 2993 1136 3047 ordine
1149 3001 1263 3046 sanctus

113 3081 284 3138 Edmundus
297 3079 397 3150 impios
409 3088 438 3133 et
454 3077 553 3132 auidos
566 3076 608 3130 sui
621 3075 688 3130 iuris
700 3093 864 3147 peruasores
877 3093 895 3130 a
907 3073 1144 3146 presumptionis⁸
1161 3075 1264 3130 deiecit
1278 3084 1310 3134 30

113 3164 242 3232 audacia,
261 3162 389 3218 iniuriam
406 3159 567 3226 vindicauit,
585 3159 674 3214 etius
693 3159 834 3229 proprium
852 3159 1020 3214 vendicauit.
1057 3160 1215 3212 Marianus
1231 3160 1264 3212 r'n

113 3250 241 3302 cronicas.
279 3247 415 3300 Processu
439 3259 506 3297 vero
531 3240 665 3311 temporis
692 3241 759 3296 dum
789 3242 864 3296 idem
892 3243 1020 3310 Rogerus
1052 3241 1135 3311 Bigot
1165 3249 1264 3296 sancto

115 3330 267 3384 Edmundo
286 3327 428 3399 quandam
445 3334 547 3380 terram
563 3323 619 3378 alia
630 3323 690 3378 vice
709 3334 857 3379 conaretur
871 3325 996 3380 auferre:
1017 3323 1063 3379 die
1079 3341 1134 3394 quo
1150 3323 1264 3394 placita·

113 3423 193 3468 turus
212 3421 273 3466 erat
294 3427 357 3465 cum
378 3409 503 3477 dompno
525 3407 650 3460 Roberto
669 3405 794 3461 eiusdem
816 3407 869 3462 loci
890 3407 1001 3473 abbate,
1020 3407 1074 3462 deo
1096 3415 1126 3461 vt
1144 3407 1266 3462 creditur

114 3496 275 3552 vindicante
286 3509 400 3548 causam
413 3489 487 3545 beati
500 3487 620 3542 martiris
634 3487 675 3542 sui
690 3489 844 3553 Edmundi,
857 3490 950 3545 subita
962 3499 1051 3544 morte
1064 3505 1147 3544 mane
1160 3489 1266 3558 perisse
1280 3505 1311 3556 35

115 3581 246 3636 inuentus
269 3585 331 3643 est3
359 3583 444 3644 atque
464 3571 575 3627 delatus
595 3571 764 3639 Norwicum‚
787 3573 823 3626 ab
845 3574 987 3628 Herberto
1008 3572 1141 3642 episcopo
1162 3571 1266 3627 ibidem

114 3662 240 3733 sepultus
253 3669 305 3726 est,
317 3658 391 3714 circa
402 3671 507 3712 annum
520 3651 625 3707 domini
640 3655 703 3708 Mn.
718 3653 811 3724 evija.

200 3816 251 3870 Da
269 3823 411 3868 uannrca
428 3819 495 3864 cunr
514 3817 674 3870 santonus
693 3820 804 3863 sancnr
824 3808 981 3864 Enuurtnr
1001 3819 1126 3862 sunaus
1144 3819 1184 3860 ar

438 3899 554 3947 rossan
573 3901 774 3947 urnacuuosa
791 3904 944 3946 retusum.

560 3997 635 4050 Dem
647 3995 674 4048 N
677 4012 829 4050 ormannus
842 4004 922 4065 portu
932 3993 979 4064 qui
991 3991 1151 4048 Barbefleot
1164 3991 1267 4046 dicitur

594 4079 722 4149 appulso,
734 4077 814 4148 quasi
834 4078 889 4132 iam
906 4077 934 4131 in
951 4085 1011 4130 tuto
1027 4091 1092 4130 curn
1107 4075 1164 4131 suis
1183 4075 1266 4130 rebus

116 4165 226 4239 positus
238 4163 305 4218 dum
318 4163 415 4218 falerat
427 4178 538 4234 equum,
544 4162 659 4234 cupiens
669 4161 733 4216 inde
741 4162 833 4216 facere
843 4160 998 4230 digressum
1010 4175 1016 4212 :
1031 4155 1266 4213 furesmanticam
1280 4174 1313 4225 40

136 4045 324 4101 Hmnannus
335 4039 480 4095 archidiac
486 4035 506 4094 ⁴.
525 3989 552 4126 I

182 4283 425 4336 ¹MS.roboantibu
456 4299 493 4333 ue.
578 4281 816 4333 ‘ntsuisseuiunt
908 4279 1201 4346 ’MS.presumpeione.

293 4350 302 4378 ¹
318 4349 358 4401 Cf.
367 4349 425 4400 Tib.
449 4386 454 4401 .
466 4349 507 4414 65.
541 4349 604 4400 This
615 4349 668 4398 mir.
681 4349 759 4412 ought
771 4355 799 4398 to
809 4347 913 4413 precede
924 4345 966 4396 the
977 4353 1028 4396 two
1040 4344 1095 4396 luat.
