3062 4888
98 295 158 348 us.
171 297 244 351 noo.
259 297 327 365 ιιι]
374 283 448 376 Dc
464 280 752 372 &.uumuuuu
769 299 863 388 tenc
880 293 920 373 ct
937 293 1126 391 noenu.
1180 293 1246 384 581

98 481 185 538 licam
203 487 419 556 grassabantu13
447 498 475 543 et
493 505 563 560 quos
582 489 629 544 dei
646 490 766 546 cultores
782 507 844 545 esse
861 500 1007 558 nouerant,
1026 489 1141 545 omnino
1159 489 1253 545 delere

100 576 151 621 aut
170 568 297 622 seruituti
315 586 364 624 eos
382 571 530 641 subiugare
548 571 717 627 nitebantur.
752 573 897 628 Houdene.
924 573 1035 628 Deinde
1053 573 1128 627 circa
1146 589 1251 626 annum

99 649 137 703 xi.
160 651 237 720 regni
257 653 347 707 sancti
368 654 512 710 Edmundi
529 656 567 710 ad
591 655 769 725 Estangliam
793 655 907 726 nauigio
931 655 1135 726 peruenientes,
1153 664 1182 710 et
1202 672 1253 725 per

100 741 192 787 totum
210 749 315 790 annum
334 752 408 791 nunc
426 737 495 792 mari
514 755 588 793 nunc
600 748 675 794 terra
693 738 876 808 circueuntes,
888 737 1066 806 monasteria,
1080 738 1207 794 ciuitates
1224 749 1252 794 et

100 815 183 869 villas
202 815 338 872 incendiis
356 829 384 874 et
398 821 513 874 cedibus
532 821 728 877 deuastabant.
765 823 863 893 Equos
882 839 948 878 vero
966 822 1002 876 de
1021 822 1143 876 exercitu
1162 822 1281 882 sancti5

101 897 249 953 Edmundi
273 910 302 955 et
327 901 364 955 de
384 901 599 971 prouincialibus
624 903 678 958 sibi
701 903 851 974 rapientes,
870 913 1014 974 equestres
1038 903 1104 958 facti
1129 915 1203 971 sunt,
1225 915 1253 959 et

100 991 185 1050 prout
203 982 345 1039 audebant
363 984 542 1040 circumcirca
560 986 748 1042 discurrentes
766 998 851 1042 cunta
868 987 1099 1057 pessumdabant.
1135 988 1180 1041 Ex
1199 986 1254 1042 hiis

100 1073 199 1118 tamen
211 1065 314 1121 cotidie
328 1068 421 1137 plures
434 1085 490 1123 non
504 1069 564 1126 siue
576 1086 681 1138 magno
689 1071 825 1140 sanguine
833 1070 869 1125 ab
882 1069 1003 1124 exercitu
1011 1068 1100 1124 sancti
1109 1069 1253 1124 Edmundi

101 1146 197 1201 valide
208 1165 319 1219 semper
332 1150 578 1206 interficiebantur.
614 1153 666 1206 Ex
676 1155 803 1207 cronicis.
830 1153 962 1220 Quadam
978 1168 1100 1222 namque
1111 1151 1173 1205 vice
1189 1168 1253 1206 cum

101 1229 220 1300 quidam
238 1232 347 1288 illorum
365 1243 492 1288 sanctum
506 1235 689 1289 Edmundum
703 1233 731 1288 in
743 1235 865 1304 quodam
885 1245 978 1290 castro
991 1251 1041 1288 suo
1054 1233 1175 1289 residere
1188 1250 1253 1302 cog·
1270 1251 1301 1290 ιο

101 1323 257 1382 noscerent,
269 1325 392 1370 castrum
411 1317 507 1372 statim
525 1317 674 1372 molientes
694 1327 818 1372 euertere
835 1317 1016 1372 obsederunt.
1053 1318 1125 1371 Cum
1139 1333 1206 1372 vero
1224 1316 1253 1372 in

101 1395 249 1452 obsidione
262 1399 369 1453 obsessi
382 1409 410 1454 et
423 1399 585 1455 obsidentes
597 1401 659 1454 dira
671 1399 746 1456 fame
758 1401 935 1455 laborarent:
955 1417 991 1456 ne
1004 1399 1128 1471 inopiam
1140 1415 1255 1455 suorum

101 1479 207 1548 pagani
226 1480 410 1550 perciperent,
428 1492 543 1537 sanctus
561 1482 733 1537 Edmundus
754 1485 873 1538 multum
892 1484 1062 1538 frumentum
1083 1481 1169 1553 proici
1191 1500 1255 1553 pre·

102 1561 187 1632 cepit,
201 1571 229 1616 et
241 1574 351 1619 taurum
364 1565 505 1635 quendam
518 1566 565 1636 qui
584 1565 695 1634 pinguis
715 1567 787 1621 infra
799 1577 923 1621 castrum
936 1567 1104 1637 pascebatur
1115 1567 1255 1620 frumento

102 1645 210 1700 mundo
218 1646 335 1700 saturari
348 1657 375 1701 et
388 1649 460 1702 bene
473 1657 584 1718 pastum
596 1649 668 1703 vltra
680 1665 775 1703 muros
785 1649 879 1703 statim
889 1647 1006 1718 paganis
1016 1648 1053 1702 ad
1066 1647 1255 1717 diripiendum
1271 1665 1299 1716 ¹5

102 1726 184 1782 iussit
202 1728 311 1798 exponi.
348 1730 387 1785 Et
404 1730 457 1785 bec
469 1730 553 1784 auide
566 1741 655 1800 rapta,
668 1731 735 1785 dum
748 1741 845 1784 taurus
858 1730 992 1785 discissus
1009 1739 1036 1784 et
1050 1745 1123 1800 pene
1135 1729 1253 1785 crudus¹

102 1809 222 1880 paganis
240 1810 377 1866 famelicis
394 1813 572 1867 deuorandus
590 1822 740 1883 aptaretur,
753 1811 857 1867 recenti
874 1813 1016 1867 frumento
1032 1810 1166 1866 intestina
1181 1812 1255 1866 eius·

102 1894 171 1948 dem
195 1893 265 1948 tauri
289 1895 396 1964 repleta
416 1895 594 1965 reperierunt.
639 1894 662 1954 il
691 1895 865 1949 Estimantes
891 1893 973 1963 igitur
996 1892 1098 1962 pagani
1123 1894 1255 1949 obsessos

102 1975 181 2031 omni
200 1976 282 2046 copia
300 1977 425 2031 ciborum
444 1977 618 2045 habundare,
630 1987 726 2047 vtpote
744 1975 792 2047 qui
810 1976 944 2030 animalia
963 1993 1014 2030 sua
1031 1975 1171 2030 frumento
1189 1993 1255 2046 pas·

102 2067 218 2114 cereut:
246 2058 319 2113 clam
339 2059 429 2114 timidi
450 2069 633 2116 recesserunt.
670 2062 749 2128 Quos
770 2069 884 2114 sanctus
905 2076 957 2114 rex
973 2076 1039 2113 cum
1061 2075 1111 2113 suo
1132 2059 1254 2114 exercitu
1271 2079 1301 2116 ao

103 2139 263 2210 insequens,
285 2143 378 2212 plures
397 2159 494 2197 eorum
518 2141 663 2198 interfecit.
708 2142 732 2201 il
748 2141 812 2196 Alia
832 2141 894 2198 vice
920 2141 991 2197 dum·
1008 2141 1111 2212 pagani
1132 2141 1205 2196 clam
1228 2143 1255 2196 in

101 2223 208 2279 abditis
226 2223 359 2278 siluarum
377 2223 500 2296 undique
518 2226 611 2280 locum
623 2242 680 2296 quo
697 2235 812 2280 sanctus
831 2241 880 2279 rex
894 2223 923 2279 in
941 2241 1000 2278 non
1017 2233 1078 2279 tuto
1096 2223 1189 2278 subito
1207 2241 1256 2280 ve·

102 2315 184 2361 uerat
197 2305 456 2375 circumdedissent,
469 2318 497 2362 et
509 2308 625 2379 quidam
644 2309 716 2362 illius
734 2307 788 2362 leci
801 2323 857 2377 quo
875 2317 988 2362 sancurs
1001 2317 1060 2362 erat
1072 2307 1113 2362 eis
1127 2306 1256 2362 dilatorie

101 2389 205 2444 timore
217 2405 283 2444 cum
295 2390 414 2459 pecunia
426 2390 606 2458 indicassent,
619 2407 683 2445 cum
697 2390 742 2444 vix
760 2407 874 2445 suorum
892 2391 1013 2460 aliquem
1032 2406 1128 2445 secum
1140 2390 1256 2446 haberet

103 2471 238 2542 siluisque
256 2489 290 2526 ac
307 2472 388 2542 aquis
400 2474 444 2528 vel
465 2474 612 2544 paludibus
626 2474 771 2544 profundis
784 2473 906 2545 vndique
924 2473 1158 2529 circumdaretur:
1181 2473 1257 2529 iuxta
1271 2495 1301 2546 ²⁵

103 2555 209 2610 flumen
228 2570 285 2625 quo
303 2566 370 2622 erat,
383 2565 504 2627 quatuor
519 2573 589 2612 vene
606 2573 752 2628 aquarum,
771 2573 883 2628 semper
900 2555 1034 2625 deinceps
1052 2557 1180 2622 fluentes,
1193 2574 1255 2613 eru·

103 2647 213 2709 perunt.
252 2638 364 2693 Deinde
376 2655 425 2694 rex
437 2655 488 2710 per
500 2639 604 2693 vadum
616 2649 682 2694 ante
701 2639 872 2708 incognitum
883 2639 960 2709 quod
973 2639 1058 2694 modo
1072 2641 1255 2709 Derneforde,

104 2721 133 2775 .i.
153 2721 263 2776 ‘latens
281 2721 401 2776 vadum'
423 2721 531 2790 dicitur,
550 2721 679 2788 transiit:
710 2722 806 2793 sicque
825 2722 862 2776 ad
881 2739 946 2777 suos
968 2722 1092 2790 veniens,
1112 2722 1189 2793 ipsos
1211 2741 1257 2778 co·

104 2803 250 2872 adunauit,
270 2813 297 2858 et
322 2803 448 2859 celeriter
466 2821 549 2875 super
567 2805 682 2860 eosdem
704 2805 861 2860 incredulos
882 2805 959 2860 inuit
979 2815 1007 2860 et
1028 2821 1077 2860 eos
1098 2806 1256 2875 pmstrauit.

106 2888 181 2941 ltem
199 2886 339 2941 relacione
359 2886 449 2957 plebis
468 2887 585 2942 refertur
606 2888 739 2958 quoniam
760 2889 828 2942 dum
850 2887 910 2942 vice
934 2888 1057 2958 quadam
1082 2887 1111 2940 in
1132 2888 1256 2958 quodam
1270 2907 1302 2954 ³0

105 2967 258 3039 municipio
277 2985 328 3024 suo
346 2970 409 3026 forti
428 2980 591 3035 moraretur,
610 2970 746 3026 exercitus
765 2986 940 3041 paganorum
964 2969 1138 3039 prouinciam
1164 2968 1256 3023 subito

105 3051 233 3120 ingressi,
253 3051 317 3106 illuc
342 3053 477 3108 aduolant
492 3063 520 3107 et
544 3064 668 3108 castrum
689 3052 828 3109 obsident.
865 3052 1072 3122 Prospicientes
1094 3067 1160 3105 vero
1181 3051 1256 3120 quod

105 3143 230 3188 castrum
254 3133 296 3189 eis
320 3134 534 3204 inexpugnabile
564 3146 648 3201 esset,
671 3136 803 3190 recedere
832 3134 1034 3200 decreuerunt3
1066 3144 1110 3189 set
1140 3133 1256 3204 quidam

106 3217 227 3271 latomus
245 3233 294 3286 pre
311 3227 455 3273 senectute
473 3232 566 3285 cecus,
578 3235 663 3290 quem
681 3218 753 3272 inter
771 3215 970 3287 prebendarios
992 3233 1043 3270 reu
1057 3225 1171 3270 sanctus
1190 3232 1256 3285 pas·

105 3299 198 3366 cebat,
222 3300 351 3353 mercede
375 3299 475 3354 ductus
499 3299 679 3355 infirmiorem
704 3300 796 3354 locum
820 3299 915 3366 castri,
934 3315 991 3369 quo
1015 3297 1131 3352 murus²
1148 3298 1256 3354 facilius
1271 3321 1301 3372 35

106 3380 305 3436 insultantibus
322 3381 443 3450 cederet,
459 3381 612 3450 indicauit:
631 3382 767 3455 quoniam
783 3381 844 3452 ipse
861 3381 930 3436 olim
947 3381 1164 3437 construccionis
1184 3383 1256 3436 muri

106 3463 181 3518 illius
204 3463 361 3534 prepositus
384 3463 481 3519 fuerat
531 3466 658 3535 Cumque
683 3475 797 3520 sanctus
821 3481 869 3518 rex
893 3464 1031 3520 machinis
1062 3465 1257 3534 inpellentibus

106 3563 217 3601 murum
235 3548 334 3602 cedere
353 3555 542 3616 cognosceret,
560 3564 633 3619 equo
650 3547 738 3602 veloci
757 3563 813 3617 per
825 3557 934 3618 portam
953 3547 1026 3602 inter
1044 3555 1151 3602 turmas
1169 3565 1257 3618 puga·

105 3646 207 3684 norum
224 3629 297 3684 exiit
334 3631 407 3684 Cum
424 3647 491 3698 ergo
509 3630 700 3702 insequeretur
717 3647 735 3684 a
753 3631 845 3698 longe,
863 3630 900 3684 ab
918 3629 959 3686 eis
979 3629 1127 3701 inquisitus
1145 3630 1192 3685 vbi
1210 3647 1256 3686 rex

106 3721 191 3778 esset,
210 3711 374 3782 respondit:
394 3711 554 3768 ‘Velociter
571 3711 669 3778 redite,
681 3712 746 3782 quia
764 3729 828 3767 cum
845 3728 899 3782 ego
916 3711 944 3766 in
960 3713 1075 3767 castello
1091 3729 1177 3779 uam,
1190 3721 1258 3767 tunc
1270 3733 1303 3783 4⁰

105 3812 155 3850 rex
175 3792 211 3848 ibi
233 3795 308 3849 erat'
346 3795 410 3850 Hoc
430 3794 594 3851 audientes:
622 3812 687 3850 eum
707 3793 815 3866 insequi
836 3794 999 3862 omiserunt,
1020 3803 1047 3848 et
1073 3794 1199 3849 celeriter
1219 3794 1257 3848 ad

105 3877 337 3948 perscrutandum
367 3877 512 3932 castellum
543 3895 592 3948 pro
622 3876 755 3947 capcione
786 3877 858 3946 regis
889 3876 1038 3931 redierunt.
1076 3877 1168 3943 Quem
1193 3893 1257 3931 cum

106 3957 223 4014 minime
244 3958 418 4028 reperissent,
438 3969 505 4013 tunc
525 3958 615 4029 primo
639 3969 829 4030 cognouerunt
849 3959 924 4030 quod
943 3959 1003 4028 ipse
1023 3973 1071 4012 rex
1088 3958 1197 4012 locutus
1215 3958 1256 4013 eis

106 4049 202 4106 essct;
221 4039 299 4096 cuius
318 4041 419 4096 timore
440 4039 534 4097 statim
554 4041 697 4097 discedere
715 4051 892 4112 parauenmt,
907 4039 1040 4110 quoniam
1059 4039 1118 4095 eius
1136 4039 1257 4096 reditum

107 4140 173 4179 cum
185 4123 307 4178 exercitu
319 4124 437 4179 collecto
449 4123 690 4180 exterminabilem
702 4125 755 4180 sibi
767 4122 997 4178 formidauenmt.
1035 4123 1072 4177 Et
1086 4139 1149 4176 cum
1162 4121 1257 4178 furtim
1270 4144 1302 4194 45

107 4205 175 4262 inde
194 4221 225 4262 se
247 4206 458 4262 subtraherent:
488 4224 535 4263 rex
553 4217 665 4264 sanctus
685 4223 750 4262 cum
768 4205 888 4262 exercitu
908 4203 990 4260 rediit
1014 4215 1042 4260 et
1066 4221 1164 4261 omnes
1184 4207 1258 4264 male

307 4310 315 4339 ¹
333 4313 388 4364 MS.
402 4313 495 4365 crudis.
856 4311 866 4342 ¹
884 4311 940 4362 its.
954 4327 1062 4363 murum.
