3036 4878
110 295 336 363 usuali-ator
362 281 436 373 Dr
458 279 518 368 b.
538 282 755 367 eumenus
778 295 871 384 taur
895 289 935 368 ct
959 289 1150 384 muttum.
1191 290 1264 377 679

169 500 219 553 DE
237 511 373 564 QUODAM
393 512 542 556 ROGANTE
560 515 579 555 Α
599 513 751 558 ratisratis
769 515 889 558 CURARI
909 515 969 557 vttL
987 513 1102 557 srnrttt
1122 513 1211 557 MORI.

114 622 247 745 ANno
260 637 316 692 quo
332 639 424 692 supra,
439 622 580 677 lohannes
596 623 703 694 Pipere,
717 624 753 678 de
766 623 929 694 Friskenay,
944 640 1011 678 casu
1029 622 1142 677 fortuito
1158 623 1266 692 grauis-

210 703 282 758 sima
289 721 466 774 compressus
475 715 534 759 erat
545 705 707 761 infirmitate
717 716 745 761 et
753 705 896 761 immensis
910 708 1090 776 premebatur
1099 706 1265 761 continuatis

113 787 239 841 febribus
256 796 283 841 et
306 787 367 841 aliis
387 788 537 854 doloribus,
557 805 608 858 per
623 798 678 843 tres
700 805 812 844 menses
834 800 861 843 et
877 789 1043 844 dimidium:
1064 789 1112 860 qui
1125 788 1267 844 anxietate

112 869 203 923 nimia
221 868 343 940 vndique
363 871 480 926 uallatus
498 881 526 925 et
544 869 672 925 astrictus
690 871 766 926 vouit
786 871 823 926 ad
845 873 982 941 capellam
1004 871 1095 926 sancti
1118 869 1265 926 Edmundi

113 950 313 1020 supradictam,
333 951 418 1008 deum
437 953 591 1023 deprecans
609 961 637 1008 et
656 963 785 1008 sanctum
806 954 988 1008 Edmundum
1009 953 1141 1024 quatinus
1163 955 1199 1008 ab
1219 953 1293 1019 illa5

114 1033 303 1103 infinni[ta]te
316 1033 400 1090 cicius
410 1036 625 1101 conualesceret,
635 1037 687 1102 vel,
697 1035 719 1090 si
730 1035 899 1090 contrarium
913 1036 940 1090 in
954 1035 999 1091 dei
1007 1036 1094 1090 oculis
1107 1036 1161 1091 sibi
1174 1037 1265 1106 magis

113 1127 189 1171 esset
208 1116 368 1186 expediens,
385 1119 493 1188 absque
511 1117 645 1187 temporis
665 1119 803 1173 dilacione
820 1129 939 1174 mortem
958 1118 1063 1173 subiret
1081 1128 1109 1173 et
1128 1118 1264 1188 reciperet

114 1201 297 1268 corporalem.
319 1199 394 1254 Hinc
407 1200 444 1254 ad
456 1199 612 1271 predictam
626 1201 763 1270 capellam
776 1200 900 1268 ueniens,
913 1212 940 1256 et
952 1201 990 1256 ibi
1005 1201 1033 1255 in
1046 1201 1224 1256 oracionibus
1236 1212 1265 1258 et

114 1279 216 1349 vigiliis
238 1292 350 1336 noctem
374 1281 530 1351 perducens
555 1281 774 1352 inso[m]pnem:
802 1283 848 1338 die
870 1284 995 1354 proxima
1019 1284 1144 1354 sequenti
1170 1285 1264 1340 statim

114 1372 180 1433 post
200 1381 279 1417 suam
301 1364 475 1419 oblacionem
499 1381 593 1419 coram
618 1365 750 1436 ymagine
781 1366 870 1420 sancti
899 1367 1042 1422 Edrnundi
1066 1367 1196 1436 positam,
1222 1367 1264 1421 in·
1283 1393 1312 1428 ιο

114 1445 239 1501 mediate
253 1445 313 1501 sine
329 1446 462 1517 temporis
479 1457 629 1517 protractu,
643 1449 696 1502 deo
712 1457 740 1504 et
758 1459 856 1503 sancto
873 1449 1026 1504 Edmundo
1044 1449 1171 1519 spiritum
1184 1467 1265 1504 suurn

115 1529 317 1584 commendans
330 1529 402 1583 inter
414 1530 499 1584 verba
511 1528 649 1584 oracionis
663 1529 787 1584 animam
799 1531 928 1586 exalauit.

420 1701 470 1754 Da
489 1711 775 1758 unurssoaurraus
794 1711 965 1755 Ltaaanrrs.

122 1811 227 1935 ITem
246 1829 321 1866 anno
337 1828 393 1882 quo
411 1829 502 1882 supra,
516 1811 630 1883 quidam
648 1823 732 1868 naute
751 1813 915 1882 nauigantes
933 1813 961 1868 in
974 1813 1045 1867 mari
1063 1824 1158 1868 contra
1171 1814 1265 1870 villam

191 1895 305 1949 nomine
319 1896 472 1964 Skegueys‚
487 1905 565 1952 tanta
577 1895 651 1950 aeris
664 1896 828 1966 intemperie
841 1896 933 1951 subito
948 1896 1057 1951 fuerant
1074 1896 1264 1963 circumuenti,

114 1979 191 2049 quod
210 1977 246 2032 de
264 1977 323 2031 vita
339 1977 451 2048 penitus
471 1979 652 2048 desperantes
671 1988 808 2033 vouerunt
830 1979 867 2032 ad
886 1988 1015 2033 sanctum
1035 1980 1216 2034 Edmundum
1237 1992 1264 2034 et
1282 1997 1310 2047 ¹5

114 2060 176 2115 eius
194 2059 331 2130 capellam
349 2060 386 2115 de
403 2059 537 2115 Wainflet
557 2061 769 2131 supradictam
788 2061 982 2131 promittentes
1001 2061 1025 2116 si
1043 2061 1112 2116 deus
1131 2061 1167 2116 de
1187 2071 1265 2117 tanto

115 2142 240 2214 periculo
263 2159 314 2212 per
336 2142 436 2196 merita
460 2143 550 2198 sancti
575 2143 719 2198 Edmundi
743 2161 793 2199 eos
818 2145 955 2210 liberaret,
981 2144 1073 2214 ipsum
1098 2144 1126 2198 in
1158 2147 1266 2216 capella

114 2224 277 2295 supradicta
289 2241 340 2295 pro
352 2225 466 2279 modulo
483 2241 534 2280 suo
550 2226 703 2281 honoribus
717 2236 746 2281 et
759 2225 950 2281 oblacionibus
964 2227 1089 2282 venerari
1103 2227 1264 2283 niterentur.

116 2309 181 2377 Quo
200 2317 265 2361 voto
285 2307 403 2362 emisso:
423 2308 549 2377 protinus
567 2309 603 2362 ab
621 2307 746 2362 horribili
760 2309 860 2364 timore
876 2325 927 2364 suo
942 2327 990 2378 per
1008 2309 1181 2380 tempestatis
1200 2311 1264 2365 sub·

115 2388 287 2445 traccionem
312 2399 376 2444 sunt
396 2390 475 2458 eniti,
494 2399 523 2444 et
543 2400 639 2460 optate
661 2390 802 2445 securitati
822 2391 981 2462 persancti
1002 2393 1147 2447 Edmundi
1166 2393 1265 2448 merita
1283 2410 1312 2445 ιο

114 2471 248 2527 velociter
266 2469 499 2543 comlm]endati;
519 2473 594 2527 vnde
612 2482 641 2527 et
654 2473 760 2527 dictum
773 2474 866 2528 locum
880 2475 982 2530 deuote
994 2475 1149 2542 visitantes,
1162 2492 1264 2532 nauem

114 2555 151 2610 de
169 2571 233 2609 cera
246 2555 359 2609 nornine
379 2553 534 2609 oblacionis
553 2554 659 2609 ibidem
680 2555 826 2623 situarunt,
839 2567 866 2611 et
880 2557 983 2612 cotidie
995 2567 1119 2629 ternpore
1132 2559 1216 2614 misse
1234 2560 1262 2614 in

114 2636 216 2693 eadem
235 2638 343 2708 capella
360 2639 397 2691 ob
416 2637 605 2692 reuerenciam
624 2639 712 2693 sancti
731 2639 876 2694 Edmundi
889 2640 1009 2711 propriis
1022 2642 1178 2712 sumptibus
1198 2659 1263 2697 can-

115 2719 209 2775 delam
222 2720 366 2775 ardentem
380 2719 534 2774 diutissime
547 2730 782 2776 sustentauerunt.

305 2894 354 2948 Da
370 2904 505 2957 Quanam
525 2904 670 2948 murinas
688 2904 874 2948 consancta
894 2905 934 2948 ar
952 2905 1086 2949 cunam.

187 3006 300 3062 Uedam
316 3006 416 3062 mulier
432 3005 546 3060 nomine
566 3006 693 3060 Iohanne
712 3005 813 3071 Gibbe,
833 3023 900 3060 casu
918 3004 1041 3061 cadens¹
1062 3005 1090 3060 in
1108 3015 1211 3062 terram
1229 3007 1265 3062 de
1282 3027 1312 3078 ²5

221 3106 294 3160 equo
318 3089 362 3144 cui
385 3089 535 3156 insederat,
556 3105 632 3143 anno
651 3087 777 3158 superius
802 3087 888 3153 dicto,
908 3088 986 3142 cuius
1011 3105 1093 3143 casus
1116 3089 1265 3144 occasione

114 3190 230 3228 manum
249 3189 329 3226 suam
349 3173 474 3226 dextram
493 3181 666 3226 contractam
683 3169 813 3238 obtinuit,
834 3170 874 3224 ita
892 3170 967 3241 quod
988 3170 1017 3224 in
1040 3171 1117 3225 nullo
1136 3171 1190 3226 sibi
1210 3171 1264 3242 ipsi

114 3272 240 3325 peream
252 3255 341 3326 potuit
354 3255 508 3325 prouidere.
527 3255 611 3310 Vnde
624 3253 652 3307 in
661 3253 725 3308 villa
734 3253 770 3308 de
782 3254 857 3309 Croft
868 3253 993 3323 predicta
1004 3253 1131 3308 lohanna
1139 3254 1265 3311 residens

114 3348 289 3409 pernoctem
302 3338 331 3392 in
344 3339 428 3392 domo
441 3336 586 3392 cuiusdam
599 3335 715 3391 nornine
724 3336 831 3404 Wioth,
845 3337 919 3391 circa
936 3345 1046 3407 tempus
1059 3336 1227 3407 carnipriuii,
1236 3337 1265 3392 in

114 3419 242 3490 sompnis
254 3437 305 3490 per
317 3420 454 3475 visionem
466 3419 575 3489 accepit
588 3419 664 3490 quod
676 3420 714 3474 ad
727 3419 863 3489 capellam
876 3428 1002 3489 pergeret
1015 3419 1104 3474 sancti
1122 3419 1266 3476 Edmundi
1280 3441 1312 3490 30

114 3503 151 3558 de
165 3502 304 3571 wainflet,
313 3512 341 3557 et
353 3502 391 3557 ibi
404 3519 453 3572 per
465 3500 565 3556 merita
577 3501 702 3556 eiusdem
711 3501 801 3556 sancti
815 3501 952 3572 integram
961 3501 1096 3573 reciperet
1107 3503 1264 3559 sanitatem

115 3585 179 3654 Que
203 3586 298 3640 statim
316 3585 362 3639 die
386 3583 512 3654 proximo
538 3583 666 3654 sequenti
691 3583 729 3638 ad
752 3583 857 3640 dictam
882 3585 1019 3655 capellam
1043 3585 1219 3655 perueniens,
1237 3597 1266 3642 et

115 3667 145 3722 in
163 3667 341 3722 oracionibus
360 3684 410 3738 per
427 3665 540 3737 aliquod
559 3675 670 3736 tempus
690 3665 795 3722 ibidem
814 3668 976 3734 consistens,
999 3669 1074 3737 quod
1099 3669 1266 3738 precabatur

114 3750 278 3806 mirabiliter
294 3749 420 3817 obtinuit,
432 3759 460 3804 et
477 3749 599 3819 perfecte
616 3748 728 3804 sanitati
743 3749 873 3804 restituta
890 3765 953 3804 cum
973 3748 1077 3817 gaudio
1096 3749 1211 3804 recessit
1228 3749 1264 3804 ad

114 3832 235 3904 propria
1280 3851 1309 3900 ss

442 3929 492 3981 Da
509 3940 582 3982 asin
601 3938 785 3983 consancta
803 3938 939 3982 curtari.

180 4039 281 4092 Nnosa
299 4037 420 4107 quedam
437 4035 550 4092 nomine
564 4037 654 4102 Colet,
676 4035 712 4090 de
728 4035 805 4102 Leik,
825 4043 969 4088 contracta
985 4033 1037 4088 suit
1057 4032 1086 4088 in
1104 4033 1220 4088 brachio
1237 4045 1265 4088 et

215 4119 285 4175 tibia
303 4119 422 4175 sinistris
440 4136 491 4190 per
501 4129 558 4174 tres
576 4135 665 4172 annos
685 4118 816 4187 integros,
829 4116 868 4173 ita
881 4117 955 4188 quod
974 4116 1069 4171 neruis
1081 4125 1109 4171 et
1128 4115 1264 4170 iuncturis

115 4205 258 4276 utriusque
282 4202 400 4258 membri
423 4201 542 4256 inuicem
568 4199 730 4270 congelatis,
749 4209 878 4255 neutrum
899 4199 1054 4254 membrum
1075 4197 1265 4268 supradictum

610 4353 619 4384 ²
637 4369 656 4404 r.
670 4352 767 4403 cecidit.
