3036 4878
127 315 347 382 ussouatol
374 299 448 392 D&
471 296 531 384 ῧ.
550 299 767 385 Εῖῦῐῐῐῑῐῐὶῦῦ
790 313 883 400 ttgt
906 305 945 384 tt
968 305 1157 400 malim.
1204 301 1275 390 633

150 503 202 557 DE
220 514 355 567 QUODAM
374 516 514 559 INFANTE
532 515 567 558 IN
586 515 681 559 CUNIS
700 515 845 570 IACENTE,
865 515 962 557 INTER
982 515 1128 558 FLAMMAS
1148 511 1257 558 Domus

442 599 601 642 ARDENTIS
620 599 829 641 MIRABILITER
849 599 964 642 lLLESO.

127 706 203 830 ΑΝ
207 722 243 759 no
256 705 363 760 domini
378 707 570 774 wecelino,
584 705 701 775 contigit
719 706 795 776 apud
811 705 906 760 villam
925 706 960 760 de
978 705 1115 775 Skeringe
1135 703 1278 776 quandam

228 789 342 842 domum
355 789 448 844 subito
461 788 631 844 concremari
645 789 673 844 in
686 805 743 860 qua
761 806 881 858 sponsus
897 805 961 843 cum
977 806 1091 860 sponsa,
1104 798 1132 844 et
1145 805 1209 844 cum
1222 786 1278 840 lilio

125 888 180 926 suo
199 870 226 926 iu
245 872 324 926 cunis
343 871 460 938 iacente,
479 871 571 942 sopori
590 871 788 926 vehementius
808 872 999 942 indulgebant.
1037 872 1093 941 Qui
1117 871 1212 926 statim
1231 886 1279 940 per

125 953 240 1008 flamme
256 953 403 1008 stridorem
419 955 592 1024 suigilantes,
607 972 640 1010 ac
656 955 753 1010 mortis
770 953 888 1025 perculsi
908 955 1006 1008 timore
1026 955 1142 1008 domum
1160 951 1278 1008 flammi·

125 1037 213 1090 fluam
229 1036 355 1091 celeriter
371 1037 546 1107 egredientes
564 1048 592 1092 et
606 1056 624 1093 a
641 1037 739 1092 vicinis
758 1039 816 1092 suis
832 1037 965 1092 auxilium
979 1039 1169 1108 postulantes:
1191 1037 1306 1099 lilium5

125 1136 210 1173 suum
223 1119 252 1173 in
265 1119 337 1186 ignis
350 1119 509 1174 discrimine
528 1120 640 1192 penitus
659 1120 737 1175 obliti
757 1129 831 1188 sunt,
845 1137 929 1190 super
940 1137 1023 1190 quem
1040 1119 1139 1174 domus
1152 1119 1278 1190 predicta

125 1218 179 1272 per
191 1200 285 1270 ignem
296 1213 429 1257 eneruata
441 1203 553 1258 corruit.
589 1204 671 1258 Vnde
684 1213 814 1274 parentes
833 1202 869 1256 de
886 1202 1007 1256 filiosuo
1026 1203 1237 1257 reminiscentes
1250 1211 1278 1255 et

126 1283 305 1339 ineffabiliter
329 1285 464 1354 dolentes,
483 1287 663 1356 humanoque
687 1285 809 1340 frustrati
835 1285 966 1355 presidio,
987 1285 1071 1339 deum
1095 1296 1123 1340 et
1149 1294 1277 1340 sanctum

127 1367 313 1422 Edmundum
330 1385 381 1438 pro
401 1368 449 1422 lilii
467 1369 509 1423 sui
525 1370 718 1424 conseruando
733 1370 823 1423 salute
841 1369 968 1436 precibus
987 1378 1015 1423 et
1033 1369 1201 1438 singultibus
1214 1384 1278 1422 vere

125 1449 315 1518 gemebundis
328 1449 429 1521 iugiter
441 1450 618 1519 inuocabant,
632 1462 766 1506 vouentes
779 1468 843 1506 cum
862 1451 984 1506 lacrimis
997 1452 1020 1506 si
1034 1452 1103 1507 deus
1117 1470 1167 1523 per
1179 1451 1278 1506 merita
1295 1467 1324 1502 lo

126 1531 218 1586 sancti
234 1533 377 1586 Edmundi
391 1533 512 1587 martiris
524 1534 567 1588 sui
579 1533 692 1603 gloriosi
712 1533 798 1588 lilium
813 1548 894 1588 suum
911 1535 964 1590 sibi
982 1535 1099 1589 reddere
1119 1536 1280 1606 dignaretur

125 1613 306 1680 incolumem,
319 1615 403 1670 nudis
419 1616 538 1686 pedibus
553 1633 582 1672 se
601 1617 738 1687 capellam
755 1615 845 1672 sancti
864 1617 1007 1671 Edmundi
1026 1619 1062 1672 de
1081 1620 1162 1688 Lyng
1176 1620 1278 1674 deuote

126 1695 252 1764 visitare,
282 1708 309 1751 et
334 1698 528 1754 oblacionibus
553 1691 760 1770 bonoribusque
785 1699 915 1768 congruis
940 1717 991 1770 pro
1016 1718 1068 1754 sua
1092 1701 1279 1771 possibilitate

126 1778 235 1834 ibidem
248 1779 333 1835 deum
346 1791 374 1836 et
387 1791 517 1836 sanctum
531 1783 713 1837 Edmundum
726 1793 785 1838 toto
801 1783 885 1837 corde
904 1783 1038 1838 venerari.
1077 1786 1141 1852 Quo
1158 1794 1224 1839 voto
1237 1784 1278 1839 sic

126 1862 249 1918 emisso:
269 1864 373 1919 accidit
390 1883 433 1920 res
453 1866 592 1936 stupenda
608 1877 635 1920 et
652 1866 729 1920 omni
747 1867 830 1921 laude
847 1865 1057 1935 preconizanda‚
1071 1884 1140 1936 puer
1155 1883 1277 1938 namque
1296 1880 1322 1930 15

125 1962 182 2000 nec
207 1963 257 2016 per
281 1965 378 2003 casum
402 1949 503 2004 domus
528 1967 679 2019 oppressus
701 1967 754 2004 nec
774 1967 825 2020 per
843 1949 973 2004 flammas
998 1951 1123 2016 adustus,
1145 1951 1224 2005 viuus
1250 1961 1279 2006 et

126 2027 297 2085 incolumis¹
309 2048 360 2102 per
372 2031 461 2087 sancti
475 2033 619 2088 Edmundi
632 2032 731 2087 merita
744 2033 908 2088 miraculose
921 2043 964 2087 est
977 2033 1125 2088 restitutus.

396 2198 446 2251 Du
465 2209 609 2253 uuerdan
627 2209 705 2253 cuca
725 2209 766 2252 ur
782 2209 873 2254 uum
891 2209 1021 2253 saunas.

202 2315 309 2372 Uidam
322 2316 365 2372 uir
376 2318 412 2372 de
425 2318 550 2388 partibus
565 2318 670 2374 Cancie
687 2319 794 2373 habens
805 2335 917 2374 vxorem
931 2335 1028 2374 cecam
1043 2329 1070 2374 et
1083 2328 1199 2386 mutarn,
1213 2335 1278 2373 cum

236 2417 292 2471 qua
311 2400 410 2456 diffuse
429 2401 523 2456 multis
541 2411 569 2456 et
588 2401 672 2457 variis
690 2401 719 2456 in
738 2402 806 2457 locis
827 2402 959 2457 laborans
978 2418 1029 2473 pro
1048 2403 1168 2458 sanitate
1186 2401 1279 2457 eidem

127 2484 303 2554 procuranda
322 2484 428 2538 nullam
446 2485 560 2539 omnino
579 2485 667 2556 potuit
687 2485 854 2555 impetrare;
880 2485 996 2541 tandem
1014 2487 1232 2558 depauperatus,
1250 2495 1325 2540 etto

126 2567 225 2622 labore
253 2567 362 2621 diutino
386 2567 527 2636 fatigatus,
551 2567 641 2639 ipsam
669 2570 778 2623 occulte
808 2569 978 2625 dimittendo
1003 2569 1121 2641 reliquit,
1146 2569 1279 2640 eoquod

127 2649 242 2704 ulterius
256 2650 308 2705 sibi
326 2651 484 2705 necessaria
501 2667 648 2722 procurare
665 2668 721 2705 non
740 2651 838 2722 potuit.
876 2653 951 2721 Quid
968 2654 1067 2724 plura?
1104 2656 1213 2708 Reuera
1232 2652 1278 2723 qui

128 2743 211 2788 sanat
228 2732 364 2788 contritos
380 2733 464 2788 corde
482 2743 509 2789 et
526 2733 646 2804 allegat¹
659 2734 845 2789 contriciones
863 2753 969 2804 eorum,
982 2736 1077 2791 statim
1093 2745 1158 2806 post
1175 2735 1279 2790 disces·

128 2833 192 2872 sum
209 2815 302 2871 mariti
315 2815 407 2871 eidem
425 2817 532 2872 mtdieri
547 2817 576 2872 in
594 2817 719 2887 sompnis
736 2817 833 2884 astitit,
846 2818 961 2873 dicens:
982 2820 1088 2888 ‘Surge
1099 2828 1128 2873 et
1142 2817 1228 2873 transi
1241 2818 1278 2872 ad

127 2900 264 2970 capellam
278 2899 440 2954 monialium
454 2899 606 2956 Theiordie
618 2901 693 2971 apud
706 2899 801 2954 villam
811 2901 847 2954 de
858 2901 929 2970 Ling
941 2900 970 2954 in
983 2902 1089 2955 honore
1102 2901 1191 2955 sancti
1205 2900 1278 2969 regis
1294 2917 1322 2966 ²⁵

128 2992 157 3037 et
170 2981 291 3037 martiris
305 2983 448 3037 Edmundi
461 2984 624 3038 fundatam!
661 2983 723 3054 Que
742 2982 838 3038 statim
855 2999 873 3038 a
891 2999 1009 3053 sompno
1025 2983 1175 3054 respirans,
1189 2983 1278 3037 virum

127 3065 286 3134 elegantem
311 3075 338 3119 et
363 3065 607 3136 pulcher[r]imum
633 3067 669 3121 de
697 3066 784 3120 domo
806 3083 857 3120 sua
878 3066 1068 3136 egredientem
1090 3067 1202 3121 oculata
1222 3067 1278 3120 lide

128 3149 278 3214 cemebat3
308 3165 391 3218 quem
410 3165 545 3219 sponsum
565 3166 645 3203 suum
664 3149 722 3203 sore
743 3150 870 3218 credens,
891 3148 1006 3204 vocibus
1026 3148 1218 3204 huiuscemodi
1241 3149 1279 3204 ad

128 3247 193 3286 eum
207 3241 273 3286 tunc
286 3231 430 3287 clamauit:
445 3232 594 3298 ‘Domine
603 3249 659 3303 quo
667 3232 746 3286 vadis
756 3233 781 3287 ?’
810 3235 847 3287 At
858 3233 903 3287 ille
916 3231 962 3303 qui
973 3230 1101 3303 apparuit
1113 3232 1257 3302 respondit
1271 3250 1277 3288 :

129 3315 288 3368 ‘Hesterna
301 3313 347 3368 die
365 3314 524 3370 mdlatenus
541 3333 585 3370 me
600 3315 703 3382 vidisti,
716 3325 744 3370 et
762 3315 818 3369 iam
837 3317 872 3370 de
887 3325 970 3370 nocte
990 3324 1070 3386 potes
1086 3332 1131 3370 me
1148 3316 1242 3371 videre
1253 3316 1278 3371 l'
1292 3331 1325 3380 30

130 3395 183 3452 Cui
199 3407 227 3452 et
239 3397 301 3451 illa:
321 3396 457 3468 ‘Loquor‚
471 3408 500 3453 et
512 3398 602 3464 video,
615 3399 689 3453 vnde
707 3399 762 3453 deo
780 3399 889 3468 gracias
902 3399 972 3468 ago!
1010 3397 1168 3470 Statimque
1180 3399 1279 3454 vicinis

128 3479 327 3536 accedentibus
346 3481 438 3536 retulit
460 3481 580 3552 qualiter
600 3499 671 3536 vnus
693 3482 747 3536 sibi
767 3482 902 3538 assistens
921 3482 1059 3538 consuluit
1077 3493 1104 3538 et
1124 3483 1231 3539 monuit
1250 3493 1279 3538 vt

129 3562 283 3632 predictam
299 3565 435 3634 capellam
452 3564 559 3619 adiret:
579 3564 655 3635 quod
673 3573 700 3619 et
718 3565 791 3621 fecit.
829 3565 930 3637 Sieque
950 3566 1055 3621 factum
1074 3576 1117 3622 est
1136 3568 1210 3637 quod
1229 3583 1280 3637 per

129 3645 219 3700 sancti
236 3646 381 3702 Edmundi
400 3645 499 3702 merita
517 3646 547 3701 in
566 3664 621 3702 vna
640 3648 739 3704 eadem
758 3665 889 3719 persona,
901 3665 970 3704 ceca
988 3649 1071 3718 visui,
1085 3661 1162 3705 muta
1181 3648 1277 3704 affatui

129 3727 295 3784 miraculose
307 3730 396 3784 luerat
409 3729 582 3785 restituta-
1293 3745 1323 3798 35

307 3894 357 3948 DE
376 3907 488 3951 sucum
507 3907 629 3951 Fttttcro
647 3908 687 3951 ΕΤ
706 3908 907 3952 tttttncuuosu
926 3909 1101 3953 REPARATO.

197 4016 225 4070 lr
237 4014 354 4086 quidam
367 4015 457 4070 fidelis
474 4026 502 4072 et
509 4016 566 4072 vite
581 4017 734 4087 probabilis
744 4018 884 4072 lohannes
899 4018 935 4072 de
946 4018 1100 4086 Languode
1113 4015 1235 4084 nomine,
1249 4016 1277 4071 in

230 4096 358 4169 partibus
371 4099 497 4155 Estsexie
509 4100 583 4170 apud
597 4099 713 4156 Gosield
725 4099 867 4168 oriundus,
879 4101 1022 4171 quoddam
1035 4099 1197 4155 miraculum
1211 4100 1277 4155 dcun

129 4181 222 4236 adhuc
240 4198 310 4252 puer
328 4180 356 4235 in
375 4192 492 4252 patema
510 4183 594 4238 domo
613 4195 737 4238 maneret
757 4182 831 4237 fideli
849 4183 1009 4238 assercione
1028 4184 1064 4238 de
1083 4201 1113 4238 se
1127 4183 1278 4253 contigisse

129 4263 277 4334 perhibuit.
315 4265 445 4333 Quodam
466 4282 587 4337 namque
609 4266 654 4320 die
679 4283 743 4321 cum
767 4265 860 4320 animo
884 4267 998 4322 caderet
1018 4265 1115 4338 puerili
1135 4267 1278 4338 quoddam

292 4381 301 4411 ¹
320 4383 376 4435 MS.
387 4383 518 4436 incolimis.
763 4384 773 4413 ²
790 4385 845 4436 MS.
857 4385 961 4452 alligot3
978 4386 1114 4438 alleviat.
