<?xml version="1.0" encoding="UTF-8"?>
<!DOCTYPE html PUBLIC "-//W3C//DTD XHTML 1.0 Transitional//EN"
    "http://www.w3.org/TR/xhtml1/DTD/xhtml1-transitional.dtd">
<html xmlns="http://www.w3.org/1999/xhtml" xml:lang="en" lang="en">
 <head>
  <title>
</title>
<meta http-equiv="Content-Type" content="text/html;charset=utf-8" />
  <meta name='ocr-system' content='tesseract 3.04.00' />
  <meta name='ocr-capabilities' content='ocr_page ocr_carea ocr_par ocr_line ocrx_word'/>
</head>
<body>
  <div class='ocr_page' id='page_1' title='image "./novalegendaangl00wordgoog/novalegendaangl00wordgoog_0709.png"; bbox 0 0 3036 4878; ppageno 0'>
   <div class='ocr_carea' id='block_1_1' title="bbox 262 259 988 362">
    <p class='ocr_par' dir='ltr' id='par_1_1' title="bbox 262 259 988 362">
     <span class='ocr_line' id='line_1_1' title="bbox 262 259 988 362; baseline 0.004 -25"><span class='ocrx_word' id='word_1_1' title='bbox 262 281 335 356; x_wconf 89' lang='lat'>700</span> <span class='ocrx_word' id='word_1_2' title='bbox 682 259 884 362; x_wconf 59' lang='lat' dir='ltr'>appennis</span> <span class='ocrx_word' id='word_1_3' title='bbox 913 263 988 340; x_wconf 91' lang='lat' dir='ltr'>lll.</span> 
     </span>
    </p>
   </div>
   <div class='ocr_carea' id='block_1_2' title="bbox 230 444 1424 842">
    <p class='ocr_par' dir='ltr' id='par_1_2' title="bbox 257 444 1424 524">
     <span class='ocr_line' id='line_1_2' title="bbox 257 444 1424 524; baseline 0.007 -24"><span class='ocrx_word' id='word_1_4' title='bbox 257 445 353 502; x_wconf 91' lang='lat' dir='ltr'>diuine</span> <span class='ocrx_word' id='word_1_5' title='bbox 364 444 582 518; x_wconf 74' lang='lat' dir='ltr'>dispensationis</span> <span class='ocrx_word' id='word_1_6' title='bbox 594 446 757 516; x_wconf 83' lang='lat' dir='ltr'>mysterium</span> <span class='ocrx_word' id='word_1_7' title='bbox 770 447 929 504; x_wconf 78' lang='lat' dir='ltr'>nunciabat.</span> <span class='ocrx_word' id='word_1_8' title='bbox 967 449 1096 519; x_wconf 85' lang='lat' dir='ltr'>Cumque</span> <span class='ocrx_word' id='word_1_9' title='bbox 1111 447 1140 503; x_wconf 92' lang='lat' dir='ltr'>in</span> <span class='ocrx_word' id='word_1_10' title='bbox 1152 447 1240 504; x_wconf 80' lang='lat' dir='ltr'>extasi</span> <span class='ocrx_word' id='word_1_11' title='bbox 1252 459 1285 505; x_wconf 89' lang='lat' dir='ltr'>et</span> <span class='ocrx_word' id='word_1_12' title='bbox 1298 459 1424 524; x_wconf 85' lang='lat' dir='ltr'>stupore</span> 
     </span>
    </p>

    <p class='ocr_par' dir='ltr' id='par_1_3' title="bbox 258 527 1424 601">
     <span class='ocr_line' id='line_1_3' title="bbox 258 527 1424 601; baseline 0.005 -17"><span class='ocrx_word' id='word_1_13' title='bbox 258 530 412 585; x_wconf 87' lang='lat' dir='ltr'>secundum</span> <span class='ocrx_word' id='word_1_14' title='bbox 436 530 529 585; x_wconf 89' lang='lat' dir='ltr'>uarios</span> <span class='ocrx_word' id='word_1_15' title='bbox 553 527 639 584; x_wconf 90' lang='lat' dir='ltr'>animi</span> <span class='ocrx_word' id='word_1_16' title='bbox 664 539 757 586; x_wconf 86' lang='lat' dir='ltr'>motus</span> <span class='ocrx_word' id='word_1_17' title='bbox 780 529 959 600; x_wconf 85' lang='lat' dir='ltr'>opinionibus</span> <span class='ocrx_word' id='word_1_18' title='bbox 980 530 1120 601; x_wconf 86' lang='lat' dir='ltr'>ambiguis</span> <span class='ocrx_word' id='word_1_19' title='bbox 1140 532 1334 588; x_wconf 88' lang='lat' dir='ltr'>fluctuarent:</span> <span class='ocrx_word' id='word_1_20' title='bbox 1363 553 1424 590; x_wconf 82' lang='lat' dir='ltr'>vna</span> 
     </span>
    </p>

    <p class='ocr_par' dir='ltr' id='par_1_4' title="bbox 258 611 1423 681">
     <span class='ocr_line' id='line_1_4' title="bbox 258 611 1423 681; baseline 0.007 -17"><span class='ocrx_word' id='word_1_21' title='bbox 258 611 440 667; x_wconf 85' lang='lat' dir='ltr'>obstetricum</span> <span class='ocrx_word' id='word_1_22' title='bbox 463 611 500 667; x_wconf 90' lang='lat' dir='ltr'>de</span> <span class='ocrx_word' id='word_1_23' title='bbox 521 613 608 668; x_wconf 90' lang='lat' dir='ltr'>domo</span> <span class='ocrx_word' id='word_1_24' title='bbox 632 612 680 668; x_wconf 91' lang='lat' dir='ltr'>illa</span> <span class='ocrx_word' id='word_1_25' title='bbox 703 613 850 681; x_wconf 89' lang='lat' dir='ltr'>egrediens</span> <span class='ocrx_word' id='word_1_26' title='bbox 873 613 1071 670; x_wconf 84' lang='lat' dir='ltr'>miraculosam</span> <span class='ocrx_word' id='word_1_27' title='bbox 1093 615 1205 672; x_wconf 69' lang='lat' dir='ltr'>infantis</span> <span class='ocrx_word' id='word_1_28' title='bbox 1229 615 1423 672; x_wconf 86' lang='lat' dir='ltr'>natiuitatem</span> 
     </span>
    </p>

    <p class='ocr_par' dir='ltr' id='par_1_5' title="bbox 230 694 1424 842">
     <span class='ocr_line' id='line_1_5' title="bbox 258 694 1424 768; baseline 0.006 -20"><span class='ocrx_word' id='word_1_29' title='bbox 258 696 420 764; x_wconf 85' lang='lat' dir='ltr'>annunciat,</span> <span class='ocrx_word' id='word_1_30' title='bbox 447 695 598 768; x_wconf 79' lang='lat' dir='ltr'>diuinaque</span> <span class='ocrx_word' id='word_1_31' title='bbox 626 694 813 752; x_wconf 79' lang='lat' dir='ltr'>miserationis</span> <span class='ocrx_word' id='word_1_32' title='bbox 840 698 999 768; x_wconf 80' lang='lat' dir='ltr'>presagium</span> <span class='ocrx_word' id='word_1_33' title='bbox 1027 697 1092 754; x_wconf 91' lang='lat' dir='ltr'>uiue</span> <span class='ocrx_word' id='word_1_34' title='bbox 1121 698 1198 755; x_wconf 90' lang='lat' dir='ltr'>uocis</span> <span class='ocrx_word' id='word_1_35' title='bbox 1228 700 1424 755; x_wconf 86' lang='lat' dir='ltr'>attestatione</span> 
     </span>
     <span class='ocr_line' id='line_1_6' title="bbox 230 777 413 842; baseline 0.016 -12"><span class='ocrx_word' id='word_1_36' title='bbox 230 777 413 842; x_wconf 61' lang='lat' dir='ltr'>§confirmat</span> 
     </span>
    </p>
   </div>
   <div class='ocr_carea' id='block_1_3' title="bbox 357 916 1315 976">
    <p class='ocr_par' dir='ltr' id='par_1_6' title="bbox 357 916 1315 976">
     <span class='ocr_line' id='line_1_7' title="bbox 357 916 1315 976; baseline 0.004 -6"><span class='ocrx_word' id='word_1_37' title='bbox 357 916 408 970; x_wconf 80' lang='lat' dir='ltr'>DE</span> <span class='ocrx_word' id='word_1_38' title='bbox 425 929 511 972; x_wconf 73' lang='lat' dir='ltr'>FAMA</span> <span class='ocrx_word' id='word_1_39' title='bbox 531 927 687 974; x_wconf 77' lang='lat' dir='ltr'>MIRACULI</span> <span class='ocrx_word' id='word_1_40' title='bbox 707 929 742 972; x_wconf 76' lang='lat' dir='ltr'>lli</span> <span class='ocrx_word' id='word_1_41' title='bbox 762 929 956 974; x_wconf 68' lang='lat' dir='ltr'>maritimrs</span> <span class='ocrx_word' id='word_1_42' title='bbox 975 931 1016 974; x_wconf 85' lang='lat' dir='ltr'>ET</span> <span class='ocrx_word' id='word_1_43' title='bbox 1033 931 1187 976; x_wconf 78' lang='lat' dir='ltr'>BAPTlSth</span> <span class='ocrx_word' id='word_1_44' title='bbox 1205 931 1315 976; x_wconf 73' lang='lat' dir='ltr'>ruant.</span> 
     </span>
    </p>
   </div>
   <div class='ocr_carea' id='block_1_4' title="bbox 216 1023 1504 1516">
    <p class='ocr_par' dir='ltr' id='par_1_7' title="bbox 319 1023 1504 1101">
     <span class='ocr_line' id='line_1_8' title="bbox 319 1023 1504 1101; baseline 0.003 -17"><span class='ocrx_word' id='word_1_45' title='bbox 319 1029 387 1100; x_wconf 88' lang='lat' dir='ltr'>Epit</span> <span class='ocrx_word' id='word_1_46' title='bbox 402 1029 478 1085; x_wconf 80' lang='lat' dir='ltr'>ianm</span> <span class='ocrx_word' id='word_1_47' title='bbox 495 1030 566 1085; x_wconf 89' lang='lat' dir='ltr'>tanti</span> <span class='ocrx_word' id='word_1_48' title='bbox 579 1029 706 1086; x_wconf 87' lang='lat' dir='ltr'>miraculi</span> <span class='ocrx_word' id='word_1_49' title='bbox 719 1047 770 1100; x_wconf 90' lang='lat' dir='ltr'>per</span> <span class='ocrx_word' id='word_1_50' title='bbox 786 1030 945 1101; x_wconf 89' lang='lat' dir='ltr'>prouincias</span> <span class='ocrx_word' id='word_1_51' title='bbox 956 1031 1118 1087; x_wconf 90' lang='lat' dir='ltr'>adiacentes</span> <span class='ocrx_word' id='word_1_52' title='bbox 1133 1031 1230 1086; x_wconf 87' lang='lat' dir='ltr'>crebra</span> <span class='ocrx_word' id='word_1_53' title='bbox 1245 1047 1422 1088; x_wconf 87' lang='lat' dir='ltr'>commean-</span> <span class='ocrx_word' id='word_1_54' title='bbox 1503 1023 1504 1036; x_wconf 50' lang='lat'>¹</span> 
     </span>
    </p>

    <p class='ocr_par' dir='ltr' id='par_1_8' title="bbox 216 1111 1504 1516">
     <span class='ocr_line' id='line_1_9' title="bbox 354 1111 1422 1186; baseline 0.003 -19"><span class='ocrx_word' id='word_1_55' title='bbox 354 1111 427 1168; x_wconf 91' lang='lat' dir='ltr'>cium</span> <span class='ocrx_word' id='word_1_56' title='bbox 453 1114 587 1168; x_wconf 87' lang='lat' dir='ltr'>relatione</span> <span class='ocrx_word' id='word_1_57' title='bbox 612 1113 772 1184; x_wconf 83' lang='lat' dir='ltr'>plebescere</span> <span class='ocrx_word' id='word_1_58' title='bbox 780 1113 799 1182; x_wconf 87' lang='lat'>¹,</span> <span class='ocrx_word' id='word_1_59' title='bbox 822 1123 954 1184; x_wconf 90' lang='lat' dir='ltr'>ceperunt</span> <span class='ocrx_word' id='word_1_60' title='bbox 985 1113 1080 1186; x_wconf 91' lang='lat' dir='ltr'>populi</span> <span class='ocrx_word' id='word_1_61' title='bbox 1108 1113 1234 1169; x_wconf 90' lang='lat' dir='ltr'>diuinam</span> <span class='ocrx_word' id='word_1_62' title='bbox 1263 1112 1295 1167; x_wconf 91' lang='lat' dir='ltr'>in</span> <span class='ocrx_word' id='word_1_63' title='bbox 1322 1131 1422 1184; x_wconf 87' lang='lat' dir='ltr'>puero</span> 
     </span>
     <span class='ocr_line' id='line_1_10' title="bbox 259 1195 1421 1268; baseline 0.003 -18"><span class='ocrx_word' id='word_1_64' title='bbox 259 1195 503 1264; x_wconf 81' lang='lat' dir='ltr'>magnificenciam</span> <span class='ocrx_word' id='word_1_65' title='bbox 532 1197 739 1264; x_wconf 88' lang='lat' dir='ltr'>commendare,</span> <span class='ocrx_word' id='word_1_66' title='bbox 763 1213 819 1268; x_wconf 89' lang='lat' dir='ltr'>que</span> <span class='ocrx_word' id='word_1_67' title='bbox 847 1206 925 1252; x_wconf 88' lang='lat' dir='ltr'>tante</span> <span class='ocrx_word' id='word_1_68' title='bbox 955 1197 1072 1254; x_wconf 89' lang='lat' dir='ltr'>uisionis</span> <span class='ocrx_word' id='word_1_69' title='bbox 1094 1207 1196 1252; x_wconf 90' lang='lat' dir='ltr'>euentu</span> <span class='ocrx_word' id='word_1_70' title='bbox 1219 1195 1342 1265; x_wconf 86' lang='lat' dir='ltr'>dignata</span> <span class='ocrx_word' id='word_1_71' title='bbox 1374 1210 1421 1253; x_wconf 87' lang='lat' dir='ltr'>est</span> 
     </span>
     <span class='ocr_line' id='line_1_11' title="bbox 259 1277 1422 1351; baseline 0.003 -18"><span class='ocrx_word' id='word_1_72' title='bbox 259 1277 430 1350; x_wconf 87' lang='lat' dir='ltr'>primitiuam</span> <span class='ocrx_word' id='word_1_73' title='bbox 451 1281 593 1336; x_wconf 85' lang='lat' dir='ltr'>nascentis</span> <span class='ocrx_word' id='word_1_74' title='bbox 618 1278 770 1336; x_wconf 81' lang='lat' dir='ltr'>infanciam</span> <span class='ocrx_word' id='word_1_75' title='bbox 802 1281 955 1336; x_wconf 88' lang='lat' dir='ltr'>declarare.</span> <span class='ocrx_word' id='word_1_76' title='bbox 991 1282 1103 1336; x_wconf 90' lang='lat' dir='ltr'>Octauo</span> <span class='ocrx_word' id='word_1_77' title='bbox 1126 1281 1221 1350; x_wconf 89' lang='lat' dir='ltr'>itaque</span> <span class='ocrx_word' id='word_1_78' title='bbox 1246 1279 1294 1342; x_wconf 83' lang='lat' dir='ltr'>die</span> <span class='ocrx_word' id='word_1_79' title='bbox 1317 1281 1422 1351; x_wconf 85' lang='lat' dir='ltr'>bapti·</span> 
     </span>
     <span class='ocr_line' id='line_1_12' title="bbox 216 1349 1504 1434; baseline 0.001 -16"><span class='ocrx_word' id='word_1_80' title='bbox 216 1381 248 1418; x_wconf 88' lang='lat' dir='ltr'>ro</span> <span class='ocrx_word' id='word_1_81' title='bbox 259 1371 345 1430; x_wconf 83' lang='lat' dir='ltr'>zatus,</span> <span class='ocrx_word' id='word_1_82' title='bbox 360 1372 389 1418; x_wconf 91' lang='lat' dir='ltr'>et</span> <span class='ocrx_word' id='word_1_83' title='bbox 407 1363 563 1418; x_wconf 86' lang='lat' dir='ltr'>Guthlacus</span> <span class='ocrx_word' id='word_1_84' title='bbox 581 1362 609 1416; x_wconf 94' lang='lat' dir='ltr'>in</span> <span class='ocrx_word' id='word_1_85' title='bbox 625 1363 766 1434; x_wconf 87' lang='lat' dir='ltr'>baptismo</span> <span class='ocrx_word' id='word_1_86' title='bbox 781 1373 898 1418; x_wconf 90' lang='lat' dir='ltr'>uocatus</span> <span class='ocrx_word' id='word_1_87' title='bbox 915 1373 976 1418; x_wconf 86' lang='lat' dir='ltr'>est:</span> <span class='ocrx_word' id='word_1_88' title='bbox 1001 1363 1076 1434; x_wconf 92' lang='lat' dir='ltr'>quod</span> <span class='ocrx_word' id='word_1_89' title='bbox 1093 1363 1320 1433; x_wconf 82' lang='lat' dir='ltr'>interpretatione</span> <span class='ocrx_word' id='word_1_90' title='bbox 1336 1363 1421 1419; x_wconf 81' lang='lat' dir='ltr'>felici</span> <span class='ocrx_word' id='word_1_91' title='bbox 1503 1349 1504 1396; x_wconf 73' lang='lat' dir='ltr'>l</span> 
     </span>
     <span class='ocr_line' id='line_1_13' title="bbox 259 1445 1420 1516; baseline 0.003 -16"><span class='ocrx_word' id='word_1_92' title='bbox 259 1455 340 1500; x_wconf 88' lang='lat' dir='ltr'>sonat</span> <span class='ocrx_word' id='word_1_93' title='bbox 354 1445 433 1500; x_wconf 89' lang='lat' dir='ltr'>‘belli</span> <span class='ocrx_word' id='word_1_94' title='bbox 446 1445 567 1500; x_wconf 87' lang='lat' dir='ltr'>donum’</span> <span class='ocrx_word' id='word_1_95' title='bbox 577 1445 637 1502; x_wconf 90' lang='lat' dir='ltr'>siue</span> <span class='ocrx_word' id='word_1_96' title='bbox 647 1447 766 1502; x_wconf 85' lang='lat' dir='ltr'>‘bonum</span> <span class='ocrx_word' id='word_1_97' title='bbox 779 1447 903 1516; x_wconf 70' lang='lat' dir='ltr'>donum:</span> <span class='ocrx_word' id='word_1_98' title='bbox 914 1446 990 1502; x_wconf 83' lang='lat' dir='ltr'>iuxta</span> <span class='ocrx_word' id='word_1_99' title='bbox 1002 1445 1115 1516; x_wconf 86' lang='lat' dir='ltr'>ydioma</span> <span class='ocrx_word' id='word_1_100' title='bbox 1125 1445 1291 1515; x_wconf 80' lang='lat' dir='ltr'>Anglonrm.</span> <span class='ocrx_word' id='word_1_101' title='bbox 1316 1448 1343 1500; x_wconf 82' lang='lat' dir='ltr'>A</span> <span class='ocrx_word' id='word_1_102' title='bbox 1359 1447 1420 1504; x_wconf 93' lang='lat' dir='ltr'>deo</span> 
     </span>
    </p>
   </div>
   <div class='ocr_carea' id='block_1_5' title="bbox 217 1527 1504 1850">
    <p class='ocr_par' dir='ltr' id='par_1_9' title="bbox 217 1527 1504 1850">
     <span class='ocr_line' id='line_1_14' title="bbox 258 1527 1504 1601; baseline -0.002 -17"><span class='ocrx_word' id='word_1_103' title='bbox 258 1527 335 1584; x_wconf 88' lang='lat' dir='ltr'>enim</span> <span class='ocrx_word' id='word_1_104' title='bbox 351 1528 472 1582; x_wconf 91' lang='lat' dir='ltr'>donatus</span> <span class='ocrx_word' id='word_1_105' title='bbox 489 1538 532 1584; x_wconf 79' lang='lat' dir='ltr'>ert</span> <span class='ocrx_word' id='word_1_106' title='bbox 551 1529 723 1599; x_wconf 88' lang='lat' dir='ltr'>parentibus,</span> <span class='ocrx_word' id='word_1_107' title='bbox 737 1540 766 1586; x_wconf 92' lang='lat' dir='ltr'>ut</span> <span class='ocrx_word' id='word_1_108' title='bbox 783 1541 881 1585; x_wconf 88' lang='lat' dir='ltr'>contra</span> <span class='ocrx_word' id='word_1_109' title='bbox 897 1547 1076 1601; x_wconf 85' lang='lat' dir='ltr'>oppressores</span> <span class='ocrx_word' id='word_1_110' title='bbox 1095 1545 1191 1585; x_wconf 87' lang='lat' dir='ltr'>eomm</span> <span class='ocrx_word' id='word_1_111' title='bbox 1211 1529 1286 1583; x_wconf 84' lang='lat' dir='ltr'>bella</span> <span class='ocrx_word' id='word_1_112' title='bbox 1302 1543 1420 1598; x_wconf 81' lang='lat' dir='ltr'>gereret</span> <span class='ocrx_word' id='word_1_113' title='bbox 1503 1533 1504 1596; x_wconf 47' lang='grc' dir='ltr'>ζ</span> 
     </span>
     <span class='ocr_line' id='line_1_15' title="bbox 258 1609 1504 1684; baseline 0.001 -18"><span class='ocrx_word' id='word_1_114' title='bbox 258 1611 340 1666; x_wconf 87' lang='lat' dir='ltr'>aede</span> <span class='ocrx_word' id='word_1_115' title='bbox 353 1609 462 1666; x_wconf 91' lang='lat' dir='ltr'>illorum</span> <span class='ocrx_word' id='word_1_116' title='bbox 474 1611 593 1666; x_wconf 89' lang='lat' dir='ltr'>uictoria</span> <span class='ocrx_word' id='word_1_117' title='bbox 605 1611 788 1683; x_wconf 83' lang='lat' dir='ltr'>triumphales</span> <span class='ocrx_word' id='word_1_118' title='bbox 801 1613 895 1669; x_wconf 88' lang='lat' dir='ltr'>titulos</span> <span class='ocrx_word' id='word_1_119' title='bbox 907 1623 1071 1684; x_wconf 88' lang='lat' dir='ltr'>reportaret.</span> <span class='ocrx_word' id='word_1_120' title='bbox 1106 1613 1167 1680; x_wconf 87' lang='lat' dir='ltr'>Vel,</span> <span class='ocrx_word' id='word_1_121' title='bbox 1180 1611 1258 1682; x_wconf 92' lang='lat' dir='ltr'>quod</span> <span class='ocrx_word' id='word_1_122' title='bbox 1270 1612 1420 1682; x_wconf 87' lang='lat' dir='ltr'>plerisque</span> <span class='ocrx_word' id='word_1_123' title='bbox 1503 1619 1504 1682; x_wconf 63' lang='lat' dir='ltr'>l</span> 
     </span>
     <span class='ocr_line' id='line_1_16' title="bbox 258 1694 1504 1767; baseline 0 -17"><span class='ocrx_word' id='word_1_124' title='bbox 258 1694 466 1764; x_wconf 87' lang='lat' dir='ltr'>competencius</span> <span class='ocrx_word' id='word_1_125' title='bbox 490 1694 582 1750; x_wconf 87' lang='lat' dir='ltr'>uisum</span> <span class='ocrx_word' id='word_1_126' title='bbox 607 1705 660 1763; x_wconf 88' lang='lat' dir='ltr'>est,</span> <span class='ocrx_word' id='word_1_127' title='bbox 684 1694 761 1750; x_wconf 83' lang='lat' dir='ltr'>iuxta</span> <span class='ocrx_word' id='word_1_128' title='bbox 784 1696 882 1751; x_wconf 90' lang='lat' dir='ltr'>datum</span> <span class='ocrx_word' id='word_1_129' title='bbox 907 1696 1045 1767; x_wconf 89' lang='lat' dir='ltr'>optimum</span> <span class='ocrx_word' id='word_1_130' title='bbox 1069 1696 1229 1764; x_wconf 89' lang='lat' dir='ltr'>donumque</span> <span class='ocrx_word' id='word_1_131' title='bbox 1254 1695 1418 1764; x_wconf 79' lang='lat' dir='ltr'>perfectum</span> <span class='ocrx_word' id='word_1_132' title='bbox 1503 1709 1504 1766; x_wconf 52' lang='lat' dir='ltr'>i</span> 
     </span>
     <span class='ocr_line' id='line_1_17' title="bbox 217 1777 1504 1850; baseline -0.001 -16"><span class='ocrx_word' id='word_1_133' title='bbox 217 1788 246 1840; x_wconf 83' lang='lat'>¹5</span> <span class='ocrx_word' id='word_1_134' title='bbox 260 1777 489 1850; x_wconf 85' lang='lat' dir='ltr'>descendensque</span> <span class='ocrx_word' id='word_1_135' title='bbox 505 1795 523 1832; x_wconf 88' lang='lat' dir='ltr'>a</span> <span class='ocrx_word' id='word_1_136' title='bbox 539 1788 619 1848; x_wconf 91' lang='lat' dir='ltr'>patre</span> <span class='ocrx_word' id='word_1_137' title='bbox 635 1778 781 1848; x_wconf 88' lang='lat' dir='ltr'>luminum,</span> <span class='ocrx_word' id='word_1_138' title='bbox 797 1789 895 1834; x_wconf 87' lang='lat' dir='ltr'>contra</span> <span class='ocrx_word' id='word_1_139' title='bbox 910 1780 1068 1850; x_wconf 88' lang='lat' dir='ltr'>spirituales</span> <span class='ocrx_word' id='word_1_140' title='bbox 1084 1777 1227 1848; x_wconf 88' lang='lat' dir='ltr'>nequicias</span> <span class='ocrx_word' id='word_1_141' title='bbox 1243 1777 1419 1849; x_wconf 85' lang='lat' dir='ltr'>multiplicia</span> <span class='ocrx_word' id='word_1_142' title='bbox 1503 1779 1504 1844; x_wconf 63' lang='lat' dir='ltr'>l</span> 
     </span>
    </p>
   </div>
   <div class='ocr_carea' id='block_1_6' title="bbox 216 1859 1418 3512">
    <p class='ocr_par' dir='ltr' id='par_1_10' title="bbox 216 1859 1418 3512">
     <span class='ocr_line' id='line_1_18' title="bbox 259 1859 1418 1932; baseline 0.001 -16"><span class='ocrx_word' id='word_1_143' title='bbox 259 1861 333 1916; x_wconf 93' lang='lat' dir='ltr'>bella</span> <span class='ocrx_word' id='word_1_144' title='bbox 349 1861 444 1930; x_wconf 83' lang='lat' dir='ltr'>gessit,</span> <span class='ocrx_word' id='word_1_145' title='bbox 463 1878 481 1917; x_wconf 88' lang='lat' dir='ltr'>a</span> <span class='ocrx_word' id='word_1_146' title='bbox 499 1860 664 1916; x_wconf 87' lang='lat' dir='ltr'>demonibus</span> <span class='ocrx_word' id='word_1_147' title='bbox 682 1861 807 1931; x_wconf 81' lang='lat' dir='ltr'>grauiter</span> <span class='ocrx_word' id='word_1_148' title='bbox 828 1861 948 1918; x_wconf 88' lang='lat' dir='ltr'>afflictus</span> <span class='ocrx_word' id='word_1_149' title='bbox 967 1862 1076 1918; x_wconf 82' lang='lat' dir='ltr'>sortiter</span> <span class='ocrx_word' id='word_1_150' title='bbox 1093 1879 1143 1916; x_wconf 90' lang='lat' dir='ltr'>eos</span> <span class='ocrx_word' id='word_1_151' title='bbox 1161 1859 1235 1929; x_wconf 85' lang='lat' dir='ltr'>uicit,</span> <span class='ocrx_word' id='word_1_152' title='bbox 1255 1877 1418 1932; x_wconf 83' lang='lat' dir='ltr'>omnesque</span> 
     </span>
     <span class='ocr_line' id='line_1_19' title="bbox 260 1943 1418 2016; baseline 0.001 -17"><span class='ocrx_word' id='word_1_153' title='bbox 260 1943 322 1999; x_wconf 87' lang='lat' dir='ltr'>illas</span> <span class='ocrx_word' id='word_1_154' title='bbox 351 1953 544 2000; x_wconf 87' lang='lat' dir='ltr'>monstmosas</span> <span class='ocrx_word' id='word_1_155' title='bbox 571 1943 646 2000; x_wconf 85' lang='lat' dir='ltr'>acies</span> <span class='ocrx_word' id='word_1_156' title='bbox 676 1945 712 2000; x_wconf 91' lang='lat' dir='ltr'>de</span> <span class='ocrx_word' id='word_1_157' title='bbox 739 1945 830 2000; x_wconf 90' lang='lat' dir='ltr'>insula</span> <span class='ocrx_word' id='word_1_158' title='bbox 861 1945 1030 2014; x_wconf 84' lang='lat' dir='ltr'>Croilandie,</span> <span class='ocrx_word' id='word_1_159' title='bbox 1055 1961 1140 2016; x_wconf 86' lang='lat' dir='ltr'>quam</span> <span class='ocrx_word' id='word_1_160' title='bbox 1167 1943 1243 2012; x_wconf 85' lang='lat' dir='ltr'>longi</span> <span class='ocrx_word' id='word_1_161' title='bbox 1273 1945 1418 2014; x_wconf 86' lang='lat' dir='ltr'>temporis</span> 
     </span>
     <span class='ocr_line' id='line_1_20' title="bbox 259 2027 1416 2099; baseline -0.001 -18"><span class='ocrx_word' id='word_1_162' title='bbox 259 2027 461 2098; x_wconf 88' lang='lat' dir='ltr'>prescriptione</span> <span class='ocrx_word' id='word_1_163' title='bbox 486 2027 675 2084; x_wconf 81' lang='lat' dir='ltr'>nendicabant</span> <span class='ocrx_word' id='word_1_164' title='bbox 703 2027 733 2082; x_wconf 91' lang='lat' dir='ltr'>in</span> <span class='ocrx_word' id='word_1_165' title='bbox 759 2045 847 2097; x_wconf 87' lang='lat' dir='ltr'>suarn,</span> <span class='ocrx_word' id='word_1_166' title='bbox 872 2039 1000 2099; x_wconf 84' lang='lat' dir='ltr'>potenter</span> <span class='ocrx_word' id='word_1_167' title='bbox 1023 2027 1105 2084; x_wconf 91' lang='lat' dir='ltr'>eiecit</span> <span class='ocrx_word' id='word_1_168' title='bbox 1128 2043 1163 2082; x_wconf 86' lang='lat' dir='ltr'>ac</span> <span class='ocrx_word' id='word_1_169' title='bbox 1185 2027 1284 2098; x_wconf 84' lang='lat' dir='ltr'>procul</span> <span class='ocrx_word' id='word_1_170' title='bbox 1308 2027 1416 2098; x_wconf 84' lang='lat' dir='ltr'>imper-</span> 
     </span>
     <span class='ocr_line' id='line_1_21' title="bbox 259 2109 1416 2182; baseline 0.002 -18"><span class='ocrx_word' id='word_1_171' title='bbox 259 2119 374 2181; x_wconf 88' lang='lat' dir='ltr'>petuum</span> <span class='ocrx_word' id='word_1_172' title='bbox 401 2111 542 2182; x_wconf 87' lang='lat' dir='ltr'>relegauit.</span> <span class='ocrx_word' id='word_1_173' title='bbox 589 2110 756 2166; x_wconf 89' lang='lat' dir='ltr'>Proficiebat</span> <span class='ocrx_word' id='word_1_174' title='bbox 780 2129 850 2182; x_wconf 90' lang='lat' dir='ltr'>puer</span> <span class='ocrx_word' id='word_1_175' title='bbox 876 2122 959 2180; x_wconf 86' lang='lat' dir='ltr'>etate,</span> <span class='ocrx_word' id='word_1_176' title='bbox 984 2121 1013 2167; x_wconf 92' lang='lat' dir='ltr'>et</span> <span class='ocrx_word' id='word_1_177' title='bbox 1041 2109 1136 2182; x_wconf 88' lang='lat' dir='ltr'>gracia</span> <span class='ocrx_word' id='word_1_178' title='bbox 1164 2109 1240 2180; x_wconf 92' lang='lat' dir='ltr'>apud</span> <span class='ocrx_word' id='word_1_179' title='bbox 1268 2110 1354 2164; x_wconf 90' lang='lat' dir='ltr'>deum</span> <span class='ocrx_word' id='word_1_180' title='bbox 1385 2123 1416 2166; x_wconf 93' lang='lat' dir='ltr'>et</span> 
     </span>
     <span class='ocr_line' id='line_1_22' title="bbox 217 2193 1415 2264; baseline 0.001 -17"><span class='ocrx_word' id='word_1_181' title='bbox 217 2209 249 2247; x_wconf 82' lang='lat' dir='ltr'>ao</span> <span class='ocrx_word' id='word_1_182' title='bbox 260 2193 396 2250; x_wconf 87' lang='lat' dir='ltr'>homines.</span> <span class='ocrx_word' id='word_1_183' title='bbox 434 2195 504 2248; x_wconf 89' lang='lat' dir='ltr'>Erat</span> <span class='ocrx_word' id='word_1_184' title='bbox 522 2204 617 2250; x_wconf 89' lang='lat' dir='ltr'>autem</span> <span class='ocrx_word' id='word_1_185' title='bbox 636 2193 708 2249; x_wconf 80' lang='lat' dir='ltr'>facie</span> <span class='ocrx_word' id='word_1_186' title='bbox 728 2193 942 2250; x_wconf 87' lang='lat' dir='ltr'>serenissimus:</span> <span class='ocrx_word' id='word_1_187' title='bbox 967 2195 1008 2250; x_wconf 88' lang='lat' dir='ltr'>sie</span> <span class='ocrx_word' id='word_1_188' title='bbox 1023 2195 1098 2250; x_wconf 89' lang='lat' dir='ltr'>enim</span> <span class='ocrx_word' id='word_1_189' title='bbox 1117 2193 1186 2249; x_wconf 90' lang='lat' dir='ltr'>deus</span> <span class='ocrx_word' id='word_1_190' title='bbox 1205 2193 1314 2247; x_wconf 88' lang='lat' dir='ltr'>uultum</span> <span class='ocrx_word' id='word_1_191' title='bbox 1328 2195 1415 2264; x_wconf 91' lang='lat' dir='ltr'>pueri</span> 
     </span>
     <span class='ocr_line' id='line_1_23' title="bbox 260 2277 1416 2348; baseline 0.001 -16"><span class='ocrx_word' id='word_1_192' title='bbox 260 2277 383 2348; x_wconf 88' lang='lat' dir='ltr'>quadam</span> <span class='ocrx_word' id='word_1_193' title='bbox 406 2277 545 2334; x_wconf 85' lang='lat' dir='ltr'>hilaritate</span> <span class='ocrx_word' id='word_1_194' title='bbox 564 2277 719 2346; x_wconf 79' lang='lat' dir='ltr'>fauorabili,</span> <span class='ocrx_word' id='word_1_195' title='bbox 737 2277 861 2348; x_wconf 84' lang='lat' dir='ltr'>quodam</span> <span class='ocrx_word' id='word_1_196' title='bbox 881 2277 1010 2348; x_wconf 88' lang='lat' dir='ltr'>angelico</span> <span class='ocrx_word' id='word_1_197' title='bbox 1028 2279 1139 2348; x_wconf 90' lang='lat' dir='ltr'>placore</span> <span class='ocrx_word' id='word_1_198' title='bbox 1161 2286 1348 2343; x_wconf 81' lang='lat' dir='ltr'>serenauerat,</span> <span class='ocrx_word' id='word_1_199' title='bbox 1370 2277 1416 2333; x_wconf 87' lang='lat' dir='ltr'>ita</span> 
     </span>
     <span class='ocr_line' id='line_1_24' title="bbox 260 2359 1413 2431; baseline 0 -17"><span class='ocrx_word' id='word_1_200' title='bbox 260 2359 336 2416; x_wconf 91' lang='lat' dir='ltr'>dicta</span> <span class='ocrx_word' id='word_1_201' title='bbox 366 2371 393 2415; x_wconf 94' lang='lat' dir='ltr'>et</span> <span class='ocrx_word' id='word_1_202' title='bbox 423 2360 499 2417; x_wconf 84' lang='lat' dir='ltr'>iacta</span> <span class='ocrx_word' id='word_1_203' title='bbox 529 2361 601 2416; x_wconf 92' lang='lat' dir='ltr'>illius</span> <span class='ocrx_word' id='word_1_204' title='bbox 628 2360 752 2431; x_wconf 86' lang='lat' dir='ltr'>quodam</span> <span class='ocrx_word' id='word_1_205' title='bbox 786 2361 881 2416; x_wconf 89' lang='lat' dir='ltr'>celesti</span> <span class='ocrx_word' id='word_1_206' title='bbox 913 2362 988 2416; x_wconf 90' lang='lat' dir='ltr'>dono</span> <span class='ocrx_word' id='word_1_207' title='bbox 1015 2361 1230 2430; x_wconf 86' lang='lat' dir='ltr'>gratificauerat,</span> <span class='ocrx_word' id='word_1_208' title='bbox 1259 2369 1291 2414; x_wconf 90' lang='lat' dir='ltr'>ut</span> <span class='ocrx_word' id='word_1_209' title='bbox 1319 2361 1413 2414; x_wconf 85' lang='lat' dir='ltr'>corda</span> 
     </span>
     <span class='ocr_line' id='line_1_25' title="bbox 258 2442 1413 2515; baseline 0.002 -19"><span class='ocrx_word' id='word_1_210' title='bbox 258 2443 404 2498; x_wconf 88' lang='lat' dir='ltr'>hominum</span> <span class='ocrx_word' id='word_1_211' title='bbox 426 2445 485 2500; x_wconf 90' lang='lat' dir='ltr'>solo</span> <span class='ocrx_word' id='word_1_212' title='bbox 507 2453 659 2515; x_wconf 90' lang='lat' dir='ltr'>conspectu</span> <span class='ocrx_word' id='word_1_213' title='bbox 680 2443 731 2499; x_wconf 93' lang='lat' dir='ltr'>sibi</span> <span class='ocrx_word' id='word_1_214' title='bbox 751 2444 911 2500; x_wconf 82' lang='lat' dir='ltr'>conciliaret</span> <span class='ocrx_word' id='word_1_215' title='bbox 935 2445 963 2499; x_wconf 92' lang='lat' dir='ltr'>in</span> <span class='ocrx_word' id='word_1_216' title='bbox 986 2443 1109 2514; x_wconf 86' lang='lat' dir='ltr'>graciam</span> <span class='ocrx_word' id='word_1_217' title='bbox 1127 2453 1155 2498; x_wconf 89' lang='lat' dir='ltr'>et</span> <span class='ocrx_word' id='word_1_218' title='bbox 1173 2442 1306 2497; x_wconf 79' lang='lat' dir='ltr'>fauorem.</span> <span class='ocrx_word' id='word_1_219' title='bbox 1347 2445 1413 2498; x_wconf 87' lang='lat' dir='ltr'>lam</span> 
     </span>
     <span class='ocr_line' id='line_1_26' title="bbox 258 2525 1413 2599; baseline 0.003 -21"><span class='ocrx_word' id='word_1_220' title='bbox 258 2525 526 2596; x_wconf 88' lang='lat' dir='ltr'>quintumdecimum</span> <span class='ocrx_word' id='word_1_221' title='bbox 542 2545 648 2582; x_wconf 90' lang='lat' dir='ltr'>annum</span> <span class='ocrx_word' id='word_1_222' title='bbox 665 2525 846 2598; x_wconf 81' lang='lat' dir='ltr'>impleuerat:</span> <span class='ocrx_word' id='word_1_223' title='bbox 866 2528 964 2599; x_wconf 89' lang='lat' dir='ltr'>suique</span> <span class='ocrx_word' id='word_1_224' title='bbox 982 2527 1094 2598; x_wconf 86' lang='lat' dir='ltr'>generis</span> <span class='ocrx_word' id='word_1_225' title='bbox 1111 2525 1238 2580; x_wconf 88' lang='lat' dir='ltr'>inimicos</span> <span class='ocrx_word' id='word_1_226' title='bbox 1255 2525 1413 2582; x_wconf 86' lang='lat' dir='ltr'>inualuisse</span> 
     </span>
     <span class='ocr_line' id='line_1_27' title="bbox 217 2606 1412 2679; baseline 0.005 -21"><span class='ocrx_word' id='word_1_227' title='bbox 217 2621 247 2672; x_wconf 75' lang='lat'>²5</span> <span class='ocrx_word' id='word_1_228' title='bbox 259 2606 443 2679; x_wconf 89' lang='lat' dir='ltr'>conspiciens,</span> <span class='ocrx_word' id='word_1_229' title='bbox 455 2608 530 2679; x_wconf 90' lang='lat' dir='ltr'>cepit</span> <span class='ocrx_word' id='word_1_230' title='bbox 542 2611 579 2666; x_wconf 87' lang='lat' dir='ltr'>ad</span> <span class='ocrx_word' id='word_1_231' title='bbox 593 2611 727 2667; x_wconf 89' lang='lat' dir='ltr'>militares</span> <span class='ocrx_word' id='word_1_232' title='bbox 739 2621 817 2666; x_wconf 89' lang='lat' dir='ltr'>actus</span> <span class='ocrx_word' id='word_1_233' title='bbox 831 2611 906 2666; x_wconf 87' lang='lat' dir='ltr'>iuxta</span> <span class='ocrx_word' id='word_1_234' title='bbox 918 2611 990 2666; x_wconf 88' lang='lat' dir='ltr'>illius</span> <span class='ocrx_word' id='word_1_235' title='bbox 1008 2611 1091 2666; x_wconf 89' lang='lat' dir='ltr'>etatis</span> <span class='ocrx_word' id='word_1_236' title='bbox 1108 2609 1281 2678; x_wconf 85' lang='lat' dir='ltr'>exigenciam</span> <span class='ocrx_word' id='word_1_237' title='bbox 1298 2609 1412 2665; x_wconf 81' lang='lat' dir='ltr'>seruen-</span> 
     </span>
     <span class='ocr_line' id='line_1_28' title="bbox 259 2691 1413 2765; baseline -0.001 -19"><span class='ocrx_word' id='word_1_238' title='bbox 259 2691 319 2747; x_wconf 89' lang='lat' dir='ltr'>cius</span> <span class='ocrx_word' id='word_1_239' title='bbox 338 2699 456 2748; x_wconf 89' lang='lat' dir='ltr'>estuare.</span> <span class='ocrx_word' id='word_1_240' title='bbox 494 2694 651 2749; x_wconf 89' lang='lat' dir='ltr'>Decoratus</span> <span class='ocrx_word' id='word_1_241' title='bbox 671 2693 764 2765; x_wconf 89' lang='lat' dir='ltr'>itaque</span> <span class='ocrx_word' id='word_1_242' title='bbox 782 2693 894 2763; x_wconf 88' lang='lat' dir='ltr'>cingulo</span> <span class='ocrx_word' id='word_1_243' title='bbox 913 2694 1033 2762; x_wconf 90' lang='lat' dir='ltr'>militari,</span> <span class='ocrx_word' id='word_1_244' title='bbox 1049 2695 1170 2748; x_wconf 83' lang='lat' dir='ltr'>virorum</span> <span class='ocrx_word' id='word_1_245' title='bbox 1186 2692 1302 2747; x_wconf 83' lang='lat' dir='ltr'>fortium</span> <span class='ocrx_word' id='word_1_246' title='bbox 1315 2703 1413 2746; x_wconf 83' lang='lat' dir='ltr'>trans-</span> 
     </span>
     <span class='ocr_line' id='line_1_29' title="bbox 260 2775 1411 2848; baseline -0.001 -16"><span class='ocrx_word' id='word_1_247' title='bbox 260 2775 355 2832; x_wconf 90' lang='lat' dir='ltr'>cendit</span> <span class='ocrx_word' id='word_1_248' title='bbox 375 2775 531 2844; x_wconf 88' lang='lat' dir='ltr'>audaciam,</span> <span class='ocrx_word' id='word_1_249' title='bbox 553 2776 748 2848; x_wconf 90' lang='lat' dir='ltr'>adiunctisque</span> <span class='ocrx_word' id='word_1_250' title='bbox 770 2777 822 2832; x_wconf 89' lang='lat' dir='ltr'>sibi</span> <span class='ocrx_word' id='word_1_251' title='bbox 842 2777 931 2848; x_wconf 87' lang='lat' dir='ltr'>copiis</span> <span class='ocrx_word' id='word_1_252' title='bbox 949 2776 1123 2844; x_wconf 89' lang='lat' dir='ltr'>militaribus,</span> <span class='ocrx_word' id='word_1_253' title='bbox 1144 2775 1217 2847; x_wconf 90' lang='lat' dir='ltr'>cepit</span> <span class='ocrx_word' id='word_1_254' title='bbox 1240 2775 1270 2830; x_wconf 89' lang='lat' dir='ltr'>in</span> <span class='ocrx_word' id='word_1_255' title='bbox 1291 2776 1411 2831; x_wconf 87' lang='lat' dir='ltr'>hostiles</span> 
     </span>
     <span class='ocr_line' id='line_1_30' title="bbox 260 2859 1412 2932; baseline 0.002 -18"><span class='ocrx_word' id='word_1_256' title='bbox 260 2861 379 2932; x_wconf 88' lang='lat' dir='ltr'>populos</span> <span class='ocrx_word' id='word_1_257' title='bbox 397 2859 557 2915; x_wconf 87' lang='lat' dir='ltr'>immaniter</span> <span class='ocrx_word' id='word_1_258' title='bbox 571 2861 707 2929; x_wconf 90' lang='lat' dir='ltr'>deseuire,</span> <span class='ocrx_word' id='word_1_259' title='bbox 724 2859 889 2931; x_wconf 86' lang='lat' dir='ltr'>impugnare</span> <span class='ocrx_word' id='word_1_260' title='bbox 906 2862 997 2929; x_wconf 89' lang='lat' dir='ltr'>urbes,</span> <span class='ocrx_word' id='word_1_261' title='bbox 1010 2860 1126 2916; x_wconf 88' lang='lat' dir='ltr'>castella</span> <span class='ocrx_word' id='word_1_262' title='bbox 1139 2861 1309 2927; x_wconf 87' lang='lat' dir='ltr'>subuertere,</span> <span class='ocrx_word' id='word_1_263' title='bbox 1321 2876 1357 2914; x_wconf 90' lang='lat' dir='ltr'>ac</span> <span class='ocrx_word' id='word_1_264' title='bbox 1373 2859 1412 2916; x_wconf 88' lang='lat' dir='ltr'>de</span> 
     </span>
     <span class='ocr_line' id='line_1_31' title="bbox 260 2942 1412 3014; baseline 0 -16"><span class='ocrx_word' id='word_1_265' title='bbox 260 2943 367 2998; x_wconf 87' lang='lat' dir='ltr'>bellicis</span> <span class='ocrx_word' id='word_1_266' title='bbox 388 2943 496 3000; x_wconf 85' lang='lat' dir='ltr'>actibus</span> <span class='ocrx_word' id='word_1_267' title='bbox 518 2943 576 2998; x_wconf 90' lang='lat' dir='ltr'>suis</span> <span class='ocrx_word' id='word_1_268' title='bbox 597 2942 671 3014; x_wconf 83' lang='lat' dir='ltr'>cepit</span> <span class='ocrx_word' id='word_1_269' title='bbox 695 2944 898 3000; x_wconf 87' lang='lat' dir='ltr'>inestimabiles</span> <span class='ocrx_word' id='word_1_270' title='bbox 920 2944 994 3000; x_wconf 84' lang='lat' dir='ltr'>lame</span> <span class='ocrx_word' id='word_1_271' title='bbox 1014 2943 1109 3000; x_wconf 83' lang='lat' dir='ltr'>tindos</span> <span class='ocrx_word' id='word_1_272' title='bbox 1130 2944 1263 3013; x_wconf 89' lang='lat' dir='ltr'>optinere.</span> <span class='ocrx_word' id='word_1_273' title='bbox 1302 2943 1412 2998; x_wconf 89' lang='lat' dir='ltr'>Mirum</span> 
     </span>
     <span class='ocr_line' id='line_1_32' title="bbox 216 3025 1411 3096; baseline -0.001 -14"><span class='ocrx_word' id='word_1_274' title='bbox 216 3037 248 3088; x_wconf 79' lang='lat'>30</span> <span class='ocrx_word' id='word_1_275' title='bbox 259 3025 393 3082; x_wconf 89' lang='lat' dir='ltr'>tamenin</span> <span class='ocrx_word' id='word_1_276' title='bbox 403 3027 518 3082; x_wconf 89' lang='lat' dir='ltr'>modum</span> <span class='ocrx_word' id='word_1_277' title='bbox 528 3027 556 3081; x_wconf 91' lang='lat' dir='ltr'>in</span> <span class='ocrx_word' id='word_1_278' title='bbox 566 3025 629 3096; x_wconf 89' lang='lat' dir='ltr'>ipsa</span> <span class='ocrx_word' id='word_1_279' title='bbox 637 3027 800 3082; x_wconf 87' lang='lat' dir='ltr'>crudelitate</span> <span class='ocrx_word' id='word_1_280' title='bbox 808 3025 963 3082; x_wconf 80' lang='lat' dir='ltr'>emiorum¹</span> <span class='ocrx_word' id='word_1_281' title='bbox 971 3028 1098 3083; x_wconf 90' lang='lat' dir='ltr'>hostibus</span> <span class='ocrx_word' id='word_1_282' title='bbox 1108 3027 1165 3082; x_wconf 86' lang='lat' dir='ltr'>suis</span> <span class='ocrx_word' id='word_1_283' title='bbox 1172 3027 1332 3082; x_wconf 85' lang='lat' dir='ltr'>misericors</span> <span class='ocrx_word' id='word_1_284' title='bbox 1339 3037 1411 3094; x_wconf 85' lang='lat' dir='ltr'>erat,</span> 
     </span>
     <span class='ocr_line' id='line_1_33' title="bbox 260 3109 1410 3182; baseline 0.001 -18"><span class='ocrx_word' id='word_1_285' title='bbox 260 3109 357 3181; x_wconf 91' lang='lat' dir='ltr'>eisque</span> <span class='ocrx_word' id='word_1_286' title='bbox 372 3111 407 3165; x_wconf 91' lang='lat' dir='ltr'>de</span> <span class='ocrx_word' id='word_1_287' title='bbox 426 3109 530 3181; x_wconf 89' lang='lat' dir='ltr'>rapinis</span> <span class='ocrx_word' id='word_1_288' title='bbox 549 3120 576 3164; x_wconf 88' lang='lat' dir='ltr'>et</span> <span class='ocrx_word' id='word_1_289' title='bbox 594 3110 689 3180; x_wconf 91' lang='lat' dir='ltr'>predis</span> <span class='ocrx_word' id='word_1_290' title='bbox 708 3119 817 3180; x_wconf 91' lang='lat' dir='ltr'>partem</span> <span class='ocrx_word' id='word_1_291' title='bbox 836 3111 950 3166; x_wconf 84' lang='lat' dir='ltr'>terciam</span> <span class='ocrx_word' id='word_1_292' title='bbox 970 3111 1142 3166; x_wconf 81' lang='lat' dir='ltr'>refundebat.</span> <span class='ocrx_word' id='word_1_293' title='bbox 1178 3112 1284 3165; x_wconf 85' lang='lat' dir='ltr'>Vemm</span> <span class='ocrx_word' id='word_1_294' title='bbox 1298 3110 1367 3182; x_wconf 90' lang='lat' dir='ltr'>quia</span> <span class='ocrx_word' id='word_1_295' title='bbox 1380 3110 1410 3165; x_wconf 92' lang='lat' dir='ltr'>in</span> 
     </span>
     <span class='ocr_line' id='line_1_34' title="bbox 260 3192 1410 3266; baseline 0 -17"><span class='ocrx_word' id='word_1_296' title='bbox 260 3209 296 3249; x_wconf 91' lang='lat' dir='ltr'>eo</span> <span class='ocrx_word' id='word_1_297' title='bbox 313 3211 364 3249; x_wconf 88' lang='lat' dir='ltr'>uas</span> <span class='ocrx_word' id='word_1_298' title='bbox 379 3193 525 3249; x_wconf 89' lang='lat' dir='ltr'>electionis</span> <span class='ocrx_word' id='word_1_299' title='bbox 544 3192 724 3264; x_wconf 85' lang='lat' dir='ltr'>dispensacio</span> <span class='ocrx_word' id='word_1_300' title='bbox 743 3193 793 3249; x_wconf 89' lang='lat' dir='ltr'>sibi</span> <span class='ocrx_word' id='word_1_301' title='bbox 814 3193 910 3249; x_wconf 89' lang='lat' dir='ltr'>diuina</span> <span class='ocrx_word' id='word_1_302' title='bbox 929 3194 1096 3266; x_wconf 88' lang='lat' dir='ltr'>preuiderat,</span> <span class='ocrx_word' id='word_1_303' title='bbox 1114 3210 1171 3248; x_wconf 92' lang='lat' dir='ltr'>non</span> <span class='ocrx_word' id='word_1_304' title='bbox 1193 3193 1324 3249; x_wconf 89' lang='lat' dir='ltr'>sustinuit</span> <span class='ocrx_word' id='word_1_305' title='bbox 1345 3211 1410 3249; x_wconf 88' lang='lat' dir='ltr'>eum</span> 
     </span>
     <span class='ocr_line' id='line_1_35' title="bbox 260 3275 1413 3348; baseline 0.002 -18"><span class='ocrx_word' id='word_1_306' title='bbox 260 3276 364 3331; x_wconf 88' lang='lat' dir='ltr'>diutius</span> <span class='ocrx_word' id='word_1_307' title='bbox 383 3278 412 3331; x_wconf 91' lang='lat' dir='ltr'>in</span> <span class='ocrx_word' id='word_1_308' title='bbox 430 3277 581 3348; x_wconf 90' lang='lat' dir='ltr'>perniciem</span> <span class='ocrx_word' id='word_1_309' title='bbox 598 3277 707 3347; x_wconf 87' lang='lat' dir='ltr'>proprie</span> <span class='ocrx_word' id='word_1_310' title='bbox 725 3277 822 3332; x_wconf 84' lang='lat' dir='ltr'>salutis</span> <span class='ocrx_word' id='word_1_311' title='bbox 841 3294 994 3346; x_wconf 86' lang='lat' dir='ltr'>excurrere,</span> <span class='ocrx_word' id='word_1_312' title='bbox 1012 3279 1062 3333; x_wconf 90' lang='lat' dir='ltr'>sed</span> <span class='ocrx_word' id='word_1_313' title='bbox 1079 3287 1183 3348; x_wconf 90' lang='lat' dir='ltr'>quanto</span> <span class='ocrx_word' id='word_1_314' title='bbox 1201 3277 1229 3331; x_wconf 91' lang='lat' dir='ltr'>in</span> <span class='ocrx_word' id='word_1_315' title='bbox 1248 3275 1413 3332; x_wconf 81' lang='lat' dir='ltr'>armorum¹</span> 
     </span>
     <span class='ocr_line' id='line_1_36' title="bbox 260 3359 1412 3427; baseline 0.005 -15"><span class='ocrx_word' id='word_1_316' title='bbox 260 3359 364 3412; x_wconf 89' lang='lat' dir='ltr'>milicia</span> <span class='ocrx_word' id='word_1_317' title='bbox 380 3359 536 3415; x_wconf 86' lang='lat' dir='ltr'>seruencior</span> <span class='ocrx_word' id='word_1_318' title='bbox 555 3361 653 3427; x_wconf 83' lang='lat' dir='ltr'>iuerat,</span> <span class='ocrx_word' id='word_1_319' title='bbox 669 3370 748 3416; x_wconf 87' lang='lat' dir='ltr'>tanto</span> <span class='ocrx_word' id='word_1_320' title='bbox 765 3361 913 3418; x_wconf 89' lang='lat' dir='ltr'>ardencius</span> <span class='ocrx_word' id='word_1_321' title='bbox 930 3361 1055 3416; x_wconf 89' lang='lat' dir='ltr'>animum</span> <span class='ocrx_word' id='word_1_322' title='bbox 1073 3361 1133 3417; x_wconf 90' lang='lat' dir='ltr'>eius</span> <span class='ocrx_word' id='word_1_323' title='bbox 1151 3359 1292 3416; x_wconf 89' lang='lat' dir='ltr'>desiderio</span> <span class='ocrx_word' id='word_1_324' title='bbox 1308 3361 1412 3418; x_wconf 88' lang='lat' dir='ltr'>milicie</span> 
     </span>
     <span class='ocr_line' id='line_1_37' title="bbox 217 3440 748 3512; baseline 0.009 -17"><span class='ocrx_word' id='word_1_325' title='bbox 217 3461 248 3512; x_wconf 74' lang='lat'>³5</span> <span class='ocrx_word' id='word_1_326' title='bbox 261 3440 411 3511; x_wconf 87' lang='lat' dir='ltr'>spiritualis</span> <span class='ocrx_word' id='word_1_327' title='bbox 424 3444 554 3498; x_wconf 89' lang='lat' dir='ltr'>dominus</span> <span class='ocrx_word' id='word_1_328' title='bbox 566 3444 748 3500; x_wconf 88' lang='lat' dir='ltr'>accendebat.</span> 
     </span>
    </p>
   </div>
   <div class='ocr_carea' id='block_1_7' title="bbox 318 3588 1351 3650">
    <p class='ocr_par' dir='ltr' id='par_1_11' title="bbox 318 3588 1351 3650">
     <span class='ocr_line' id='line_1_38' title="bbox 318 3588 1351 3650; baseline 0.006 -8"><span class='ocrx_word' id='word_1_329' title='bbox 318 3588 369 3642; x_wconf 84' lang='lat' dir='ltr'>Du</span> <span class='ocrx_word' id='word_1_330' title='bbox 387 3589 518 3646; x_wconf 78' lang='lat' dir='ltr'>Mrnrcm</span> <span class='ocrx_word' id='word_1_331' title='bbox 538 3602 630 3646; x_wconf 78' lang='lat' dir='ltr'>narrt</span> <span class='ocrx_word' id='word_1_332' title='bbox 650 3592 816 3648; x_wconf 79' lang='lat' dir='ltr'>Gurnnacr</span> <span class='ocrx_word' id='word_1_333' title='bbox 835 3604 876 3648; x_wconf 81' lang='lat' dir='ltr'>ar</span> <span class='ocrx_word' id='word_1_334' title='bbox 894 3605 938 3649; x_wconf 83' lang='lat' dir='ltr'>na</span> <span class='ocrx_word' id='word_1_335' title='bbox 955 3605 1179 3650; x_wconf 77' lang='lat' dir='ltr'>conunasroua</span> <span class='ocrx_word' id='word_1_336' title='bbox 1198 3605 1351 3650; x_wconf 79' lang='lat' dir='ltr'>musaeu.</span> 
     </span>
    </p>
   </div>
   <div class='ocr_carea' id='block_1_8' title="bbox 219 3698 1411 4275">
    <p class='ocr_par' dir='ltr' id='par_1_12' title="bbox 263 3698 1411 3864">
     <span class='ocr_line' id='line_1_39' title="bbox 263 3698 1411 3768; baseline 0.004 -16"><span class='ocrx_word' id='word_1_337' title='bbox 263 3699 272 3728; x_wconf 90' lang='lat'>‘</span> <span class='ocrx_word' id='word_1_338' title='bbox 344 3699 513 3768; x_wconf 86' lang='lat' dir='ltr'>Ecogitabat</span> <span class='ocrx_word' id='word_1_339' title='bbox 526 3698 634 3755; x_wconf 91' lang='lat' dir='ltr'>iuuenis</span> <span class='ocrx_word' id='word_1_340' title='bbox 647 3700 709 3755; x_wconf 90' lang='lat' dir='ltr'>dies</span> <span class='ocrx_word' id='word_1_341' title='bbox 722 3717 787 3756; x_wconf 90' lang='lat' dir='ltr'>suos</span> <span class='ocrx_word' id='word_1_342' title='bbox 800 3700 827 3755; x_wconf 91' lang='lat' dir='ltr'>in</span> <span class='ocrx_word' id='word_1_343' title='bbox 840 3701 1025 3758; x_wconf 87' lang='lat' dir='ltr'>amaritudine</span> <span class='ocrx_word' id='word_1_344' title='bbox 1037 3703 1131 3758; x_wconf 89' lang='lat' dir='ltr'>anime</span> <span class='ocrx_word' id='word_1_345' title='bbox 1143 3702 1211 3758; x_wconf 85' lang='lat' dir='ltr'>sue’</span> <span class='ocrx_word' id='word_1_346' title='bbox 1243 3702 1290 3757; x_wconf 83' lang='lat' dir='ltr'>Ad</span> <span class='ocrx_word' id='word_1_347' title='bbox 1302 3719 1411 3758; x_wconf 89' lang='lat' dir='ltr'>memo·</span> 
     </span>
     <span class='ocr_line' id='line_1_40' title="bbox 378 3782 1411 3864; baseline 0.004 -26"><span class='ocrx_word' id='word_1_348' title='bbox 378 3782 448 3838; x_wconf 89' lang='lat' dir='ltr'>riam</span> <span class='ocrx_word' id='word_1_349' title='bbox 469 3784 618 3839; x_wconf 88' lang='lat' dir='ltr'>reducebat</span> <span class='ocrx_word' id='word_1_350' title='bbox 638 3785 836 3864; x_wconf 71' lang='lat' dir='ltr'>dampnabiles</span> <span class='ocrx_word' id='word_1_351' title='bbox 849 3785 939 3842; x_wconf 86' lang='lat' dir='ltr'>exitus</span> <span class='ocrx_word' id='word_1_352' title='bbox 957 3803 1055 3857; x_wconf 85' lang='lat' dir='ltr'>regum</span> <span class='ocrx_word' id='word_1_353' title='bbox 1072 3801 1294 3858; x_wconf 85' lang='lat' dir='ltr'>magnorumque</span> <span class='ocrx_word' id='word_1_354' title='bbox 1307 3787 1411 3857; x_wconf 89' lang='lat' dir='ltr'>princi·</span> 
     </span>
    </p>

    <p class='ocr_par' dir='ltr' id='par_1_13' title="bbox 219 3865 1410 4275">
     <span class='ocr_line' id='line_1_41' title="bbox 262 3865 1410 3941; baseline 0.002 -18"><span class='ocrx_word' id='word_1_355' title='bbox 262 3885 330 3941; x_wconf 87' lang='lat' dir='ltr'>pum</span> <span class='ocrx_word' id='word_1_356' title='bbox 352 3865 388 3922; x_wconf 90' lang='lat' dir='ltr'>de</span> <span class='ocrx_word' id='word_1_357' title='bbox 411 3883 529 3938; x_wconf 89' lang='lat' dir='ltr'>quorum</span> <span class='ocrx_word' id='word_1_358' title='bbox 554 3866 640 3938; x_wconf 90' lang='lat' dir='ltr'>stirpe</span> <span class='ocrx_word' id='word_1_359' title='bbox 665 3867 855 3924; x_wconf 86' lang='lat' dir='ltr'>descenderat.</span> <span class='ocrx_word' id='word_1_360' title='bbox 894 3871 1070 3940; x_wconf 88' lang='lat' dir='ltr'>Intelligebat</span> <span class='ocrx_word' id='word_1_361' title='bbox 1095 3871 1171 3941; x_wconf 91' lang='lat' dir='ltr'>quod</span> <span class='ocrx_word' id='word_1_362' title='bbox 1195 3886 1300 3941; x_wconf 89' lang='lat' dir='ltr'>pompa</span> <span class='ocrx_word' id='word_1_363' title='bbox 1323 3870 1410 3940; x_wconf 90' lang='lat' dir='ltr'>glorie</span> 
     </span>
     <span class='ocr_line' id='line_1_42' title="bbox 262 3950 1410 4025; baseline 0 -17"><span class='ocrx_word' id='word_1_364' title='bbox 262 3951 396 4008; x_wconf 88' lang='lat' dir='ltr'>secularis</span> <span class='ocrx_word' id='word_1_365' title='bbox 422 3950 515 4005; x_wconf 80' lang='lat' dir='ltr'>sumus</span> <span class='ocrx_word' id='word_1_366' title='bbox 541 3961 584 4006; x_wconf 89' lang='lat' dir='ltr'>est</span> <span class='ocrx_word' id='word_1_367' title='bbox 610 3961 638 4007; x_wconf 92' lang='lat' dir='ltr'>et</span> <span class='ocrx_word' id='word_1_368' title='bbox 663 3951 770 4022; x_wconf 89' lang='lat' dir='ltr'>‘uapor</span> <span class='ocrx_word' id='word_1_369' title='bbox 793 3953 831 4008; x_wconf 90' lang='lat' dir='ltr'>ad</span> <span class='ocrx_word' id='word_1_370' title='bbox 857 3954 1000 4008; x_wconf 88' lang='lat' dir='ltr'>modicum</span> <span class='ocrx_word' id='word_1_371' title='bbox 1026 3951 1163 4025; x_wconf 82' lang='lat' dir='ltr'>parens³.&#39;</span> <span class='ocrx_word' id='word_1_372' title='bbox 1208 3952 1321 4009; x_wconf 88' lang='lat' dir='ltr'>Sciebat</span> <span class='ocrx_word' id='word_1_373' title='bbox 1344 3953 1410 4025; x_wconf 89' lang='lat' dir='ltr'>quia</span> 
     </span>
     <span class='ocr_line' id='line_1_43' title="bbox 219 4033 1409 4106; baseline 0.005 -22"><span class='ocrx_word' id='word_1_374' title='bbox 219 4049 252 4101; x_wconf 85' lang='lat'>40</span> <span class='ocrx_word' id='word_1_375' title='bbox 263 4037 362 4091; x_wconf 88' lang='lat' dir='ltr'>breues</span> <span class='ocrx_word' id='word_1_376' title='bbox 387 4041 451 4088; x_wconf 86' lang='lat' dir='ltr'>sunt</span> <span class='ocrx_word' id='word_1_377' title='bbox 475 4034 536 4089; x_wconf 87' lang='lat' dir='ltr'>dies</span> <span class='ocrx_word' id='word_1_378' title='bbox 565 4033 694 4103; x_wconf 90' lang='lat' dir='ltr'>hominis,</span> <span class='ocrx_word' id='word_1_379' title='bbox 720 4036 782 4091; x_wconf 88' lang='lat' dir='ltr'>finis</span> <span class='ocrx_word' id='word_1_380' title='bbox 811 4053 878 4091; x_wconf 88' lang='lat' dir='ltr'>uero</span> <span class='ocrx_word' id='word_1_381' title='bbox 906 4037 1015 4106; x_wconf 90' lang='lat' dir='ltr'>dubius,</span> <span class='ocrx_word' id='word_1_382' title='bbox 1040 4037 1129 4093; x_wconf 89' lang='lat' dir='ltr'>exitus</span> <span class='ocrx_word' id='word_1_383' title='bbox 1153 4036 1302 4104; x_wconf 87' lang='lat' dir='ltr'>horribilis,</span> <span class='ocrx_word' id='word_1_384' title='bbox 1327 4037 1409 4091; x_wconf 77' lang='lat' dir='ltr'>iudex</span> 
     </span>
     <span class='ocr_line' id='line_1_44' title="bbox 263 4116 1407 4190; baseline 0 -16"><span class='ocrx_word' id='word_1_385' title='bbox 263 4116 402 4184; x_wconf 87' lang='lat' dir='ltr'>terribilis,</span> <span class='ocrx_word' id='word_1_386' title='bbox 416 4133 488 4186; x_wconf 90' lang='lat' dir='ltr'>pena</span> <span class='ocrx_word' id='word_1_387' title='bbox 501 4116 650 4173; x_wconf 80' lang='lat' dir='ltr'>infinibilis</span> <span class='ocrx_word' id='word_1_388' title='bbox 689 4119 858 4174; x_wconf 88' lang='lat' dir='ltr'>Conuocatis</span> <span class='ocrx_word' id='word_1_389' title='bbox 871 4119 954 4190; x_wconf 87' lang='lat' dir='ltr'>igitur</span> <span class='ocrx_word' id='word_1_390' title='bbox 970 4119 1208 4176; x_wconf 88' lang='lat' dir='ltr'>commilitonibus</span> <span class='ocrx_word' id='word_1_391' title='bbox 1223 4119 1289 4188; x_wconf 86' lang='lat' dir='ltr'>suis,</span> <span class='ocrx_word' id='word_1_392' title='bbox 1302 4119 1407 4174; x_wconf 90' lang='lat' dir='ltr'>eisdem</span> 
     </span>
     <span class='ocr_line' id='line_1_45' title="bbox 263 4199 1406 4275; baseline 0.002 -21"><span class='ocrx_word' id='word_1_393' title='bbox 263 4215 314 4254; x_wconf 88' lang='lat' dir='ltr'>sue</span> <span class='ocrx_word' id='word_1_394' title='bbox 344 4199 535 4254; x_wconf 88' lang='lat' dir='ltr'>conuersionis</span> <span class='ocrx_word' id='word_1_395' title='bbox 565 4201 703 4258; x_wconf 78' lang='lat' dir='ltr'>desideria</span> <span class='ocrx_word' id='word_1_396' title='bbox 732 4203 874 4258; x_wconf 81' lang='lat' dir='ltr'>reuelauit</span> <span class='ocrx_word' id='word_1_397' title='bbox 911 4205 1086 4272; x_wconf 67' lang='lat' dir='ltr'>‘Hactenus</span> <span class='ocrx_word' id='word_1_398' title='bbox 1115 4203 1212 4275; x_wconf 89' lang='lat' dir='ltr'>inquit,</span> <span class='ocrx_word' id='word_1_399' title='bbox 1240 4203 1323 4258; x_wconf 88' lang='lat' dir='ltr'>amici</span> <span class='ocrx_word' id='word_1_400' title='bbox 1352 4201 1406 4256; x_wconf 89' lang='lat' dir='ltr'>mei</span> 
     </span>
    </p>
   </div>
   <div class='ocr_carea' id='block_1_9' title="bbox 337 4307 1331 4382">
    <p class='ocr_par' dir='ltr' id='par_1_14' title="bbox 337 4307 1331 4382">
     <span class='ocr_line' id='line_1_46' title="bbox 337 4307 1331 4382; baseline 0.013 -26"><span class='ocrx_word' id='word_1_401' title='bbox 337 4307 348 4338; x_wconf 84' lang='lat'>¹</span> <span class='ocrx_word' id='word_1_402' title='bbox 364 4323 382 4357; x_wconf 92' lang='lat' dir='ltr'>r.</span> <span class='ocrx_word' id='word_1_403' title='bbox 394 4311 609 4374; x_wconf 82' lang='lat' dir='ltr'>percrebrescerel</span> <span class='ocrx_word' id='word_1_404' title='bbox 738 4313 749 4344; x_wconf 84' lang='lat'><strong>¹</strong></span> <span class='ocrx_word' id='word_1_405' title='bbox 765 4315 821 4366; x_wconf 86' lang='lat' dir='ltr'>MS.</span> <span class='ocrx_word' id='word_1_406' title='bbox 832 4329 959 4365; x_wconf 83' lang='lat' dir='ltr'>annorum.</span> <span class='ocrx_word' id='word_1_407' title='bbox 1091 4315 1102 4346; x_wconf 75' lang='lat'><strong>³</strong></span> <span class='ocrx_word' id='word_1_408' title='bbox 1119 4315 1151 4368; x_wconf 89' lang='lat' dir='ltr'>T.</span> <span class='ocrx_word' id='word_1_409' title='bbox 1161 4317 1190 4368; x_wconf 77' lang='lat' dir='ltr'>F.</span> <span class='ocrx_word' id='word_1_410' title='bbox 1202 4329 1331 4382; x_wconf 74' lang='lat' dir='ltr'>apparens.</span> 
     </span>
    </p>
   </div>
   <div class='ocr_carea' id='block_1_10' title="bbox 0 0 1522 4878">
    <p class='ocr_par' dir='ltr' id='par_1_15' title="bbox 0 0 1522 4878">
     <span class='ocr_line' id='line_1_47' title="bbox 0 0 1522 4878; baseline 0 4"><span class='ocrx_word' id='word_1_411' title='bbox 0 0 1522 4878; x_wconf 95' lang='lat' dir='ltr'> </span> 
     </span>
    </p>
   </div>
  </div>
 </body>
</html>
