3048 4884
277 299 351 390 428
593 295 723 384 liuba
748 291 938 398 btsstnbt
962 291 1113 398 flnfflit.

277 493 502 552 successionem
514 503 685 554 sanctorum
697 496 829 552 virorum
846 496 885 554 ad
904 511 960 552 nos
972 511 1068 568 vsque
1080 493 1238 568 perlatum,
1251 503 1282 552 et
1301 511 1319 551 a
1338 495 1430 552 nobis

276 583 479 652 obseruatum,
492 585 656 640 asserimus
675 581 757 640 nulla
774 583 889 641 ratione
900 583 1090 640 violandum!
1128 582 1195 654 Quo
1208 583 1265 640 hec
1277 591 1308 640 et
1321 583 1429 640 huius·

277 669 358 726 modi
376 669 520 727 nonnulla
537 672 664 740 dicente,
676 671 762 728 iussit
781 688 836 728 rex
855 671 1025 728 Ailbertum
1044 671 1218 744 episcopum
1234 688 1290 728 sue
1307 687 1429 728 morem

275 757 511 816 obseruationis¹
525 758 556 815 in
569 760 701 816 medium
714 757 860 832 prolerre,
872 767 904 816 vt
919 761 1046 816 sciretur
1057 776 1117 832 quo
1130 757 1286 832 principio,
1300 758 1430 816 cuiusue

247 845 422 914 5niteretur
456 845 640 904 auctoritatis
671 845 865 904 institutione.
920 845 958 903 Et
969 846 1037 904 ille:
1069 846 1237 920 ‘Loquetur
1265 845 1430 903 Wiliridus

276 934 427 1007 presbiter
435 933 501 991 vice
510 950 586 1002 mea,
596 933 731 1004 obsecro,
739 933 808 1007 quia
815 951 908 992 vnum
919 935 1008 990 ambo
1020 935 1165 1006 sapimus,
1174 950 1243 990 curn
1253 934 1361 991 ceteris
1374 933 1430 1006 qui

277 1021 324 1079 hic
345 1021 480 1080 assident
503 1021 706 1079 ecclesiastice
730 1021 899 1080 traditionis
924 1021 1104 1092 cultoribus3
1130 1031 1161 1079 et
1185 1021 1234 1078 ille
1259 1021 1371 1078 melius
1395 1031 1431 1078 et

276 1109 463 1168 manifestius
475 1111 541 1183 ipsa
555 1109 655 1182 lingua
668 1109 845 1182 Anglorum,
857 1125 947 1183 quam
960 1127 1018 1183 ego
1034 1127 1090 1183 per
1106 1111 1311 1183 interpretem,
1323 1119 1430 1182 potest

276 1199 439 1272 explanare
457 1215 517 1270 que
535 1197 700 1254 sentimus:
736 1197 822 1254 Tunc
835 1196 995 1256 Willridus
1009 1199 1046 1254 ad
1061 1199 1176 1254 iussum
1189 1199 1269 1270 regis
1285 1213 1429 1268 exorsus,

233 1305 263 1342 ro
276 1285 453 1342 Colmanum
473 1301 534 1342 non
552 1285 651 1343 solum
670 1284 865 1342 auctoritate⁸
882 1285 962 1342 beati
983 1285 1126 1342 iohannis
1144 1285 1219 1342 salso
1238 1284 1300 1355 niti,
1319 1295 1430 1358 aperta

276 1375 390 1430 ratione
409 1373 595 1444 monstrauit,
607 1390 713 1430 verum
732 1383 836 1430 contra
852 1371 1027 1444 Iohannem,
1040 1383 1143 1430 contra
1160 1373 1269 1446 legem,
1281 1381 1311 1430 et
1330 1391 1429 1430 euan-

276 1461 397 1536 gelium,
416 1477 535 1519 necnon
554 1461 720 1518 doctrinam
738 1461 952 1535 apostolorum,
964 1463 1057 1518 immo
1075 1469 1105 1518 et
1122 1471 1226 1518 contra
1243 1461 1429 1520 uniuersalis

276 1549 402 1607 ecclesie
426 1565 543 1606 morem
567 1564 638 1605 eum
662 1549 774 1606 sentire
803 1548 834 1604 in
865 1549 1000 1622 paschali
1026 1549 1237 1606 obscuratione
1267 1548 1427 1623 probauit;

276 1637 400 1695 dicens:
420 1636 572 1694 '‘Pascha
590 1637 670 1710 quod
696 1635 829 1708 facimus,
849 1638 979 1694 vidimus
999 1637 1106 1706 Rome,
1124 1638 1174 1694 vbi
1198 1636 1275 1694 beati
1295 1637 1428 1710 apostoli

232 1747 261 1798 15
277 1723 385 1783 Petrus
403 1733 433 1782 et
453 1725 563 1782 Paulus
580 1725 692 1795 vixere,
707 1725 846 1795 docuere,
858 1725 941 1799 passi
960 1733 1029 1782 sunt
1049 1734 1078 1782 et
1096 1725 1215 1798 sepulti,
1227 1725 1265 1780 ab
1282 1725 1428 1783 omnibus

275 1813 428 1870 celebrari.
466 1811 533 1870 Hoc
552 1812 583 1868 in
603 1811 695 1882 ltalia,
716 1811 816 1885 [hoc]⁴
835 1812 866 1868 in
885 1811 990 1880 Gallia,
1003 1829 1078 1884 quas
1096 1812 1232 1869 discendi
1249 1812 1298 1869 vel
1316 1813 1427 1870 orandi

275 1903 374 1958 studio
387 1901 644 1974 pertransiuimus,
658 1901 696 1956 ab
708 1899 847 1957 omnibus
859 1900 907 1974 agi
920 1899 1143 1973 conspeximus.
1180 1899 1246 1956 Hoc
1260 1899 1427 1973 Europam,

276 1989 391 2059 Asiam,
406 1987 556 2062 Egiptum‚
567 1987 715 2058 Greciam,
724 1996 754 2045 et
767 2004 889 2044 omnem
901 1989 1005 2044 orbern
1018 2005 1157 2044 unacum
1170 1987 1281 2044 Christi
1294 1989 1428 2046 ecclesia

276 2093 332 2150 per
344 2077 481 2134 diuemas
494 2075 630 2132 nationes
641 2084 672 2133 et
686 2075 811 2149 linguas,
823 2093 884 2132 vno
894 2092 929 2133 ac
943 2091 1004 2132 non
1017 2075 1138 2132 diuerso
1153 2075 1298 2148 temporis
1315 2075 1427 2134 ordine

231 2189 261 2225 ao
276 2163 405 2238 gerere⁸
429 2163 641 2236 comperimus,
665 2173 768 2236 preter
792 2163 848 2220 hos
871 2171 997 2233 tantum,
1021 2171 1052 2219 et
1077 2161 1286 2220 obstinationis
1316 2181 1425 2222 eorum

275 2253 446 2326 complices,
484 2251 583 2309 Pictos
618 2253 694 2321 dico,
725 2251 831 2309 Scotos
868 2259 899 2308 et
935 2250 1084 2320 Britones,
1120 2268 1188 2307 curn
1219 2250 1348 2324 quibus·
1384 2254 1424 2310 de

274 2341 390 2398 duabus
401 2339 513 2396 ultimis
529 2339 650 2396 occeani
667 2339 782 2410 insulis,
794 2347 825 2397 et
840 2339 898 2396 hiis
915 2355 976 2396 non
992 2338 1070 2407 totis,
1083 2347 1185 2395 contra
1202 2347 1298 2394 totum
1314 2340 1424 2397 orbem

275 2427 365 2485 stulto
390 2427 492 2484 labore
516 2429 667 2500 pugnant’
716 2427 771 2484 Cui
796 2426 977 2484 Colmanus:
1009 2425 1138 2482 ‘Mirum
1169 2442 1261 2498 quare
1291 2427 1420 2484 stultum

275 2515 430 2589 appellare
447 2514 545 2571 velitis
563 2515 695 2572 laborem
715 2523 860 2584 nostrum,
879 2513 908 2570 in
928 2532 988 2588 quo
1009 2513 1083 2570 tanti
1105 2513 1239 2586 apostoli,
1258 2515 1309 2586 qui
1328 2533 1425 2588 super

230 2631 259 2680 25
275 2613 381 2676 pectus
391 2601 504 2659 domini
517 2604 694 2660 recumbere
706 2602 816 2675 dignus
828 2601 891 2674 fuit,
898 2601 1039 2675 exempla
1052 2611 1218 2670 sectamur;
1237 2618 1305 2658 cum
1318 2602 1423 2676 ipsum

274 2688 495 2764 sapientissime
508 2689 621 2748 vixisse
632 2689 731 2746 omnis
744 2691 874 2747 mundus
887 2689 1020 2746 nouerit’
1057 2687 1214 2746 Wilsridus
1226 2689 1266 2746 ait
1279 2709 1286 2744 ε
1306 2690 1425 2760 ‘Absit

274 2777 378 2851 inquit,
389 2785 421 2834 vt
435 2776 600 2834 Iohannem
613 2777 741 2835 stulticie
755 2777 1022 2851 reprehendamus,
1033 2793 1101 2833 curn
1115 2777 1188 2834 scita
1200 2775 1275 2848 legis
1288 2778 1424 2836 mosaice

273 2865 356 2923 iuxta
380 2866 507 2922 litteram
533 2873 677 2936 seruaret,
702 2866 871 2924 iudaizante
895 2865 991 2922 adhuc
1015 2864 1047 2920 in
1072 2865 1172 2920 multis
1202 2863 1337 2934 ecclesia,
1363 2883 1423 2924 nec

273 2953 372 3011 subito
391 2952 559 3011 valentibus
580 2952 723 3026 apostolis
745 2970 866 3010 omnem
889 2952 966 3026 legis
986 2951 1218 3022 obseruantiam,
1239 2969 1298 3024 que
1319 2969 1337 3010 a
1358 2955 1421 3010 deo

228 3067 260 3116 30
273 3041 407 3100 instituta
419 3050 475 3110 est,
487 3041 635 3110 abdicare,
648 3041 799 3114 quomodo
811 3040 992 3098 simulachra
1003 3056 1062 3113 que
1075 3056 1093 3095 a
1105 3038 1284 3096 demonibus
1296 3039 1423 3098 inuenta

273 3140 343 3188 sunt
355 3127 514 3202 repudiare
527 3145 634 3186 omnes
646 3127 697 3201 qui
709 3129 747 3184 ad
761 3129 852 3185 iidem
865 3127 990 3185 veniunt
1008 3145 1134 3184 necesse
1147 3137 1211 3198 est3
1229 3127 1367 3184 videlicet
1383 3146 1423 3185 ne

272 3217 445 3274 scandalum
459 3216 592 3273 facerent
604 3214 648 3272 eis
660 3217 711 3289 qui
724 3215 802 3273 inter
814 3222 921 3288 gentes
932 3223 1018 3273 erant
1032 3213 1141 3272 iudeis.
1180 3213 1259 3270 Hinc
1271 3223 1318 3272 est
1337 3215 1423 3272 enim

272 3305 352 3376 quod
365 3301 476 3360 Paulus
488 3302 680 3360 Timotheum
698 3303 891 3374 circumcidit,
904 3303 984 3375 quod
1002 3301 1115 3360 hostias
1134 3303 1164 3360 in
1183 3302 1296 3376 templo
1312 3301 1422 3360 immo-

273 3391 353 3462 lauit,
372 3391 452 3464 quod
476 3407 545 3448 cum
566 3391 676 3464 Aquila
700 3400 730 3448 et
756 3391 890 3449 Priscilla
914 3398 1003 3464 caput
1028 3389 1185 3448 Corinthil
1208 3389 1351 3447 totondit:
1382 3394 1421 3448 ad

227 3501 258 3552 35
272 3479 345 3534 nihil
363 3478 501 3535 videlicet
517 3479 597 3550 vtile,
616 3478 674 3536 nisi
694 3481 732 3536 ad
752 3479 926 3536 scandalum
941 3478 1101 3536 iudeorum
1119 3479 1283 3536 vitandum.
1321 3477 1423 3537 Hinc⁸

272 3566 351 3640 quod
374 3564 473 3622 eidem
493 3565 585 3623 Paulo
605 3566 732 3624 lacobus
756 3569 813 3624 ait:
840 3569 857 3596 ⁴·
865 3565 959 3623 Vides
967 3567 985 3635 ⁹,
1005 3565 1103 3632 frater,
1124 3575 1195 3639 quot
1205 3567 1226 3598 ¹⁰
1245 3565 1326 3622 milia
1347 3577 1420 3624 sunt

271 3657 302 3712 in
317 3653 418 3712 ludeis
432 3653 483 3727 qui
498 3653 698 3726 crediderunt,
710 3665 741 3712 et
755 3672 862 3712 omnes
878 3655 919 3710 hii
931 3655 1112 3712 emulatores
1126 3663 1196 3712 sunt
1215 3653 1317 3727 legis”
1356 3655 1421 3712 Nec

270 3751 370 3800 tamen
384 3741 482 3812 hodie,
495 3743 678 3801 clarescente
696 3760 753 3816 per
769 3745 916 3801 mundum
935 3742 1101 3816 euangelio,
1114 3759 1241 3799 necesse
1258 3751 1314 3812 est,
1327 3742 1421 3800 immo

271 3848 327 3888 nec
341 3831 454 3887 licitum
466 3830 660 3888 fidelibusvel
673 3830 845 3889 circumcidi
854 3832 903 3888 vel
915 3830 1029 3888 hostias
1042 3832 1099 3888 deo
1111 3831 1298 3888 victimarum
1310 3829 1421 3888 offerre

226 3945 258 3994 40
272 3919 444 3978 carnalium.
481 3918 586 3990 ltaque
600 3918 751 3976 lohannes
768 3919 934 3976 secundum
949 3917 1026 3992 legis
1041 3917 1288 3976 consuetudinem
1300 3927 1419 3992 quarta-

271 4007 387 4066 decima
411 4009 525 4066 mensis
549 4007 639 4081 primi
663 4009 700 4065 ad
724 4025 885 4081 vesperam
910 4007 1069 4082 incipiebat
1095 4006 1326 4064 celebrationem
1350 4007 1419 4065 sesti

303 4159 313 4189 ¹
329 4159 359 4210 E.
371 4159 560 4209 obseruationis
570 4173 676 4208 morem.
800 4155 811 4188 ¹
826 4157 857 4210 E.
867 4158 1021 4208 auctoritati.
1143 4155 1153 4186 ¹
1169 4156 1208 4207 Ct'.
1222 4156 1305 4218 Beda,
1321 4156 1369 4208 lll.
1381 4173 1420 4220 25.

270 4225 327 4274 The
339 4225 472 4288 following
483 4227 505 4274 is
517 4239 566 4274 om.
581 4225 607 4273 in
620 4220 815 4274 Eadmer’slise.
921 4223 978 4274 ¹T.
990 4224 1020 4274 E.
1032 4221 1133 4273 Grecis.
1241 4223 1298 4276 ⁸1.
1312 4223 1341 4274 E.
1356 4225 1418 4286 geri.

270 4290 326 4339 ‘'l'.
339 4306 395 4339 cum
407 4291 564 4353 quibusdam,
578 4289 607 4339 E.
619 4291 662 4352 qui
674 4305 731 4340 cum
743 4289 902 4352 quibusdam.
1001 4288 1057 4341 'E
1070 4288 1207 4340 chorinthi.
1307 4287 1417 4346 'soT.;

271 4356 301 4407 E.
314 4357 383 4405 ilinc
395 4363 442 4406 est.
507 4355 564 4408 ·1·:.
575 4355 681 4408 Videns.
748 4355 767 4386 ¹·
783 4355 814 4406 T.
825 4357 904 4420 quod.
