3052 4896
270 237 342 332 558
676 228 879 333 appatuit
907 230 959 305 11.

267 433 412 492 mentedo
424 450 488 490 oeta
500 431 743 488 similimdinaliter
756 431 957 488 nandormate
974 431 1013 486 ad
1030 429 1090 485 eius
1108 431 1256 486 tumulum
1276 431 1317 487 de
1336 430 1418 486 die'n

267 517 343 572 dum
364 515 547 572 deuotissime
566 517 734 572 obtulerunt.
772 517 816 570 lta
836 525 865 570 ut
886 525 945 570 tam
963 513 1015 570 viri
1036 530 1121 584 quam
1142 513 1287 569 mulieres
1310 531 1420 586 peregre

266 601 405 656 tumulum
429 601 489 656 eius
508 599 654 656 visitantes
684 599 796 670 publice
825 598 1034 654 oonclammt
1057 595 1134 668 quod
1153 595 1329 667 ‘propicius
1360 599 1420 652 deus

266 681 374 738 meritis
392 683 468 740 beati
487 683 561 738 serui
580 683 623 738 sui
643 681 737 738 fratris
755 683 866 737 Tbome
883 682 921 737 de
938 682 965 736 la
984 681 1058 736 Hale
1076 679 1211 736 monachi
1233 682 1376 752 Douorye
1391 682 1422 734 de

239 765 497 842 ,tribulacionibus
515 775 544 821 et
561 766 708 836 mgrrstiis,
721 764 853 836 pericidis
870 775 899 820 et
918 763 1127 820 infirmitatibus
1144 763 1267 832 nostris,
1281 765 1314 820 in
1329 767 1422 820 virtute

267 849 374 906 domini
387 851 475 906 nostri
491 851 575 906 ihesu
588 849 692 904 Christi
709 867 762 904 nos
780 847 996 904 misericorditer
1013 847 1123 904 sanauit
1140 857 1169 902 et
1189 847 1333 904 liberauit
1343 851 1366 915 ;’
1385 849 1421 904 mi

267 933 367 1002 honor,
379 935 441 990 laus
453 943 482 990 et
494 933 585 1004 gloria
599 931 628 986 in
641 933 737 988 secula
749 933 904 988 secudorum
916 947 1009 988 men.

302 1093 330 1146 p.
344 1073 417 1146 822]
570 1089 595 1146 ,ιΓ
613 1077 692 1130 vrri
711 1087 823 1131 seueri
842 1075 1056 1129 wruewerner
1075 1085 1215 1129 sanans

274 1175 416 1302 ERAT
438 1177 466 1232 in
488 1175 578 1232 insula
601 1175 762 1232 Britannica
780 1175 823 1231 vir
846 1175 961 1247 quidam
983 1173 1105 1240 illustris,
1124 1189 1190 1244 spes
1217 1175 1315 1244 prolis
1340 1175 1423 1238 beate,

371 1261 484 1316 nomine
501 1257 677 1331 F[r]amnus,
691 1261 781 1315 Caton
798 1259 872 1328 regis
890 1256 1046 1326 britannici,
1059 1256 1109 1310 viri
1122 1258 1289 1312 secundum
1302 1259 1423 1314 ndum

267 1343 458 1410 famosissimi,
470 1342 670 1410 consobrinum
693 1343 772 1398 cuius
788 1343 882 1396 adhuc
900 1359 1009 1396 menum
1027 1340 1056 1395 in
1071 1340 1174 1396 lumbis
1190 1340 1309 1398 latebat
1325 1359 1424 1398 semna

225 1448 256 1486 ro
270 1427 327 1484 lste
345 1427 429 1499 igitur
446 1443 510 1482 cum
529 1425 648 1496 geminis
662 1425 746 1492 natis,
759 1425 929 1481 Withnocho
947 1425 1103 1494 lacoboque
1116 1423 1236 1488 uocatis,
1250 1437 1423 1496 parentesque

267 1527 364 1566 eomm
382 1511 456 1566 Alba
473 1509 595 1578 nomine,
612 1527 667 1582 que
687 1509 938 1580 cognominabatur
955 1505 1154 1562 Trimammis¹
1172 1524 1208 1562 eo
1231 1510 1316 1579 quod
1335 1521 1424 1566 cunas
1497 1511 1498 1540 l

267 1603 370 1666 equato
389 1603 519 1650 natorum
539 1610 655 1650 numero
675 1593 801 1649 habuerit
821 1607 1061 1647 mammas-nam
1081 1607 1178 1646 eorum
1201 1607 1351 1660 germana
1374 1609 1424 1648 non

267 1687 310 1734 est
335 1676 363 1734 in
385 1693 571 1732 mammarum
593 1676 701 1732 calculo
724 1675 891 1746 reputanda,
915 1673 981 1746 quia
1003 1673 1169 1730 feminarum
1189 1690 1251 1729 non
1272 1686 1322 1732 est
1344 1675 1424 1732 moris

269 1761 297 1818 in
310 1760 453 1832 scripturis
462 1771 554 1816 texere
566 1759 761 1830 genealogiam
771 1759 877 1824 :-iste,
890 1759 1012 1828 inquam,
1025 1756 1222 1812 marmaricam
1235 1757 1424 1820 Britanniam,

226 1845 316 1917 15vbi
337 1855 404 1900 tunc
422 1861 542 1916 opacum
562 1843 656 1898 adbuc
678 1843 738 1898 sine
759 1841 841 1898 clade
862 1842 1027 1896 audiebatur
1048 1840 1157 1896 siluisse
1183 1849 1260 1896 tene
1287 1845 1424 1913 spacium,

268 1940 329 1985 rate
345 1945 497 1984 conscensa
512 1927 682 1998 aggreditur,
694 1937 809 1982 enatato
821 1942 885 1982 cum
897 1925 995 1996 paucis
1011 1935 1098 1995 ponto
1114 1923 1285 1992 britannico,
1297 1939 1331 1981 et
1344 1927 1425 1983 circio

268 2011 367 2068 leniter
379 2011 466 2068 flante
484 2009 587 2066 dilatus
605 2020 649 2066 est
667 2009 696 2065 in
713 2021 823 2080 portum
835 2007 884 2081 qui
904 2009 1046 2064 Bracheus
1059 2007 1166 2062 dicitur.
1204 2009 1239 2062 ln
1255 2025 1318 2080 qua
1332 2011 1425 2066 statim

268 2095 395 2166 proxima
408 2111 515 2166 queque
534 2093 706 2164 perlustrans
724 2104 752 2149 et
769 2093 886 2150 fundum
904 2092 1044 2164 quendam
1062 2089 1203 2162 reperiens
1219 2108 1280 2148 non
1295 2109 1425 2163 paruum,

268 2177 347 2234 eduis
370 2178 518 2248 dumisque
537 2176 659 2248 undique
678 2176 903 2246 circumseptum,
923 2173 1109 2230 inundacione
1130 2173 1217 2242 fluuii,
1236 2175 1289 2244 qui
1312 2178 1425 2248 proprie

226 2279 257 2316 ao
271 2261 391 2332 Sanguis
416 2261 525 2330 dicitur,
545 2259 723 2332 locupletem
742 2258 856 2315 feliciter
880 2275 944 2313 cum
969 2258 1027 2314 suis
1052 2257 1157 2312 ibidem
1182 2257 1316 2314 habitare
1343 2261 1424 2332 oepit.

270 2345 379 2400 Eodem
399 2355 525 2414 tempore
543 2352 686 2399 crescente
701 2342 836 2415 paulatim
856 2340 994 2398 sociorum
1012 2356 1128 2396 numero
1146 2357 1311 2412 magnaque
1330 2361 1424 2398 rerum

268 2426 351 2497 copia
372 2427 533 2494 inundante,
548 2427 654 2490 tertius,
672 2437 768 2482 sancte
788 2427 908 2482 formam
923 2423 1081 2495 exprimens
1106 2423 1248 2491 trinitatis,
1272 2437 1423 2496 exoptatur

270 2510 348 2578 filius,
362 2511 442 2581 quasi
458 2511 572 2566 omnino
583 2521 658 2567 esset
676 2528 776 2581 parum
792 2510 862 2565 duos
883 2519 990 2564 tantum
1007 2508 1112 2563 habere
1130 2507 1211 2562 filios.
1249 2509 1424 2578 Beataergu

269 2593 372 2649 femina
385 2605 560 2664 preoptatum
574 2595 602 2650 in
616 2613 646 2652 se
659 2591 945 2664 haberesepersensit
957 2601 1131 2662 conceptum,
1138 2591 1256 2646 maritus
1270 2594 1423 2663 preguanti

225 2700 256 2751 ²5
269 2677 433 2748 aggaudens
462 2677 566 2734 femine
597 2695 700 2748 magna
731 2677 823 2733 cordis
857 2675 999 2732 alacritate
1028 2675 1160 2744 tangitur,
1190 2691 1313 2744 sperans
1345 2676 1423 2732 illum

269 2761 401 2817 heredem
413 2771 478 2832 post
495 2778 526 2816 se
540 2761 662 2818 futurum
674 2777 681 2828 ;
701 2777 820 2830 maguus
838 2759 899 2815 dies
915 2758 1016 2814 natalis
1030 2757 1143 2814 infantis
1155 2775 1172 2812 a
1185 2758 1278 2814 cuntis
1293 2771 1425 2831 speratur

269 2854 408 2900 venturus
458 2844 546 2900 affuit
569 2861 637 2915 ergo
661 2843 723 2899 dies
747 2841 934 2898 desideranda
958 2842 987 2898 in
1009 2859 1065 2914 qua
1086 2841 1162 2896 bona
1183 2841 1232 2897 diu
1256 2855 1425 2914 exspectata

269 2929 453 2984 ostenduntur
476 2927 584 3000 patric:
609 2927 680 2992 dies,
699 2927 820 2998 inquam,
839 2943 893 2997 que
918 2925 1010 2980 cuntis
1029 2923 1147 2980 lucidior
1164 2923 1275 2992 diebus,
1295 2924 1423 2982 occiduis

269 3013 358 3084 patuit
376 3013 538 3068 Armoricis.
575 3011 667 3082 Quem
685 3011 810 3081 genitum
827 3027 896 3080 pure
915 3009 1055 3082 appellant
1073 3007 1188 3064 nomine
1204 3009 1424 3066 Winwaloeum

224 3119 256 3170 ³⁰
271 3096 455 3152 Beatissimae
475 3107 569 3153 autem
589 3095 679 3152 infans
704 3096 788 3152 beata
811 3104 927 3164 parente
950 3103 1042 3159 natus,
1061 3102 1089 3148 et
1112 3091 1243 3148 nobiliter
1264 3095 1423 3150 secumdum

269 3179 434 3250 dignitatem
448 3179 533 3236 seculi
546 3179 688 3244 educatus,
701 3195 766 3232 mox
778 3189 808 3233 vt
820 3177 897 3234 effari
914 3193 994 3232 orsus
1007 3189 1058 3244 est,
1070 3175 1107 3231 ad
1119 3176 1165 3231 dei
1178 3176 1253 3230 mira
1264 3176 1424 3234 intentione

268 3262 379 3318 laudem
393 3275 521 3320 assuetus
534 3272 617 3318 estet
630 3261 742 3316 cuidam
755 3261 826 3331 patri
841 3259 987 3332 spirituali,
999 3259 1046 3331 qui
1058 3276 1137 3314 suam
1145 3271 1242 3330 posset
1255 3270 1285 3314 et
1302 3262 1424 3316 aliorum

269 3361 366 3400 curare
389 3347 521 3415 animam,
545 3344 656 3402 auidius
680 3345 767 3400 sacris
792 3343 975 3399 imbuendum
998 3343 1141 3398 literarum
1165 3342 1268 3398 studiis
1292 3359 1326 3400 se
1350 3343 1424 3401 tradi

268 3430 394 3498 rogabat,
419 3441 569 3500 perpetuas
591 3429 663 3484 inter
683 3429 786 3484 celibes
810 3428 946 3484 affectans
970 3427 1072 3482 ducere
1095 3427 1222 3482 choreas
1269 3428 1322 3484 Set
1343 3441 1425 3498 pater

224 3531 253 3582 35
268 3509 422 3567 beatissimi
441 3511 519 3582 pueri
537 3511 666 3584 precibus
683 3513 820 3578 abnuens,
832 3507 1055 3566 amantissimum
1073 3509 1160 3565 filium
1178 3525 1261 3564 suum
1280 3511 1423 3566 minorem

269 3605 336 3650 natu
349 3595 434 3652 seculi
453 3596 566 3651 molitur
577 3595 636 3650 fieri
650 3595 794 3650 athletam.
832 3590 916 3664 [At]⁸
929 3595 999 3649 deus
1011 3592 1058 3664 qui
1072 3603 1156 3648 cunta
1169 3591 1197 3646 iu
1211 3593 1314 3648 melius
1329 3595 1423 3660 vertit,

269 3679 348 3734 illum
364 3695 429 3735 cum
446 3679 606 3750 pastoribus
623 3679 748 3750 quadam
767 3677 814 3733 die
830 3687 991 3748 pascentem
1010 3693 1132 3748 gregem,
1150 3675 1268 3732 terribili
1290 3677 1422 3734 cborusci

269 3763 321 3820 celi
347 3763 492 3834 perterruit
516 3761 635 3832 fragore.
682 3759 754 3817 Vir⁴
778 3760 892 3816 luminis
920 3761 1046 3816 nouitate
1070 3759 1223 3830 perculsus,
1244 3760 1364 3817 acclinis
1388 3778 1422 3816 ac

270 3847 420 3903 semiuiuus
433 3844 532 3902 cecidit
547 3845 575 3901 in
592 3856 705 3913 terram,
723 3843 763 3899 ita
779 3843 863 3900 deum
876 3860 1011 3900 exorans:
1031 3842 1172 3898 ‘Domine
1183 3842 1255 3900 deus
1267 3861 1317 3898 rex
1330 3846 1421 3900 omi·

224 3953 257 4004 40
270 3941 378 4001 potens,
393 3930 421 3986 in
439 3939 488 3985 tua
505 3927 617 3986 dicione
634 3938 718 3984 cunta
733 3937 799 3982 sunt
817 3926 928 3998 posita:
947 3937 1026 3982 tuum
1045 3925 1103 3994 tibi,
1122 3943 1180 3982 non
1198 3943 1304 3996 meum,
1322 3927 1423 4000 inquit,

270 4013 358 4070 lilium
370 4014 573 4070 Winwaloeum
588 4012 617 4067 in
634 4027 684 4066 ara
700 4022 747 4066 tue
759 4011 851 4066 laudis
861 4011 960 4066 volens
976 4009 1070 4066 offero.
1108 4009 1146 4064 Et
1158 4025 1217 4065 non
1230 4012 1322 4066 solum
1336 4028 1420 4082 quem

269 4099 363 4169 queris
387 4097 534 4164 minorem,
559 4107 602 4152 set
625 4107 653 4152 et
677 4096 748 4151 duos
772 4094 833 4150 eius
854 4095 960 4166 pariter
978 4111 1042 4150 cum
1062 4111 1097 4149 eo
1118 4109 1270 4164 germanos
1294 4095 1345 4152 tibi
1367 4095 1419 4150 deo

270 4181 403 4236 reddam.¹
440 4183 502 4238 Nec
522 4197 600 4236 mora
619 4179 736 4236 terribili
757 4195 861 4250 pauore
883 4193 1037 4234 concussus
1056 4178 1173 4232 domum
1191 4177 1314 4246 rediens,
1335 4189 1419 4233 orrnta

302 4295 558 4348 ¹lfS.trimamitun.
624 4295 812 4348 ’MS.tamen.
872 4294 953 4344 ⁸115.
967 4294 1124 4357 qu,crossed
1135 4301 1189 4345 out.
1255 4293 1402 4346 ‘MS-Via.
