3044 4878
330 294 405 388 Da
429 289 593 382 saneto
618 291 788 398 bunum
814 293 1008 396 munao.
1194 317 1242 390 47

82 494 214 566 cipiens,
227 495 259 552 in
277 511 388 568 magna
402 495 464 553 vite
481 493 637 552 sanctitate
649 503 680 552 et
693 495 873 552 abstinentia
889 496 946 554 deo
961 495 1088 569 iugiter¹
1107 495 1241 554 seruiuit.

83 569 174 641 Cum
196 582 280 640 enim
302 599 357 640 rex
374 581 487 656 Anglie
510 583 678 640 Richardus
698 592 803 640 contra
825 601 928 657 regern
948 583 972 640 F
974 582 1074 640 rancie
1095 583 1126 640 in
1148 585 1239 641 rebus

82 670 207 728 bellicis
225 680 390 744 occupatus
408 670 522 740 irrisam,
544 679 575 727 et
592 670 753 728 diffinitum
772 681 854 728 esset
871 681 903 728 vt
918 671 1034 744 prelati,
1056 671 1190 742 comites,
1208 680 1239 729 et

84 758 223 816 barones
235 767 388 816 trecentos
398 757 508 816 milites
521 758 551 814 in
564 758 709 831 expensis
719 759 783 816 suis
792 777 970 832 perannum
980 758 1044 833 regi
1053 759 1240 828 exhiberent,

83 845 219 904 assentit
244 855 417 903 constanter
437 845 484 903 vir
508 846 567 916 dei,
587 847 815 904 lincolniensem
837 847 995 905 ecclesiam
1020 849 1057 904 ad
1082 847 1271 921 seruitium5

84 932 219 990 militare
231 933 356 990 domino
368 933 433 1007 regi
446 934 649 992 exhibendum
669 935 766 992 solum
779 935 809 992 in
822 944 903 992 terra
914 934 1025 1008 Anglie
1037 935 1142 1006 teneri,
1156 945 1241 992 extra

83 1037 220 1093 regnum
238 1021 332 1078 vero²
349 1021 392 1078 nil
409 1023 468 1079 tale
486 1023 524 1080 ab
543 1039 579 1080 ea
597 1021 709 1079 deberi.
747 1021 781 1079 ld
799 1021 899 1097 ipsum
911 1040 984 1080 vero
1003 1023 1243 1080 sarisbiriensis³

83 1108 254 1182 episcopus
284 1108 368 1166 dixit.
416 1109 505 1180 Quod
534 1125 603 1167 cum
634 1111 672 1166 ab
702 1109 927 1184 archiepiscopo
959 1110 1106 1175 Huberto,
1130 1111 1241 1184 Anglie

84 1196 226 1265 custode,
240 1196 304 1269 regi
321 1197 448 1254 relatum
464 1206 554 1268 esset,
567 1213 623 1254 rex
641 1197 672 1254 in
690 1197 735 1254 ira
752 1199 804 1255 et⁴
824 1198 924 1255 surore
940 1215 1049 1271 magno
1068 1199 1241 1272 omniaque

84 1283 227 1357 episcopi
243 1295 338 1355 erant,
352 1285 523 1358 quantotius
541 1285 629 1343 iussit
643 1284 809 1356 confricari,
823 1286 1071 1344 saresbiriensem
1084 1303 1157 1343 vero
1169 1303 1240 1360 pro-
1258 1307 1287 1346 ιο

85 1371 189 1428 scribi
229 1371 264 1429 ln
283 1389 334 1430 res
353 1391 428 1430 vero
445 1371 502 1431 viri
521 1373 570 1430 dei
595 1391 685 1431 nemo
708 1373 895 1448 presumpsit
918 1391 1027 1432 manus
1052 1376 1238 1432 extendere:

84 1459 161 1515 dum
175 1468 206 1516 et
218 1459 366 1518 offensam
378 1460 443 1518 eius
455 1460 616 1531 metuuntl,
626 1471 656 1518 et
667 1463 828 1519 anathema
840 1462 918 1520 illius
931 1462 1017 1537 quasi
1026 1462 1153 1536 capitale
1168 1480 1239 1536 sup-

85 1548 208 1622 plitium
228 1549 431 1606 reformidant
468 1549 517 1606 Ad
533 1567 636 1622 regem
655 1552 778 1607 tandem
798 1553 954 1620 accedens,
972 1559 1003 1608 et
1024 1568 1094 1608 eum
1113 1551 1238 1609 missam

85 1638 263 1696 audientem
277 1638 444 1707 inueniens,
454 1639 593 1696 salutauit
605 1656 684 1697 eum.
711 1638 782 1712 Ipse
790 1657 864 1696 vero
873 1640 999 1697 verbum
1011 1657 1070 1697 non
1084 1639 1241 1714 respondit

84 1725 125 1794 ei,
138 1727 195 1784 sed
209 1743 278 1784 cum
296 1727 380 1783 illum
394 1743 559 1800 parumper
575 1727 669 1784 toruis
688 1727 794 1785 fuisset
812 1727 924 1784 oculis⁶
937 1728 1069 1794 intuitus,
1083 1728 1189 1785 faciem
1201 1728 1239 1785 ab
1256 1743 1287 1798 rr

85 1830 125 1870 eo
137 1813 255 1871 auertit
293 1813 348 1871 Cui
361 1814 522 1888 episcopus
535 1823 707 1872 constanter
718 1814 777 1873 ait:
797 1815 861 1871 ‘Da
874 1815 947 1872 mihi
959 1817 1104 1886 osculum,
1117 1815 1239 1872 domine

85 1903 163 1958 rex?
181 1901 242 1972 Qui
252 1901 348 1976 magis
361 1902 468 1960 auertit
479 1911 635 1975 aspectum
647 1903 686 1959 ab
696 1921 741 1973 eo,
750 1903 925 1976 vultumque
939 1913 968 1960 et
977 1912 1066 1976 caput
1079 1903 1110 1960 in
1123 1912 1241 1977 partem

85 1989 178 2047 aliam
190 1989 359 2048 declinauit
394 1990 481 2048 Tunc
499 1989 660 2064 episcopus
679 1990 756 2046 circa
773 1999 879 2063 pectus
891 2000 1008 2048 vestem
1027 1991 1106 2048 illius
1125 1991 1242 2049 fortiter
1313 2007 1323 2030 ·

85 2077 310 2151 constringens,
321 2077 428 2136 iterum
442 2077 536 2137 dixit:
556 2078 718 2136 ‘Osculum
732 2078 804 2134 mihi
814 2079 925 2136 debes:
945 2078 1013 2152 quia
1027 2079 1066 2136 de
1078 2078 1240 2152 longinquo

85 2167 125 2222 ad
139 2173 172 2222 te
182 2168 289 2222 venio!
324 2165 412 2222 Tunc
425 2183 480 2223 rex
491 2166 548 2223 ait:
569 2166 653 2222 ‘Non
667 2165 1025 2224 meruistivtosculerte.’
1063 2165 1121 2237 Qui
1135 2165 1241 2223 lortius
1257 2191 1288 2229 ro

86 2253 265 2310 concutiens
284 2270 354 2310 cunr
373 2269 429 2326 per
443 2271 660 2327 capam,qua1n
679 2255 782 2310 stricta
800 2255 922 2310 tenebat
939 2271 1041 2317 manu,
1054 2254 1242 2313 confidenter

86 2340 184 2396 dixit:
206 2339 321 2396 ‘Immo
333 2339 463 2412 merui’3
483 2350 513 2398 et
525 2340 631 2398 adiecit
644 2340 806 2398 ‘Osculare
819 2345 885 2398 me!
914 2341 999 2398 Tunc
1012 2341 1063 2399 ille
1076 2342 1241 2400 admiratus

87 2427 232 2484 fiduciam
262 2427 438 2498 constantie,
469 2428 682 2502 paululumque
711 2428 881 2498 subridens,
903 2430 1054 2486 osculatus
1084 2439 1131 2486 est
1162 2447 1241 2488 eum.

88 2515 228 2572 Aderant
246 2513 329 2572 enim
348 2515 388 2572 ibi
401 2517 461 2572 duo
473 2515 698 2590 archiepiscopi,
711 2525 742 2572 et
760 2516 894 2590 episcopi
907 2518 1059 2590 quinque:
1078 2535 1155 2590 quos
1173 2517 1241 2590 ipse

87 2603 204 2661 directe
231 2603 434 2676 pertransiuit,
455 2604 593 2677 quamuis
615 2603 644 2661 ei
669 2604 768 2662 locum
790 2613 957 2678 parassent,
978 2621 1013 2662 ac
1037 2621 1126 2662 secus
1144 2623 1239 2662 cornu
1256 2630 1286 2682 ²5

87 2689 191 2748 altaris
199 2689 1241 2763 gressumfigens‚demissisinterramluminibusdiuinorumtantum·

89 2779 181 2834 modo
190 2777 383 2836 celebrationi
395 2777 529 2835 animum
537 2777 719 2838 intendebat.
757 2779 855 2850 Quem
865 2778 980 2837 interea
989 2797 1046 2836 rex
1058 2797 1120 2836 non
1134 2798 1240 2854 parum

88 2865 209 2922 curioso
222 2873 252 2921 et
264 2881 343 2937 pene
356 2864 497 2923 continuo
506 2875 631 2938 aspectu
638 2867 854 2924 considerabat.
887 2867 924 2924 Et
935 2885 1003 2924 cunr
1011 2867 1094 2941 pacis
1106 2869 1241 2925 osculum

88 2953 234 3010 sacerdos
249 2952 367 3010 cuidam
385 2953 518 3012 dedisset
536 2953 770 3028 archiepiscopo,
787 2953 839 3029 qui
857 2954 922 3028 regi
940 2971 1047 3028 pacem
1065 2954 1238 3012 oblaturusl

88 3049 182 3108 esset,
199 3055 254 3096 rex
272 3039 300 3098 ei
318 3056 415 3114 vsque
433 3042 471 3098 ad
490 3042 602 3114 gradus
620 3041 727 3099 obuius
745 3041 903 3115 processit,
923 3051 1139 3116 sumptumque
1157 3043 1241 3116 pacis
1255 3065 1287 3116 30

87 3136 214 3200 accepte
225 3127 346 3200 signum
359 3145 427 3184 cum
444 3127 549 3185 humili
567 3129 738 3187 reuerentia
750 3129 893 3203 episeopo
910 3129 1098 3187 lincolniensi
1111 3148 1168 3203 per
1179 3130 1241 3188 oris

88 3215 137 3272 stri
157 3215 294 3273 oscillum
315 3215 471 3288 porrexit:
495 3215 618 3289 ltaque·
635 3235 778 3291 pnnceps
800 3216 1020 3274 illustrissimus
1038 3218 1241 3276 venerationis

88 3302 279 3376 obsequium,
300 3304 381 3376 quod
406 3303 464 3360 sibi
488 3303 732 3378 archiepiscopus
756 3303 875 3362 deferre
894 3305 1027 3378 parabat,
1046 3305 1113 3378 ipse
1141 3307 1241 3379 potius

88 3391 235 3465 episcopo
252 3399 356 3448 sancto
371 3389 516 3448 exhibere
529 3391 649 3449 studuit
687 3391 763 3448 Cum
774 3410 848 3450 vero
860 3401 929 3465 post
941 3392 1066 3449 missam
1079 3410 1173 3466 pauca
1185 3395 1240 3451 sed

89 3479 187 3547 sortia,
207 3479 288 3551 quod
309 3477 340 3534 in
362 3477 446 3534 illum
467 3478 540 3535 nihil
559 3479 736 3553 deliquisset
761 3479 893 3537 euidenti
916 3479 1030 3536 ratione
1049 3481 1240 3553 ostendisset,
1254 3501 1286 3557 33

89 3565 211 3623 retorsit
225 3583 279 3623 rex
293 3565 406 3622 crimen
419 3564 535 3624 offense
547 3565 577 3623 in
591 3566 856 3640 archiepiscopum,
870 3567 920 3641 qui
939 3566 995 3624 sibi
1013 3569 1051 3626 de
1068 3587 1105 3626 eo
1118 3569 1241 3626 sinistra

89 3671 165 3728 sepe
178 3661 372 3726 suggesserat
379 3651 397 3708 ⁸.
422 3653 541 3711 Placato
553 3653 653 3728 itaque
666 3673 746 3728 rege,
758 3656 949 3729 apprehensa
962 3672 1051 3714 manu
1064 3657 1130 3715 eius
1140 3676 1158 3714 a
1167 3659 1241 3716 sede

90 3759 145 3800 sua
164 3741 264 3816 ipsum
283 3741 406 3798 eleuans
426 3742 571 3814 pertraxit
593 3759 730 3800 seorsum
751 3761 846 3817 vsque
868 3746 905 3801 ad
926 3745 1028 3814 altare,
1047 3745 1151 3819 sicque
1170 3763 1240 3802 eum

89 3829 237 3888 secretius
250 3828 420 3902 alloquutus
433 3838 497 3886 est:
511 3830 647 3899 ‘Nosten
660 3829 762 3904 inquit,
775 3832 975 3904 parochianus
988 3851 1031 3904 es,
1041 3833 1162 3891 domine
1176 3851 1240 3904 rex,

90 3917 238 3990 nobisque
250 3915 395 3973 incumbit
407 3933 463 3989 pro
475 3916 574 3974 anima
587 3926 646 3987 tua,
659 3935 749 3992 quam
762 3918 900 3977 dominus
913 3937 1019 3978 cruore
1036 3938 1091 3977 suo
1104 3921 1240 3989 redemit,
1253 3943 1287 3994 40

90 4006 119 4062 in
139 4004 300 4063 tremendo
318 4002 429 4060 iudicio
442 4005 637 4078 respondere.
673 4005 751 4063 Volo
769 4006 859 4081 igitur
874 4007 947 4064 mihi
966 4008 1048 4065 dicas
1061 4007 1188 4080 qualiter
1206 4025 1241 4066 se

90 4093 198 4151 habeat
216 4101 313 4149 status
332 4090 456 4148 interior
468 4092 568 4150 anime
582 4102 642 4160 tue,
653 4103 685 4151 vt
703 4093 856 4163 auxilium,
868 4103 958 4168 prout
977 4112 1109 4170 superna
1127 4096 1241 4168 aspira·

89 4179 166 4240 uerit
177 4179 282 4255 gratia,
295 4176 412 4252 possim
423 4179 584 4260 adhibere!
621 4181 677 4239 Cui
694 4199 762 4239 cum
780 4199 836 4240 rex
853 4181 1067 4241 conscientiam
1085 4198 1169 4240 suam
1182 4183 1240 4242 sibi

120 4295 175 4346 ¹T.
188 4293 351 4358 iugiterdeo.
410 4291 465 4344 ¹T.
479 4299 553 4346 extra
563 4310 625 4346 vero
635 4312 656 4347 r.
722 4295 779 4348 ¹T.
790 4297 885 4347 saresb.
952 4295 1009 4348 ⁴E.
1022 4297 1095 4346 etin.
1163 4295 1240 4350 ‘Vrt

89 4369 147 4413 ruet
162 4363 303 4412 incurrere.
348 4359 404 4413 ’Β
417 4360 513 4412 oculus.
556 4357 617 4412 'al
628 4361 758 4413 allaturus.
804 4363 923 4414 ⁸a1.lta.
968 4363 1027 4414 'al
1039 4363 1222 4427 suggessisset.
