3046 4902
109 308 166 361 us
178 306 333 374 nontam]
375 291 448 384 Dr
465 288 867 417 &murmurent
884 296 924 377 lt
941 297 1129 395 mutivit
1189 315 1256 390 59ι

10 537 34 572 .·:·
109 493 267 564 dormienti,
292 502 321 550 et
345 511 410 550 cum
437 511 539 566 corpus
564 492 626 551 eius
649 513 699 566 pre
725 493 813 551 nimia
837 493 972 566 tempon's
996 493 1153 566 prolixitate
1176 495 1262 552 aridis

10 623 30 634 ..
109 577 223 634 ossibus
241 578 268 632 in
287 577 432 648 puluerem
451 578 596 633 redactum
617 579 786 646 crederetur,
806 579 846 634 ita
864 578 1002 649 integrum
1023 588 1052 634 et
1072 579 1262 649 incorruptum

11 651 25 726 's
109 670 154 716 est
172 669 313 730 repertum
332 659 390 715 acsi
409 661 510 716 eodem
530 659 602 731 [die]
620 660 718 716 fuisset
737 662 888 731 sepultum.
936 660 1035 731 Capud
1055 676 1168 732 quoque
1186 661 1262 732 quod

10 797 12 800 .
107 742 250 812 precisum
273 743 364 798 fuerat
388 760 406 797 a
429 759 545 813 corpore
569 743 598 798 in
623 742 763 813 passionis
787 743 913 810 articulo,
934 742 973 799 ita
997 743 1106 814 corpori
1125 745 1188 798 loco
1211 761 1263 800 suo

9 821 29 886 J,
109 824 314 880 consolidatum
338 835 366 882 ct
390 825 498 880 unitum
524 825 699 895 inuenerunt,
721 835 751 880 vt
776 827 853 882 nulla
878 825 906 880 in
925 843 968 894 eo,
988 826 1061 882 sicut
1081 844 1134 882 nec
1154 827 1183 881 in
1202 837 1290 891 totos

9 902 32 981 s.
108 923 235 978 corpore,
247 907 359 962 macula
372 907 511 964 cicatricis
524 909 568 964 vel
581 907 699 964 alicuius
713 909 828 964 lesionis
841 917 997 980 appareret.
1035 910 1069 964 ln
1083 911 1155 966 collo
1167 920 1262 965 tamen

9 1046 24 1056 ..
109 989 221 1045 subtilis
233 1008 267 1046 ac
278 990 435 1046 rubicunda
447 991 521 1046 linea
533 991 570 1045 ad
582 991 697 1046 modum
711 990 750 1046 fili
762 991 887 1048 coccinei
900 991 1032 1047 rutilabat
1044 1009 1095 1063 per
1107 993 1262 1061 circuitum,

9 1079 11 1082 '
109 1072 260 1141 vestigium
291 1073 489 1129 decollacionis
519 1085 724 1144 representans
777 1076 897 1130 Eleuata
927 1075 1042 1130 tandem
1073 1093 1138 1130 cum
1169 1075 1262 1132 leticia

9 1147 21 1226 ζ
109 1155 281 1210 sanctissimi
300 1154 425 1226 corporis
443 1156 545 1226 gleba:
566 1157 680 1212 Christo
699 1157 770 1212 duce
789 1175 853 1212 cum
872 1156 1020 1229 maxi[m]o
1038 1157 1104 1213 cleri
1117 1159 1262 1230 plebisque

9 1301 19 1310 ,.
108 1237 242 1308 tripudio,
261 1237 289 1292 in
309 1239 445 1309 prefatam
465 1239 630 1295 transfertur
646 1240 804 1308 ecclesiam,
823 1241 869 1295 vbi
888 1242 982 1296 adhuc
1002 1240 1031 1297 in
1050 1242 1151 1298 eadem
1172 1243 1263 1298 forma
1278 1252 1309 1288 10

10 1327 20 1402 ]
109 1331 239 1392 expectat
252 1321 334 1376 beate
347 1322 561 1378 resurreccionis
572 1322 677 1392 gaudia
688 1323 864 1393 repromissa

207 1463 375 1534 Quanrraa
396 1464 512 1519 osui-:u
532 1476 700 1521 ranscrorr
717 1477 864 1524 oneratos
883 1479 956 1523 erus
974 1479 1014 1522 ar
1031 1479 1167 1524 vacuas

146 1597 225 1653 Auro
236 1599 358 1654 floreae.
370 1602 492 1672 etpn'or
509 1601 705 1675 Warengsord.
795 1569 821 1622 Ε
841 1568 1052 1661 ⁵¹¹⁰P¹¹⁰⁹⁰⁵⁰¹²⁸
1067 1567 1161 1662 idam
1176 1578 1204 1662 5²
1220 1569 1263 1624 5¹¹·

823 1659 954 1719 tegritate
965 1667 1090 1720 corporis
1100 1661 1191 1706 sanctt
1205 1652 1263 1706 Ed-

8 1753 10 1758 s
108 1732 209 1786 mundi
223 1733 301 1788 testis
314 1743 373 1788 erat
385 1734 422 1789 ad
435 1734 570 1805 populum
583 1735 665 1791 beate
678 1733 883 1792 recordacionis
894 1731 999 1787 femina
1011 1733 1113 1788 Oswen
1127 1735 1264 1788 vocabulo

109 1815 194 1883 dicta,
207 1833 262 1886 que
274 1833 363 1888 prope
375 1817 449 1872 dicte
461 1818 657 1874 translacionis
670 1815 821 1889 primordia
838 1814 876 1870 ad
893 1815 982 1870 sancti
1001 1815 1122 1870 martiris
1136 1817 1263 1872 tumbam
1279 1839 1308 1890 ¹⁵

7 1897 9 1928 ⁷
109 1897 139 1952 in
152 1897 250 1953 habitu
263 1898 393 1968 religioso
406 1898 515 1956 ieiuniis
527 1912 555 1956 et
569 1901 746 1956 oracionibus
759 1915 872 1967 vacans,
881 1897 970 1952 multa
979 1899 1112 1968 transegit
1126 1916 1263 1954 annorum

7 1980 9 2010 ³
109 1979 255 2035 curricula
293 1983 356 2050 Que
369 1982 462 2038 diuine
475 1983 659 2039 reuelacionis
672 1984 715 2038 vel
734 1981 845 2054 proprie
857 1979 1018 2035 deuocionis
1031 1981 1206 2050 auctoritate,
1218 1983 1263 2037 vel

8 2089 9 2092 ¹
109 2072 186 2118 certe
197 2063 341 2134 utriusque
354 2066 577 2136 presumpcione,
591 2068 626 2121 de
638 2084 717 2122 more
730 2063 874 2121 consueuit
888 2061 918 2117 in
936 2079 1007 2117 cena
1020 2063 1170 2130 dominica,
1184 2075 1264 2134 pate·

108 2145 185 2200 facto
203 2144 278 2200 beati
300 2147 422 2202 martiris
443 2149 580 2218 sepulcro,
602 2149 719 2218 singulis
744 2145 825 2202 annis
848 2145 965 2216 capillos
986 2146 1090 2215 pariter
1107 2155 1136 2202 et
1156 2165 1263 2217 vngues

7 2231 9 2256 ³
109 2227 202 2283 sancti
234 2228 308 2298 regis
341 2228 512 2300 precidere¹,
542 2241 571 2286 et
605 2231 634 2286 in
668 2231 785 2302 capsula
819 2227 968 2296 diligenter
998 2229 1161 2297 recondens,
1192 2231 1264 2285 mira
1279 2252 1310 2289 ao

7 2337 9 2344 v
109 2310 263 2366 affeccione
281 2312 417 2383 quamdiu
433 2312 498 2368 vixit
517 2313 645 2379 excoluit,
664 2323 692 2369 et
708 2324 851 2383 tamquam
869 2310 1011 2380 preciosas
1026 2311 1159 2381 reliquias
1179 2329 1265 2381 super

108 2394 200 2450 altare
216 2393 343 2450 eiusdem
360 2395 479 2451 ecclesie
497 2396 599 2452 deuote
619 2396 760 2466 reposuit;
788 2392 835 2450 vbi
855 2391 950 2447 adhuc
968 2403 1150 2448 reseruantur
1168 2393 1264 2450 debita

6 2485 7 2488 ’
108 2476 301 2532 veneracione.
337 2479 428 2533 Prior
441 2478 475 2533 de
496 2476 725 2549 Ware[n]gsord
763 2479 796 2532 ln
809 2473 909 2532 veteris
921 2485 1017 2530 autem
1029 2475 1089 2531 siue
1101 2476 1167 2531 noui
1179 2487 1263 2533 testa·

109 2558 197 2614 menti
223 2559 295 2614 serie
320 2577 377 2615 non
401 2571 445 2616 est
469 2562 584 2632 aliquod
608 2562 674 2616 huic
699 2558 845 2616 consimile
869 2558 1013 2625 mirabile;
1042 2559 1119 2629 qnod
1139 2560 1215 2614 enim
1235 2559 1263 2615 in

108 2654 223 2698 mortuo
245 2644 383 2698 cadauere
404 2653 511 2700 crescat
532 2644 658 2715 capillus,
680 2644 724 2698 vel
745 2641 847 2712 unguis
868 2652 1019 2708 excrescat,
1040 2657 1093 2696 nec
1118 2641 1188 2711 legis
1212 2659 1264 2697 nec
1279 2657 1308 2707 ²⁵

107 2724 247 2793 euangelii
260 2725 378 2780 occurrit
391 2729 557 2796 exemplum.
595 2727 717 2782 Proinde
733 2724 883 2794 singularis
902 2723 1018 2794 gauisus
1031 2735 1073 2780 est
1086 2723 1158 2794 signi
1171 2725 1264 2795 specie

108 2807 159 2878 qui
172 2805 200 2861 in
213 2807 384 2863 sublimitate
398 2809 505 2879 positus
518 2810 695 2881 singulariter
706 2810 743 2864 de
760 2818 850 2864 morte
869 2808 905 2862 ad
919 2807 1006 2862 vitam
1022 2807 1171 2862 transitum
1189 2808 1264 2875 fecit,

108 2898 139 2944 et
158 2889 279 2959 speciem
299 2889 415 2960 imperio
433 2891 549 2962 dignam
564 2891 592 2948 in
612 2892 744 2948 seruilem
765 2889 949 2946 commutauit
970 2890 1085 2960 quando
1102 2907 1151 2944 rex
1169 2888 1265 2946 more‘

108 2971 185 3028 serui
204 2971 335 3041 dignatus
357 2984 400 3030 est
420 2975 500 3030 mori.
535 2977 758 3046 verumptamen
785 2968 879 3044 quod³
898 2971 1052 3027 inattencio
1077 2971 1264 3042 percutientis

108 3055 228 3110 credidit
240 3056 349 3126 seruile,
363 3055 486 3112 intencio
499 3057 634 3128 pacientis
646 3057 712 3113 fecit
724 3055 883 3128 imperiale:
903 3054 969 3126 quia
982 3071 1093 3109 summa
1107 3054 1263 3124 ingenuitas
1277 3059 1310 3110 30

108 3148 155 3193 est
176 3138 281 3209 inqua
302 3140 422 3195 seruitus
442 3140 546 3196 Christi
570 3141 776 3210 comprobatur.
811 3138 891 3193 Abho
911 3138 1032 3192 Florian
1070 3135 1134 3196 ilO
1159 3147 1265 3208 quanta

108 3220 272 3276 reuerentia
292 3222 371 3276 locus
391 3222 437 3278 ille
462 3223 564 3292 dignus
587 3222 679 3278 existit
704 3221 752 3294 qui
777 3222 830 3276 sub
854 3218 947 3291 specie
971 3218 1135 3274 dormientis
1154 3229 1264 3276 tantum

110 3302 215 3359 Christi
229 3312 330 3359 testem
344 3305 478 3374 continet,
491 3315 519 3360 et
532 3306 561 3361 in
580 3323 637 3378 quo
655 3315 733 3360 tante
750 3304 866 3359 virtutes
881 3304 952 3358 fiunt
967 3314 995 3358 et
1012 3302 1084 3357 facte
1099 3303 1265 3369 referuntur,

108 3395 232 3456 quantas
244 3388 319 3456 apud
332 3387 440 3456 Anglos
453 3404 593 3458 nusquam
607 3387 674 3443 alibi
687 3386 856 3442 audiuimus.
892 3386 939 3439 De
951 3401 1008 3456 quo
1021 3395 1139 3453 constat,
1153 3385 1225 3442 sicut
1237 3396 1266 3443 et

109 3469 147 3524 de
167 3468 229 3523 aliis
241 3469 347 3524 sanctis
365 3470 496 3526 omnibus
518 3471 574 3526 iam
594 3487 658 3526 curn
680 3470 794 3527 Christo
816 3467 1008 3539 regnantibus,
1027 3470 1102 3539 quod
1122 3469 1186 3526 licet
1204 3468 1265 3526 eius
1278 3479 1309 3531 35

108 3549 206 3605 anima
218 3551 302 3620 digne
314 3568 364 3622 pro
377 3553 483 3609 meritis
496 3553 532 3609 sit
545 3554 573 3608 in
591 3553 687 3609 celesti
704 3553 802 3623 gloria,
815 3569 873 3607 non
891 3561 987 3608 tamen
1005 3568 1055 3622 per
1073 3552 1265 3608 visitacionem

109 3633 157 3688 die
169 3643 309 3705 noctuque
321 3636 403 3706 longe
416 3647 458 3690 est
471 3655 489 3692 a
502 3637 625 3706 corporis
637 3636 791 3708 presencia,
805 3651 869 3690 cum
882 3650 938 3705 quo
951 3635 1101 3704 promeruit
1115 3651 1150 3690 ea
1162 3635 1265 3706 quibus

110 3715 167 3771 iam
180 3716 328 3786 perfruitur
339 3718 420 3773 beate
431 3718 648 3776 immortalitatis
660 3717 773 3789 gaudia.
811 3718 887 3771 Nam
904 3717 973 3771 dum
988 3717 1016 3770 in
1029 3727 1124 3772 eterna
1136 3717 1227 3788 patria
1238 3717 1264 3773 ei

110 3798 235 3868 iungitur
258 3797 325 3871 qui⁴
348 3800 451 3872 vbique
473 3811 548 3856 totus
568 3810 619 3868 est,
638 3801 675 3856 de
696 3818 729 3856 eo
752 3802 838 3856 habet
861 3816 945 3869 posse
963 3798 1098 3869 quicquid
1118 3800 1217 3855 habuit
1236 3810 1265 3856 et

109 3879 189 3950 velle,
214 3893 305 3951 preter
329 3881 357 3937 id
382 3884 473 3938 solum
498 3883 574 3954 qnod
599 3882 764 3953 infatigabili
789 3881 929 3938 desiderio
959 3881 1132 3951 concupiscit
1157 3892 1185 3936 vt
1215 3893 1310 3952 per4⁰

108 3961 370 4034 resur[r]eccionem
383 3965 573 4022 circumdetur
589 3966 661 4021 stola
680 3967 824 4022 demutate
841 3962 952 4019 carnis:
979 3963 1112 4034 quoniam
1133 3972 1201 4018 tunc
1213 3965 1265 4020 erit

109 4045 233 4118 perfecta
246 4056 406 4104 sanctorum
419 4048 563 4104 beatitudo
573 4066 637 4104 curn
647 4049 685 4103 ad
696 4049 723 4103 id
733 4047 815 4103 fuerit
825 4045 1080 4116 Christolargiente
1091 4055 1264 4117 peruentum.

111 4131 160 4185 Set
173 4139 201 4184 et
214 4131 251 4184 de
263 4130 316 4184 hoc
329 4141 427 4186 sancto
440 4131 554 4186 martire
570 4130 695 4186 estimari
711 4131 776 4186 licet
795 4129 874 4184 cuius
888 4128 971 4184 fuerit
988 4127 1145 4183 sanctitatis
1164 4128 1192 4183 in
1210 4130 1265 4186 hac

109 4213 175 4282 vita,
188 4213 269 4268 cuius
287 4230 353 4268 caro
370 4225 481 4270 mortua
494 4214 595 4285 prefert
607 4214 750 4285 quoddam
764 4211 1005 4283 resur[r]eccionis
1018 4212 1115 4281 decus,
1128 4211 1188 4266 sine
1201 4212 1264 4270 labe

175 4318 431 4387 ¹MS.prescindcre.
509 4321 680 4373 ²lfS.mori.
762 4319 929 4384 ³lfS.quid.
1006 4319 1198 4386 ‘linquitur
