3046 4902
87 315 148 366 us.
161 316 314 382 aanor
348 300 423 392 bt
445 297 504 388 e.
525 299 741 386 mutuum
764 313 858 402 truc
880 307 919 386 tt
941 306 1130 402 muttum
1166 279 1235 394 641

85 511 118 557 et
138 503 226 557 deum
247 504 418 572 collaudans,
441 503 574 560 femiuam
595 503 775 574 indempnem
796 503 873 559 abire
895 503 1040 574 permisit3
1069 504 1106 559 ad
1126 504 1243 559 beatum

87 585 196 642 deinde
215 604 309 657 regem
334 589 518 643 Edmundum
542 587 653 642 rediens
674 586 789 642 laudum
810 589 836 641 ei
856 596 884 643 et
905 587 1062 657 graciarum
1086 587 1242 642 immolauit

87 671 234 740 preconia,
254 671 368 743 suisque
388 689 444 743 que
464 671 540 726 facta
561 681 624 726 sunt
649 670 773 725 narrauit
798 670 935 727 uniuersa.
982 671 1039 726 Hic
1061 671 1241 740 postmodum

88 752 210 808 domino
230 753 349 810 docente
370 756 407 810 ad
428 755 592 811 seruitutem
613 754 659 809 dei
679 755 732 810 sub
751 755 907 824 patrocinio
931 754 1020 810 sancti
1042 755 1186 810 Edmundi
1213 772 1243 810 se

88 837 235 892 transtulit
265 839 400 908 regularis
431 839 486 894 vite
516 837 658 893 exerciciis
688 837 912 893 innormandum.
949 839 1004 907 Qui
1035 838 1130 893 multIs
1159 837 1268 897 annisi

89 919 238 989 spirituale
251 924 452 977 monachorum
465 922 577 993 pertulit
588 931 738 992 certamen,
751 932 779 976 et
792 921 905 978 Christo
924 921 1047 977 militans
1066 921 1126 977 dies
1143 939 1242 977 omnes

90 1003 152 1057 vite
163 1021 214 1059 sue
228 1004 256 1058 in
269 1007 344 1060 bona
356 1015 501 1061 senectute
514 1005 658 1061 conclusit.

131 1165 181 1219 DE
200 1177 240 1222 EO
258 1177 314 1231 QUI
334 1178 497 1222 PECUNIAM
517 1177 635 1221 DOMINI
654 1177 705 1220 SUI
724 1176 891 1234 AMISERAT,
905 1177 997 1230 QUAM
1016 1177 1047 1220 EI
1067 1176 1206 1220 SANCTUS

584 1260 759 1304 RES'I'ITUIT.

133 1391 265 1447 osbertus
317 1354 387 1481 M
398 1355 452 1410 lles
466 1353 580 1425 quidam
593 1353 651 1410 suis
664 1362 811 1409 contentus
824 1353 985 1409 diuersoriis
997 1354 1068 1410 vltra
1080 1353 1243 1408 Eboracum

265 1434 271 1448 '
421 1438 451 1492 in
463 1437 608 1508 prouincia
620 1453 675 1507 que
689 1435 837 1506 Coplanda
849 1437 1016 1502 nominatur,
1027 1437 1150 1492 babebat
1162 1436 1242 1507 [quo-

92 1515 163 1588 que]
174 1519 271 1588 predia
281 1521 309 1575 in
319 1521 422 1591 Anglie
431 1521 558 1591 partibus
569 1519 730 1575 orientalis.
767 1521 812 1574 Eo
825 1520 947 1575 seruiens
957 1519 1017 1575 eius
1030 1519 1106 1574 uenit
1119 1520 1243 1576 debitam
1259 1538 1288 1574 ιο

93 1599 212 1656 domino
225 1620 374 1673 reposcens
386 1604 550 1675 pecuniam:
570 1619 687 1673 eamque
699 1603 777 1672 graui
791 1602 940 1658 infortunio
950 1602 1044 1658 amisit
1058 1603 1243 1673 impetratam.

94 1685 226 1756 Cumque
237 1687 376 1743 rediturus
389 1688 417 1741 in
430 1687 528 1743 itinere
540 1687 679 1741 laboraret
696 1695 724 1741 et
736 1685 857 1741 exicialis
874 1686 983 1741 fortune
996 1697 1120 1756 gemeret
1133 1704 1243 1756 pressu·

93 1784 173 1821 rami
191 1786 276 1840 quam
288 1771 367 1825 multi
380 1772 417 1826 ad
430 1780 559 1826 sanctum
572 1787 667 1840 regem
678 1781 706 1825 et
719 1768 863 1824 martirem
876 1769 1060 1824 Edmundum
1073 1770 1244 1824 confluerent

94 1867 192 1906 secum
205 1854 280 1924 cepit
293 1865 449 1910 retractare.
476 1854 563 1925 Igitur
575 1855 613 1908 ad
626 1863 754 1908 sanctum
767 1854 803 1908 ab
817 1853 913 1908 itinere
927 1853 1038 1907 diuertit
1051 1852 1243 1918 Edmundum,

94 1933 223 1989 diuinum
242 1954 291 2006 per
309 1955 373 1992 eum
391 1937 528 2009 petiturus
545 1937 686 1992 auxilium.
723 1939 818 1992 Antea
831 1947 926 1991 tamen
942 1953 1027 2006 quarn
1044 1935 1108 1990 illuc
1127 1937 1242 2005 veniret,
1258 1958 1267 1993 r
1273 1958 1286 2007 5

95 2034 147 2086 per
159 2019 270 2074 beatum
283 2021 426 2076 martirem
439 2038 469 2076 se
482 2020 602 2091 propriis
614 2021 771 2076 restitutum
788 2020 902 2090 gauisus
919 2029 962 2075 est
980 2018 1084 2089 spoliis.
1121 2020 1166 2072 Ex
1178 2036 1242 2090 quo,

96 2112 194 2155 sancto
207 2102 304 2159 libauit
317 2103 424 2159 hostias
437 2103 522 2173 digne
538 2103 708 2172 deuocionis,
721 2113 749 2158 et
762 2120 793 2158 se
809 2120 859 2158 sua
878 2102 968 2158 sancti
981 2103 1124 2158 Edmundi
1137 2102 1242 2159 meritis

95 2184 234 2254 recepisse
246 2188 339 2258 palam
351 2187 481 2242 omnibus
493 2186 643 2242 nunciauit.

131 2362 219 2420 lea
238 2376 382 2420 uurraxa
400 2376 512 2420 murra
530 2378 551 2418 x
570 2376 722 2420 ranxrnus
740 2377 801 2418 run
820 2377 1023 2420 rorxcrouau
1042 2378 1084 2420 na
1103 2377 1199 2421 crprro

450 2460 559 2503 sxucrr
579 2448 737 2505 Enuurtor
757 2460 892 2504 cuxxrx.

384 2565 498 2620 Uedarn
520 2564 621 2619 mulier
647 2565 757 2621 diuiciis
781 2566 864 2621 valde
887 2566 1023 2636 locuplex,
1047 2565 1115 2621 ditis
1140 2575 1243 2621 uexata

417 2648 540 2704 febribus
559 2649 631 2703 lecto
650 2648 789 2715 decubuit,
807 2659 835 2705 et
851 2652 971 2719 longeuo
989 2658 1116 2720 tempore
1134 2650 1241 2705 crudeli
1258 2673 1288 2708 πο

96 2728 230 2800 passione
248 2731 393 2788 laborauit.
432 2735 464 2786 ln
483 2749 539 2802 qua
557 2749 621 2786 curn
639 2733 730 2787 omnis
751 2732 859 2802 phisica
877 2733 1017 2798 deficeret,
1035 2741 1062 2787 et
1083 2733 1239 2788 curacionis

96 2805 183 2882 ope'ra
206 2815 284 2868 nulla
307 2816 416 2886 penitus
441 2813 630 2885 preualeret¹:
663 2825 726 2885 post
750 2832 886 2885 expensas
910 2815 1034 2885 perditas
1058 2815 1096 2869 ad
1127 2815 1237 2870 celestis

95 2895 206 2950 medele
218 2914 250 2951 se
267 2898 403 2953 conuertit
418 2898 581 2953 efficaciam.
618 2896 764 2953 Didicerat
776 2915 793 2951 a
806 2914 863 2952 non
876 2896 959 2951 nullis
972 2897 1086 2966 ciphum
1100 2895 1241 2967 inprecia·

94 2978 183 3033 bilem
196 2980 272 3036 beati
291 2981 412 3037 martiris
430 2981 457 3035 in
473 2980 592 3036 ecclesia
608 2981 752 3049 contineri,
764 2982 802 3036 de
819 2997 874 3051 quo
894 2981 916 3034 si
936 2979 998 3050 quis
1016 2981 1138 3035 hauriret
1157 2996 1240 3050 quem

95 3074 235 3133 premeret
255 3063 410 3129 infirmitas,
429 3064 501 3119 mira
522 3063 547 3118 ei
572 3081 636 3119 curn
655 3075 723 3135 potu
748 3064 852 3118 rediret
876 3063 1027 3129 uiuacitas3
1057 3064 1094 3117 ab
1117 3062 1238 3134 antiquis
1258 3085 1287 3134 25

96 3145 186 3201 eciam
201 3149 361 3204 tradebatur
377 3147 559 3216 diuulgatum,
577 3148 643 3201 dum
663 3164 740 3202 more
758 3147 887 3217 priuceps
906 3146 1073 3200 Edmundus
1093 3145 1242 3216 imperaret

97 3229 183 3298 regio,
195 3248 230 3285 ex
242 3233 295 3286 hoc
308 3241 403 3286 nectar
418 3230 560 3302 quodlibet
578 3231 828 3286 sumministratum
843 3240 902 3285 erat
919 3229 978 3298 regi
993 3227 1122 3298 glorioso.
1161 3231 1240 3284 Male

97 3321 198 3383 potens
222 3314 315 3384 itaque
337 3313 451 3381 femma,
475 3315 551 3368 fama
575 3324 672 3369 sancte
696 3313 836 3384 opinionis
859 3313 965 3381 audita,
990 3313 1095 3383 paratis
1115 3313 1242 3368 celeriter

136 2602 275 2659 Osberfus.

98 3397 228 3467 expensis
241 3398 278 3452 ad
291 3400 383 3453 locum
399 3407 530 3469 properat
547 3398 646 3468 inquo
662 3398 798 3467 gloriosus
815 3398 945 3468 princeps
963 3398 1132 3452 Edmundus
1149 3397 1240 3452 incor-

97 3491 179 3549 rupta
197 3499 282 3537 carne
300 3481 427 3552 quiescit.
465 3482 576 3536 Adorat
594 3481 622 3535 in
641 3481 760 3536 ecclesia
777 3480 833 3534 iam
852 3482 927 3537 dicta
945 3481 1050 3550 virago,
1065 3498 1184 3552 suasque
1198 3482 1242 3536 dei
1258 3497 1289 3546 30

97 3565 203 3620 athlete
227 3575 401 3635 representat
424 3563 564 3620 excubias.
601 3565 723 3635 Exponit
747 3564 850 3620 deinde
874 3583 924 3620 sue
943 3563 1091 3634 negocium
1115 3565 1243 3620 molestie

99 3648 256 3716 secretario,
269 3649 305 3704 de
318 3649 400 3718 cipho
418 3647 579 3718 suppliciter
597 3649 741 3718 postulans
758 3647 811 3702 sibi
828 3648 979 3718 propinari.
1018 3649 1162 3703 Prelibans
1176 3667 1243 3717 ergo

97 3741 196 3803 potum
220 3731 256 3786 de
280 3741 386 3786 cratere
406 3731 490 3800 regio,
513 3729 569 3786 suis
590 3729 727 3800 reliquum
746 3730 830 3784 sociis
851 3730 987 3802 liquorem
1010 3731 1122 3786 tribuit:
1150 3741 1177 3786 et
1202 3731 1243 3785 sic

98 3815 194 3870 statIm
206 3816 244 3870 ab
257 3815 416 3870 infirmitate
428 3813 569 3882 liberatur,
581 3813 689 3883 gracias
702 3831 791 3884 agens
804 3815 857 3869 deo
870 3825 898 3869 et
911 3823 1010 3868 sancto
1023 3831 1074 3868 suo
1089 3814 1242 3868 Edmundo

96 3898 203 3953 martiri
222 3898 349 3967 glorioso.
386 3899 432 3952 Ad
452 3895 608 3968 hospicium
628 3897 721 3968 itaque
734 3898 846 3952 rediens
862 3907 926 3968 post
942 3898 1063 3952 salutare
1078 3896 1242 3966 remedium,
1256 3916 1287 3967 35

97 3997 195 4037 mense
220 3980 347 4036 innititur
370 3979 452 4052 copia
475 3981 626 4035 multorum
651 3980 750 4036 diffuse
773 3981 956 4048 ferculorum;
981 3978 1164 4050 assidentque
1189 3979 1242 4034 sibi

97 4065 270 4120 collaterales
282 4065 338 4119 duo
351 4063 461 4130 milites,
474 4081 545 4118 vnus
557 4065 665 4119 habens
678 4064 834 4133 coniugem,
844 4063 914 4117 alter
922 4073 1078 4133 equestrem
1091 4078 1154 4117 cum
1168 4062 1242 4118 dicta

97 4147 202 4204 femina
219 4149 404 4204 mansionem.
441 4148 563 4203 Torrens
576 4147 654 4202 illum
672 4147 746 4216 ignis
762 4146 898 4201 adurebat
917 4144 1043 4200 libidinis
1060 4145 1107 4217 qui
1124 4145 1242 4202 vinculis

97 4230 228 4287 astrictus
247 4233 396 4287 tenebatur
413 4230 523 4287 uxoris:
551 4228 662 4286 infamis
679 4231 797 4286 infames
815 4229 954 4285 asciuerat
973 4228 1027 4284 sibi
1046 4228 1158 4300 pelices,
1177 4245 1241 4284 cum

537 4373 544 4402 ¹
563 4372 617 4424 MS.
629 4373 791 4437 preualerent.

133 4476 199 4522 v01.
215 4477 247 4520 11.
649 4474 669 4517 Τ
682 4473 693 4518 t
