3044 4878
446 300 521 396 Dr
545 298 711 392 &tuctu
736 301 870 404 milita.
1190 327 1236 399 33

76 499 161 556 tione
175 499 301 572 domini,
313 500 465 575 passione,
478 501 699 560 resurrectione
711 511 741 559 et
754 501 942 572 ascensione,
955 503 993 559 de
1006 502 1130 576 spiritus
1142 503 1237 560 sancti

75 589 214 645 aduentu
227 596 259 646 et
271 589 475 662 apostolorum
488 589 631 646 doctrina.
658 589 721 646 De¹
730 598 846 647 terrore
859 589 948 647 futuri
960 591 1059 647 iudicii
1071 597 1101 648 et
1112 591 1237 649 horrore

77 693 160 748 pene
173 677 328 734 iehenne²
338 695 373 734 ac
385 676 543 734 dulcedine
555 677 640 751 regni
653 678 774 735 celestis
786 679 880 734 multa
892 679 1025 735 carmina
1034 677 1167 736 faciebat
1201 678 1236 736 ln

76 765 191 837 quibus
204 764 346 822 homines
358 766 397 821 ab
413 782 516 822 amore
533 765 682 822 scelerum
698 766 884 836 abstrahere,
897 775 927 823 et
944 767 982 824 ad
1000 766 1189 823 dilectionem
1206 775 1237 825 et

76 851 236 908 solertiam
256 853 336 908 bone
355 851 480 909 actionis
504 851 635 910 excitare
659 854 789 910 curabat.
837 853 910 910 Erat
933 853 1015 911 enim
1038 854 1087 910 vir
1110 855 1264 924 multum5

77 939 242 1012 religiosus
254 950 285 996 et
297 940 427 1010 humilis,
440 949 470 996 et
486 942 634 997 aduersus
651 939 717 998 illos
730 941 780 1014 qui
793 956 888 1014 praue
905 958 995 1014 agere
1012 941 1157 1012 solebant,
1170 941 1236 998 zelo

77 1029 183 1100 magni
203 1027 335 1084 senioris
354 1043 507 1084 accensus
553 1027 591 1084 Et
615 1027 724 1084 lactum
746 1037 794 1084 est
811 1037 853 1098 vt,
874 1027 926 1101 qui
946 1027 1075 1103 simplici
1100 1046 1135 1086 ac
1160 1046 1236 1102 pura

77 1123 184 1171 mente
208 1115 429 1188 tranquillaque
448 1114 609 1172 deuotione
635 1115 757 1172 domino
788 1115 944 1184 seruierat,
964 1116 1055 1173 etiam
1074 1116 1235 1190 tranquilla
1257 1125 1260 1132 ’

77 1211 178 1259 morte
186 1203 334 1259 mundum
344 1201 517 1276 relinquens
526 1203 564 1258 ad
573 1201 792 1260 eiusvisionenr
802 1201 918 1260 veniret
926 1202 1056 1276 ³,illaque
1065 1202 1168 1277 lingua
1176 1221 1236 1276 que

77 1299 122 1346 tot
140 1289 285 1347 salutaria
293 1292 385 1348 verba
398 1289 428 1346 in
447 1291 567 1347 laudern
586 1289 748 1346 conditoris
765 1300 984 1363 composuerat,
997 1290 1100 1347 vltima
1113 1307 1234 1365 quoque
1252 1314 1281 1352 ro

77 1379 174 1434 verba
187 1378 219 1434 in
232 1378 352 1436 laudem
365 1377 469 1450 ipsius,
482 1379 572 1435 sese‘
585 1387 614 1434 et
632 1377 770 1451 spiritum
789 1394 876 1434 suum
895 1377 926 1433 in
945 1395 1052 1434 manus
1071 1378 1137 1435 eius
1153 1396 1235 1435 com·

78 1466 265 1531 mendando‚
277 1466 437 1523 clauderet
475 1465 534 1536 Qui
553 1464 643 1521 etiam
662 1465 798 1538 prescius
817 1465 864 1522 sui
882 1465 981 1522 obitus
1000 1465 1137 1522 extitisse
1157 1466 1234 1524 lere·

77 1553 177 1608 batur.
252 1540 336 1611 Cum
354 1551 435 1610 enim
454 1561 558 1610 sancta
577 1552 669 1609 Hilda
685 1553 788 1609 multis
806 1553 896 1609 annis
914 1552 1032 1626 prefato
1052 1553 1235 1610 monasterio

78 1639 255 1712 prefuisset,
276 1639 387 1713 placuit
408 1640 530 1696 domino
550 1648 684 1697 sanctam
706 1641 771 1698 eius
795 1639 927 1696 animam
952 1640 1042 1712 longa
1060 1639 1234 1698 infirmitate

77 1726 181 1783 carnis
194 1726 370 1796 examinari,
383 1735 423 1795 vt,
436 1727 519 1784 iuxta
537 1727 711 1800 exemplum
730 1727 866 1800 apostoli,
878 1727 973 1784 virtus
986 1728 1051 1784 eius
1064 1727 1094 1784 in
1107 1728 1233 1784 infirmi-
1250 1745 1278 1796 15

77 1823 142 1872 tate
163 1816 370 1889 perficeretur.
408 1816 466 1874 Per
487 1833 543 1873 sex
569 1815 660 1890 igitur
678 1817 835 1875 continuos
855 1835 952 1876 annos
972 1819 1079 1876 eadem
1098 1819 1234 1878 molestia

77 1903 219 1962 laborare
233 1921 293 1961 non
306 1904 453 1963 cessabat.
490 1904 525 1960 ln
538 1923 598 1978 quo
615 1913 677 1961 toto
696 1913 832 1978 tempore
850 1923 1004 1979 nunquam
1023 1907 1090 1980 ipsa
1101 1908 1151 1964 vel
1163 1925 1234 1965 con·

77 1990 169 2046 diton'
189 2007 245 2048 suo
264 1991 375 2064 gratias
394 2009 493 2065 agere,
512 1991 559 2049 vel
576 1992 771 2050 commissum
794 1993 851 2050 sibi
870 2011 993 2066 gregem
1013 2003 1043 2050 et
1062 1993 1183 2067 publice
1203 2003 1234 2052 et

77 2078 223 2152 priuatim
242 2079 351 2136 docere
363 2079 610 2152 pretermittebat.
637 2079 714 2136 Nam
725 2097 779 2137 suo
789 2081 932 2154 predocta
943 2082 1085 2154 exemplo
1091 2083 1234 2139 monebat

77 2183 198 2236 omnes,
220 2175 251 2223 et
275 2165 305 2223 in
331 2167 426 2224 salute
450 2167 573 2241 accepta
603 2167 738 2241 corporis
762 2167 883 2224 domino
907 2169 1152 2241 obtemperanter
1170 2185 1233 2226 ser·
1249 2188 1280 2224 ao

81 2253 239 2323 mendum,
264 2262 294 2311 et
324 2251 355 2310 in
385 2255 525 2312 aduersis
551 2271 652 2311 rerunt
678 2255 744 2312 siue
773 2255 997 2312 infirmitatibus
1028 2257 1233 2313 membrorum

79 2339 213 2397 fideliter
223 2341 346 2397 domino
356 2343 490 2415 agendas
502 2343 613 2416 gratias
626 2359 704 2400 esse.
742 2341 880 2415 Septimo
887 2341 977 2416 igitur
986 2359 1041 2400 sue
1051 2341 1233 2400 infirmitatis

78 2443 170 2496 anno,
184 2445 333 2485 conuerso
346 2429 384 2485 ad
397 2429 535 2486 interna⁵
548 2431 659 2498 dolore,
672 2431 710 2487 ad
723 2430 804 2487 diem
813 2430 949 2487 ultimum
962 2430 1110 2503 penrenia
1148 2431 1234 2489 Hora

77 2525 182 2574 autem
195 2516 296 2574 exitus
306 2515 372 2574 eius
385 2534 544 2591 acorpore,
553 2517 583 2574 in
592 2519 650 2575 alio
663 2517 783 2591 longius
796 2519 894 2591 posito
908 2519 1092 2576 monasterio
1104 2520 1234 2591 quedam

78 2601 319 2661 sanctimonialis
330 2603 464 2662 semina‘
474 2606 588 2662 audiuit
600 2605 699 2663 subito
712 2607 742 2662 in
756 2623 827 2663 aere
839 2614 943 2662 notum
954 2623 1101 2678 campane
1114 2623 1234 2682 sonum,
1248 2631 1277 2681 ²⁵

79 2707 142 2762 quo
165 2691 205 2748 ad
230 2691 382 2749 orationes
412 2692 536 2750 excitari
564 2694 700 2751 solebant
724 2711 793 2750 curn
818 2693 898 2766 que'
922 2710 1025 2750 earum
1050 2691 1108 2750 de‘
1132 2694 1234 2751 seculo

80 2777 189 2835 suisset
202 2788 343 2850 euocata3
362 2779 543 2854 apertisque,
556 2789 588 2838 vt
605 2780 661 2838 sibi
678 2778 843 2848 videbatur,
857 2780 960 2850 oculis,
976 2781 1102 2853 aspexit,
1115 2781 1233 2838 detecto

79 2865 190 2922 domus
209 2865 350 2936 culmine,
371 2867 468 2924 susam
494 2869 627 2941 desuper
652 2868 749 2925 lucem
771 2867 872 2925 omnia
896 2867 1079 2941 replenisse3
1099 2867 1233 2942 viditque

80 2951 214 3010 animam
233 2953 349 3027 prefate
368 2954 416 3011 dei
429 2953 539 3012 famule
554 2955 586 3013 in
605 2955 671 3029 ipsa
689 2956 755 3012 luce
774 2955 985 3012 comitantibus
1003 2955 1233 3014 seducentibus

79 3041 196 3114 angelis
209 3042 247 3097 ad
261 3041 360 3098 celum
372 3042 452 3099 ferri.
491 3042 528 3100 Et
547 3043 647 3100 statim
666 3060 818 3116 exurgens
836 3041 928 3100 nimio
946 3050 1062 3100 terrore
1074 3043 1232 3116 perterrita
1247 3055 1278 3104 30

79 3129 117 3184 ad
125 3127 310 3186 abbatissam
320 3129 413 3186 currit
421 3148 480 3202 que
488 3129 597 3204 prefuit
608 3130 905 3187 monasterioeodem
913 3139 1132 3187 annoasancta
1140 3130 1233 3188 Hilda
1294 3197 1302 3212 ι

80 3225 253 3273 constructo
266 3215 389 3273 nornine
401 3218 543 3275 Haconos
551 3217 627 3275 ⁰-et
640 3217 801 3274 tresdecim
815 3217 979 3274 miliaribus
987 3217 1038 3273 ¹⁰a
1051 3217 1233 3275 monasterio

82 3303 175 3362 Hilde
188 3304 509 3375 distabat-nuncians,
528 3306 647 3364 beatam
662 3304 794 3374 Hildam,
807 3305 925 3362 illarum
941 3305 1076 3361 omniurn
1095 3314 1232 3375 matrem,

80 3391 140 3448 iam
159 3409 178 3449 a
196 3393 298 3448 seculo
314 3391 470 3466 migrasse,
483 3403 522 3462 et,
535 3411 569 3450 se
587 3401 769 3467 aspectante,
782 3409 850 3449 cum
863 3393 929 3449 luce
945 3392 1095 3450 immensa
1106 3393 1232 3450 ducibus

80 3479 198 3553 angelis
211 3480 249 3536 ad
262 3487 368 3536 eterna
379 3480 488 3554 gaudia
500 3481 682 3538 ascendisse.
700 3480 858 3538 Venerunt
869 3487 969 3538 autem
981 3480 1110 3537 diluculo
1124 3480 1231 3538 fratres
1245 3493 1276 3544 ³⁵

78 3585 97 3623 a
109 3567 177 3623 loco
184 3565 235 3623 vbi
249 3565 388 3625 defuncta
401 3577 473 3637 erat,
482 3568 548 3625 eius
558 3567 671 3624 obitum
684 3568 870 3625 nunciantes.
910 3555 1029 3624 Eadem
1039 3567 1129 3624 etiarn
1143 3577 1231 3626 nocte

79 3655 199 3711 cuidam
211 3653 319 3727 virgini
332 3655 431 3712 obitus
443 3655 522 3712 illius
535 3655 566 3712 in
579 3655 696 3712 visione
709 3655 855 3728 apparuit,
867 3671 927 3728 que
939 3653 1070 3711 animam
1084 3655 1150 3712 eius
1162 3671 1231 3713 curn

78 3741 197 3815 angelis
218 3742 256 3798 ad
279 3740 378 3798 celum
399 3742 547 3800 eleuatam
567 3742 733 3816 conspexit
770 3740 853 3799 Obiit
874 3752 975 3799 autem
992 3741 1231 3815 quintodecimo

79 3830 225 3888 kalendas
237 3828 416 3886 decembris

110 3977 203 4028 ¹Bed.
219 3977 286 4028 itera
297 3977 340 4028 de.
402 3975 663 4040 'Bedgehennelis
720 3976 942 4030 ⁸T.E.venerat.
1003 3975 1232 4038 ‘Bedsignando

78 4057 143 4094 aeae
211 4042 304 4094 ’Bed
317 4043 457 4093 interanea.
525 4041 617 4094 ⁸Bed,
630 4041 826 4105 nomineBegu.
899 4041 957 4092 'E
970 4057 1034 4106 que:
1051 4034 1081 4092 Τ.
1094 4043 1151 4104 quis
1163 4057 1229 4094 corr.

78 4117 105 4206 pp
114 4107 352 4226 guffiffiqm
369 4115 661 4163 eorum...euocatus.
741 4107 796 4160 'E.
811 4109 844 4158 de
855 4107 915 4159 boc.
995 4105 1231 4160 ’Bedliacanoa
