3036 4878
256 281 331 370 ⁶54

257 475 329 544 siuir,
345 477 438 532 locum
455 492 576 532 vacuum
592 475 722 548 repperit,
735 493 766 532 se
785 475 907 534 derisum
925 477 1055 534 intumuit
1075 495 1109 534 ac
1127 477 1234 534 doluit:
1257 479 1430 550 statimqne

256 559 386 614 clientem
411 559 541 614 iuuenem
565 576 638 630 equo
658 559 832 616 velocissimo
857 577 908 629 pro
933 560 1051 616 veritate
1074 560 1191 616 scienda
1214 561 1253 616 ad
1279 573 1429 616 sanctum
1508 599 1509 606 .

257 643 440 696 Edmundum
462 642 557 711 dirigit
571 651 599 696 et
619 641 792 697 transmittit.
830 643 885 710 Qui
903 643 1018 699 veniens
1037 644 1075 698 ad
1097 644 1189 698 locum
1210 654 1239 697 et
1258 643 1428 698 ecclesiam

256 723 372 791 intrans,
392 725 514 780 vinctum
540 723 646 778 ibidem
665 735 707 779 set
732 724 853 779 solutum
877 725 923 780 dei
946 725 1049 794 gracia,
1069 725 1205 796 conspicit
1230 735 1259 779 et
1283 725 1427 789 miratur,

227 819 241 870 5
256 808 403 862 laudantes
411 807 627 878 circumquaque
635 806 712 862 audit
723 817 750 861 et
763 807 849 873 uidet,
861 817 889 862 et
903 807 1013 862 vincula
1024 808 1114 863 ferrea
1126 808 1281 876 cognoscit
1316 809 1426 862 Timet

256 889 394 962 siquidem
419 899 447 946 et
471 889 544 958 silet,
568 889 792 960 verecundiaque
816 891 942 960 repulsus
966 891 1082 946 domum
1108 890 1190 957 redit,
1210 901 1239 944 et
1259 907 1317 961 que
1341 891 1427 944 vidit

257 973 373 1028 domino
386 990 438 1028 suo
450 983 552 1028 narrat.
590 973 714 1028 Clericus
732 973 817 1042 igitur
833 972 873 1028 sic
886 973 1039 1042 conuictus,
1051 973 1096 1028 dei
1108 973 1202 1042 gracia
1214 973 1287 1027 redit
1301 973 1339 1026 ad
1353 989 1426 1036 cor,

257 1057 375 1126 exurgit,
388 1073 491 1128 equum
508 1055 644 1122 ascendit,
658 1066 686 1110 et
701 1055 755 1110 hac
773 1067 801 1110 et
814 1055 876 1111 illac
890 1056 989 1111 amicis
1003 1057 1063 1112 eius
1078 1055 1253 1123 coeuntibus,
1266 1055 1425 1110 oracionis

257 1139 310 1194 iter
322 1140 498 1210 aggreditur;
516 1149 543 1194 et
557 1137 701 1208 presencie
713 1139 881 1194 sanctissimi
896 1138 970 1209 regis
984 1138 1127 1194 Edmundi
1141 1137 1302 1208 appropiat,
1315 1153 1424 1206 geum

213 1235 245 1272 ιο
257 1221 351 1288 flectit,
371 1223 452 1278 offert
472 1231 500 1278 et
521 1231 590 1276 orat.
626 1221 756 1276 Tandem
776 1231 904 1292 patenter
925 1222 993 1276 satis
1009 1239 1040 1276 se
1065 1219 1215 1274 humilians
1233 1230 1262 1274 et
1285 1221 1424 1274 rehumi-

256 1304 337 1372 lians,
351 1322 482 1360 unacum
496 1303 663 1358 homunculo
676 1305 767 1358 soluto
780 1313 808 1358 et
821 1321 885 1358 cum
898 1313 957 1358 tota
966 1304 1084 1360 ecclesia
1100 1321 1185 1374 super
1195 1302 1294 1358 audito
1305 1313 1336 1358 et
1349 1303 1425 1356 viso

255 1387 390 1442 miraculo
400 1388 561 1460 gratulatur,
575 1397 602 1441 et
615 1387 756 1458 deumque
768 1386 866 1444 suum¹
880 1388 1063 1443 Edmundum
1079 1389 1176 1444 laudat
1193 1397 1223 1442 et
1234 1387 1422 1457 magnifioet.

258 1469 454 1538 Magnificetur
473 1469 556 1538 igitur
574 1479 602 1524 et
622 1469 820 1539 multiplicetur
840 1471 930 1526 sancti
950 1470 1094 1526 Edmundi
1112 1470 1211 1540 gloria,
1228 1471 1300 1537 laus,
1320 1471 1421 1526 virtus

256 1561 284 1608 et
296 1551 439 1622 memoria,
452 1552 482 1608 in
494 1553 589 1608 secula
602 1553 764 1608 seculorum.

258 1765 307 1822 DE
325 1776 437 1820 stom
456 1777 675 1832 PREDANCIUM,
688 1777 728 1820 ET
746 1777 788 1819 Du
801 1776 926 1822 DUOBUS
940 1775 1169 1820 monachatus
1181 1776 1242 1818 PER
1256 1777 1416 1822 sanctum

341 1849 536 1905 EDMUNDUM
552 1860 591 1904 ET
607 1860 754 1904 SANCTUM
772 1850 917 1904 Tuomst
933 1859 954 1902 Α
974 1859 1123 1904 UINCULlS
1139 1859 1316 1903 LIBERATlS.

215 1981 243 2032 15
265 1969 326 2096 H
338 1971 432 2027 Enrici
440 1971 514 2042 regis
527 1982 652 2042 tempore
665 1969 813 2026 dimicatio
823 1985 927 2039 magna
937 1977 965 2022 et
974 1967 1102 2024 miranda
1112 1966 1184 2022 inter
1193 1967 1286 2038 ipsum
1297 1980 1327 2024 et
1337 1971 1417 2024 filios

360 2071 433 2123 suos,
441 2071 522 2125 reges
531 2055 622 2110 Gallie
629 2065 657 2110 et
667 2052 773 2120 Scocie,
784 2051 916 2108 comitem
924 2053 946 2106 F
948 2052 1065 2119 landrie,
1073 2061 1101 2106 et
1112 2051 1243 2106 comitem
1253 2052 1416 2122 Hugonem

259 2137 371 2207 Bigoth,
390 2145 418 2192 et
443 2139 514 2194 alios
533 2137 648 2192 comites
669 2147 696 2191 et
716 2136 836 2190 barones
855 2145 951 2190 exorta
968 2135 1027 2200 luit,
1049 2144 1076 2190 et
1095 2144 1193 2189 exacta
1211 2135 1314 2205 patuit.
1354 2138 1415 2190 Hic

259 2220 355 2291 itaque
366 2237 414 2276 rex
423 2221 562 2277 Henricus
576 2222 651 2275 solus
664 2230 761 2274 contra
773 2235 870 2274 omnes
883 2217 1022 2288 predictos
1034 2227 1062 2272 et
1074 2217 1219 2272 dimicauit
1232 2229 1260 2272 et
1275 2220 1411 2274 conuicia

261 2303 354 2359 Huius
373 2303 566 2359 dimicacionis
584 2302 698 2358 exordio
717 2303 773 2358 iam
791 2302 942 2372 pululante,
957 2303 1042 2370 Hugo
1063 2301 1145 2371 Bigot
1159 2301 1256 2356 comiti
1272 2303 1414 2358 Flandrie

215 2397 246 2434 ³0
259 2385 376 2441 nuncios
395 2387 479 2452 misit,
492 2403 594 2457 rogans
611 2403 675 2440 eum
688 2383 820 2456 quatinus
839 2385 913 2438 uiros
932 2384 1091 2450 bellatores,
1108 2385 1270 2454 predatores
1288 2403 1413 2455 rapaces

257 2478 285 2524 et
297 2469 448 2538 maleficos,
462 2470 514 2526 sibi
528 2471 666 2526 remittere
679 2469 847 2536 dignaretur.
885 2469 988 2522 Comes
1001 2467 1082 2536 igitur
1094 2467 1186 2538 populi
1200 2469 1414 2526 multitudinem

258 2551 343 2608 cicius
365 2553 390 2606 ei
413 2553 574 2608 transmisit.
612 2553 667 2622 Qui
689 2551 820 2622 Angliam
844 2551 972 2620 ingressi,
994 2551 1046 2606 sub
1070 2551 1247 2620 protectione
1274 2553 1412 2622 Hugonis

258 2633 359 2704 Bigoth
374 2637 427 2690 hac
439 2645 467 2692 et
480 2635 542 2690 illac
556 2637 669 2702 irruunt,
682 2635 801 2705 rapiunt,
815 2633 977 2704 predantur,
989 2646 1017 2688 et
1030 2634 1168 2689 occidunt.
1207 2635 1286 2689 lnter
1298 2646 1412 2690 tantam

257 2717 464 2774 multitudinem
477 2719 632 2792 iniquorum
651 2735 745 2774 comes
757 2717 873 2789 quidam
888 2717 1039 2772 Leicestrie
1055 2717 1230 2788 preminebat
1247 2729 1275 2772 et
1288 2731 1413 2788 preerat,

216 2827 244 2876 ²5
259 2801 305 2873 qui
318 2801 364 2856 die
376 2801 500 2873 quodam
518 2801 667 2871 inportuno
687 2800 843 2856 cumomni
861 2802 984 2856 exercitu
1003 2817 1055 2856 suo
1066 2799 1244 2869 rapidissima
1262 2801 1413 2857 ferocitate

259 2903 309 2956 per
325 2895 421 2956 portas
440 2887 528 2941 sancti
543 2883 687 2940 Edmundi
701 2883 775 2954 regis
791 2883 877 2940 incliti
891 2883 1007 2938 transire
1025 2883 1130 2938 studuit
1146 2894 1174 2938 et
1192 2882 1311 2953 ingredi,
1325 2886 1413 2940 mali-
1508 2911 1509 2940 l

257 2985 367 3040 gneque
379 2969 534 3040 temptauit.
572 2968 623 3024 Cui
637 2967 687 3022 viri
701 2967 792 3022 sancti
805 2966 949 3022 Edmundi
961 2983 1025 3022 cum
1038 2965 1123 3020 armis
1135 2977 1322 3036 occurrentes,
1346 2985 1413 3038 per-
1508 3023 1509 3034 ,

259 3052 379 3120 cuciunt,
392 3053 546 3118 vulnerant,
560 3051 682 3122 capiunt,
696 3061 724 3105 et
742 3050 881 3106 occidunt.
919 3049 1021 3118 Sicque
1034 3049 1080 3102 vix
1092 3049 1160 3104 hore
1172 3049 1254 3104 vnius
1266 3050 1414 3108 breuitate
1508 3059 1509 3064 ’

259 3135 370 3190 comitis
388 3147 416 3190 et
434 3135 509 3190 mille
528 3136 694 3190 bellatorum
711 3143 740 3188 et
759 3131 936 3203 predatorum
955 3149 1073 3202 corpora
1091 3149 1156 3187 cum
1174 3149 1208 3187 eo
1226 3143 1293 3187 ante
1312 3147 1412 3204 portas

215 3243 247 3292 ³0
260 3219 348 3274 sancti
367 3218 510 3274 Edmundi
528 3217 674 3283 cecidere;
692 3215 790 3286 reliqui
808 3231 882 3282 vero,
901 3213 1002 3284 quibus
1021 3215 1079 3270 vita
1097 3215 1189 3270 breuis
1207 3216 1331 3281 fauebat,
1349 3219 1412 3289 qui·

259 3301 325 3356 dam
348 3301 430 3372 capti,
452 3301 565 3372 quidam
586 3301 624 3356 ad
644 3301 775 3356 teretrum
795 3298 884 3354 sancti
907 3297 1051 3354 Edmundi
1073 3297 1265 3368 confugientes
1287 3311 1412 3356 mortem

258 3384 363 3440 vitasse
382 3385 564 3454 congratulati
585 3395 656 3440 sunt.
693 3385 755 3437 Hec
773 3381 919 3436 audientes
937 3391 965 3438 et
984 3381 1173 3452 intelligentes
1186 3380 1270 3436 deum
1284 3394 1312 3437 et
1326 3400 1411 3438 sanc·

259 3478 318 3520 tum
335 3467 516 3521 Edmundum
531 3467 654 3536 laudent,
667 3465 837 3520 admirantes
854 3474 912 3519 tam
931 3481 1035 3535 paucos
1052 3473 1145 3520 tantos
1164 3473 1192 3520 et
1211 3474 1251 3519 tot
1270 3467 1412 3536 superbos

260 3551 288 3604 in
301 3559 443 3605 momento
454 3550 623 3607 destruxisse
636 3558 664 3604 et
676 3547 880 3604 adnichilasse!
908 3549 942 3602 ln
955 3547 1091 3616 sanguine
1103 3546 1187 3617 igitur
1198 3547 1412 3622 interfectorum

215 3655 246 3706 35
260 3633 395 3704 profundo
415 3632 467 3687 sub
480 3649 628 3704 corporum
640 3643 735 3701 strage
747 3630 862 3702 quidam
875 3631 1013 3686 vulnerati
1029 3639 1058 3685 et
1075 3630 1255 3698 semimortui,
1268 3643 1298 3686 vt
1316 3631 1411 3688 timidi

259 3727 378 3772 mortem
397 3715 597 3787 confingentes
616 3731 703 3786 vsque
721 3714 759 3770 ad
777 3715 866 3768 noctis
884 3714 1077 3783 crepusculum
1096 3715 1243 3768 latuerunt.
1281 3714 1412 3783 Quorum

227 3801 232 3814 '
260 3801 315 3856 duo
327 3811 393 3856 vota
412 3799 474 3868 den,
494 3809 593 3856 sancto
613 3797 764 3854 Edmundo
782 3807 811 3852 et
831 3807 929 3852 sancto
947 3797 1057 3852 Thome
1075 3795 1286 3866 archiepiscopo
1305 3796 1411 3854 deuote

259 3883 408 3940 vouentes²
421 3883 550 3954 quatinus
562 3900 581 3936 a
593 3881 689 3937 mortis
707 3881 829 3952 periculo
847 3880 1040 3946 liberarentur,
1054 3878 1290 3950 peregrinacionis
1304 3891 1332 3936 et
1346 3898 1411 3936 ora·
1505 3915 1509 3938 t

260 3968 347 4024 cionis
373 3967 424 4022 iter
444 3983 525 4022 suum
550 3965 732 4036 arripuerunt,
754 3963 884 4033 viamque
910 3973 984 4018 terra
1006 3963 1098 4019 aliena
1124 3972 1151 4019 et
1175 3961 1272 4016 odibili
1297 3965 1411 4033 penitus

214 4067 247 4114 40
259 4052 429 4122 ignorantes,
445 4049 660 4119 hominibusque
678 4043 838 4118 propalari³
855 4045 1110 4113 contremiscentes,
1127 4045 1278 4100 errabundi
1298 4057 1326 4100 et
1344 4047 1409 4116 vagi

259 4133 452 4204 a[m]bierunt.
489 4133 673 4202 Tandemque
690 4131 774 4202 capti,
787 4129 905 4184 vinculis
921 4127 1018 4184 ferreis
1037 4127 1211 4200 grauioribus
1230 4127 1351 4184 inierunt
1365 4129 1408 4196 (ll,

259 4217 387 4287 fameque
404 4225 431 4270 et
451 4214 545 4270 inedia
561 4215 687 4284 corporis
704 4213 915 4284 ingrauescente
934 4229 998 4268 cum
1016 4227 1128 4266 carcere
1149 4211 1269 4266 obscuro
1291 4211 1362 4266 duro
1381 4223 1409 4267 et

341 4355 349 4384 ¹
371 4377 393 4396 -
409 4357 483 4405 deum
495 4372 622 4424 suumque.
767 4355 778 4389 ²
796 4355 851 4407 MS.
863 4356 981 4406 tonantes.
1091 4354 1102 4385 ⁸
1119 4354 1173 4406 MS
1184 4355 1325 4421 propalare.
