3028 4894
312 352 387 446 Dr
403 349 579 440 banos
604 305 842 454 wethmor
866 349 1035 454 nterim.
1170 373 1243 448 405

82 569 160 609 sum
180 569 266 610 soror
283 569 387 609 eorum
404 551 578 626 Walburga,
596 561 733 611 sanctum
752 551 892 610 omnibus
911 553 1043 626 prebens
1062 551 1245 625 exemplum,

82 639 117 696 in
133 642 245 697 eodem
258 639 439 697 monasterio
452 641 613 697 multarum
625 640 773 714 virginum
786 641 936 698 abbatissa
950 639 1057 698 effecta
1066 641 1085 712 ¹,
1094 642 1131 697 ad
1145 639 1244 696 omnia

82 745 150 801 que
170 745 189 786 a
207 727 328 786 Christo
347 746 470 803 semper
488 729 644 802 posceret'
664 727 782 787 extitit³
800 727 1015 786 efficacissima
1107 715 1245 801 Contigit

84 817 175 873 enim
206 817 280 873 hora
303 815 498 891 vespertinali
528 825 658 889 peracta,
681 826 713 874 vt
740 825 841 874 custos
871 817 1005 886 ecclesie,
1036 815 1244 890 ingruentibus

84 903 189 961 noctis
213 904 355 974 tenebris,
377 903 490 978 petenti
508 903 675 977 Walburge
694 903 796 961 lumen
818 903 873 962 sibi
894 903 1052 978 preuium⁴
1071 905 1272 976 denegaret.5

83 991 139 1048 Ad
161 1009 252 1065 quam
270 991 408 1049 iniuriam
427 1009 495 1048 cum
517 990 750 1065 insuperabilem
769 991 911 1049 retineret
931 991 1113 1066 patientiam,
1132 991 1244 1048 donni·

82 1078 201 1136 torium
225 1079 315 1136 adiit:
342 1089 373 1137 et
397 1097 468 1136 mox
493 1087 576 1135 tanta
599 1077 721 1136 luminis
743 1078 900 1152 flagrantia
921 1078 1027 1136 enituit
1048 1087 1080 1136 vt
1103 1077 1244 1136 domicilii

84 1165 298 1238 pauimentum
322 1177 482 1240 penetrare
501 1167 662 1237 videretur,
685 1175 715 1223 et
734 1185 830 1240 vsque
850 1168 889 1223 ad
907 1166 1010 1223 horam
1031 1165 1243 1223 matutinarum

85 1253 273 1326 perdurauit.
323 1253 522 1329 Stupentibus
546 1253 616 1311 inde
640 1253 800 1325 sororibus,
827 1263 858 1312 et
884 1255 922 1310 ad
950 1253 1090 1310 lectulum
1119 1251 1243 1326 virginis

85 1350 195 1398 sancte
214 1341 409 1411 currentibus,
431 1341 481 1398 illa
499 1341 614 1414 proruit
632 1339 662 1397 in
685 1341 855 1413 lachrimas,
879 1341 1063 1416 eleuatisque
1087 1341 1125 1398 ad
1150 1341 1241 1398 deum
1258 1363 1289 1401 ιο

85 1428 185 1486 oculis
213 1438 243 1486 et
270 1429 408 1487 manibus
432 1428 525 1486 dixit:
562 1427 656 1499 ‘Tibi
680 1429 802 1487 domine
828 1427 918 1486 lhesu
944 1428 1072 1496 Christe,
1095 1427 1162 1484 cui⁸
1187 1430 1242 1485 hu·

86 1515 171 1573 milis
187 1516 293 1572 ancilla
310 1534 329 1573 a
348 1516 502 1573 cunabulis
521 1514 675 1572 deseruire
696 1515 826 1585 decreui,
848 1517 887 1573 de
908 1514 965 1572 hoc
987 1516 1093 1572 collato
1115 1531 1242 1572 munere

85 1604 202 1676 gratias
226 1604 334 1676 resero,
355 1603 406 1678 qui
431 1605 468 1661 ad
493 1604 681 1662 exercendas
705 1604 880 1661 ancillarum
904 1611 1024 1660 tuarum
1049 1611 1167 1660 mentes
1192 1619 1242 1659 me

86 1691 243 1764 indignam
263 1691 382 1749 luminis
400 1693 442 1748 tui
459 1691 648 1748 adiuuamine
666 1691 813 1749 consolari
831 1691 969 1764 dignatus
990 1707 1033 1747 es,
1071 1689 1138 1746 Hoc
1160 1689 1241 1746 enim

86 1795 280 1852 nequaquam
305 1779 391 1850 meis,
416 1779 470 1836 sed
496 1778 620 1836 fratrum
652 1795 796 1847 meorum,
818 1787 937 1836 tuorum
964 1776 1122 1834 uidelicet⁸
1146 1775 1286 1852 samu-15

87 1866 197 1934 lorum,
222 1867 337 1924 meritis
360 1867 494 1924 ascribo!
604 1853 707 1924 Nocte
733 1868 863 1940 quadam
887 1866 971 1938 virgo
989 1875 1092 1922 sancta
1116 1864 1180 1922 sola
1203 1865 1241 1922 de

87 1953 272 2011 monasterio
288 1971 420 2027 egressa,
432 1955 471 2011 ad
484 1953 638 2011 cuiusdam
651 1953 751 2011 diuitis
764 1955 886 2011 domum
903 1953 1004 2010 venit:
1025 1961 1055 2009 et
1073 1960 1142 2008 ante
1160 1951 1242 2009 sores

87 2040 155 2098 eius
182 2042 268 2114 quasi
295 2043 424 2116 quedam
454 2041 614 2114 peregrina
643 2049 673 2098 et
695 2040 797 2116 ignota
823 2041 961 2099 constitit.
1009 2040 1107 2111 Quam
1135 2041 1241 2097 videns

87 2129 230 2186 dominus
248 2130 364 2198 domus,
382 2129 504 2203 ignarus
520 2147 579 2202 que
598 2137 686 2200 esset,
699 2129 796 2186 timuit
812 2146 850 2186 ne
869 2129 971 2184 rabida
988 2145 1111 2184 suorum
1131 2143 1239 2184 canum

87 2215 213 2272 audacia
236 2234 303 2274 eam
328 2216 467 2274 laniando
488 2217 682 2290 discerperet.
719 2215 810 2274 lussit
834 2233 911 2290 ergo
925 2225 957 2272 vt
978 2233 1037 2288 que
1058 2223 1139 2272 esset
1158 2214 1240 2271 ocius
1254 2239 1286 2274 ao

87 2302 243 2360 indicaret.
281 2303 319 2360 Et
331 2304 400 2362 illa:
421 2305 644 2378 ‘Nequaquam
658 2304 761 2378 inquit,
775 2313 876 2360 metuo
889 2320 964 2377 quos
976 2311 1009 2359 tu
1020 2301 1135 2359 vereris
1148 2319 1239 2362 canes

87 2407 141 2446 me
169 2407 259 2463 posse
287 2391 400 2450 crudeli
431 2391 604 2466 contingere
635 2393 734 2460 dente,
766 2409 822 2449 nec
851 2389 1128 2464 Walburgam-sic
1157 2389 1238 2446 enim

87 2481 420 2552 nuncupor—mordere
451 2479 601 2536 valebunt.
648 2477 721 2553 lpse
745 2479 826 2535 enim
852 2477 903 2552 qui
930 2493 979 2536 mc
1006 2478 1063 2535 huc
1094 2479 1130 2535 ad
1157 2485 1237 2534 tuam

88 2566 213 2622 domum
238 2567 380 2640 perduxit
403 2566 592 2637 incolumem,
612 2567 649 2624 ad
671 2566 768 2624 locum
787 2567 866 2623 vnde
889 2564 958 2622 veni
983 2564 1092 2638 poterit
1118 2582 1167 2621 me
1191 2581 1239 2622 re·

88 2653 200 2710 ducere
223 2653 356 2710 illesam!
407 2653 474 2711 Hoc
501 2654 602 2711 audito
629 2662 837 2712 consternatus
863 2653 913 2710 ille
943 2653 1051 2723 animo,
1076 2670 1169 2726 quare
1199 2653 1237 2709 ad
1253 2677 1283 2727 25

88 2739 199 2796 ostium
216 2749 278 2798 tam
301 2739 408 2798 nobilis
429 2741 528 2816 puella
552 2751 583 2800 et
607 2741 656 2798 dei
679 2741 787 2798 ancilla
811 2749 904 2798 staret
928 2740 1092 2814 requisiuit,
1112 2749 1143 2797 et
1165 2735 1237 2798 ¹cum

88 2827 172 2883 omni
191 2829 385 2886 veneratione
410 2829 491 2886 illam
516 2827 692 2902 suscipiens,
710 2845 832 2886 omnem
854 2827 1029 2884 famulatum
1047 2828 1075 2884 ei
1094 2827 1237 2884 exhibuit

93 2915 178 2972 Hora
196 2932 268 2972 vero
286 2924 431 2974 nocturne
450 2917 646 2990 requietionis
664 2917 845 2989 interrogata
862 2915 912 2972 vbi
931 2915 1120 2988 requiescere
1138 2915 1238 2986 vellet,

89 3004 261 3075 respondit:
282 3021 316 3060 se
329 3005 406 3062 velle
424 3022 553 3079 pausare
571 3004 601 3060 in
620 3005 685 3062 loco
700 3022 760 3077 quo
778 3003 839 3060 lilia
857 3003 922 3060 eius
939 3019 1034 3074 vsque
1052 3003 1090 3058 ad
1110 3011 1237 3059 mortem

89 3089 240 3148 infirmata
257 3091 376 3150 iaceret.
412 3091 450 3148 Et
472 3091 589 3148 intrans
610 3091 787 3161 cubiculum,
809 3097 839 3148 et
864 3089 1046 3146 orationibus
1065 3105 1185 3158 vacans,
1205 3089 1236 3145 in
1251 3112 1283 3162 ³⁰

89 3178 218 3235 crastino
232 3179 364 3251 puellam
383 3179 508 3252 pristine
527 3179 645 3236 sanitati
664 3178 801 3248 restituit,
814 3187 845 3236 et
861 3178 900 3233 ad
913 3177 1128 3234 monasterium
1141 3177 1236 3236 rediit.

91 3253 190 3322 Bonis
208 3266 329 3323 tandem
344 3266 486 3339 operibus
504 3267 602 3340 plena,
617 3266 760 3324 Kalendis
778 3265 848 3322 Maii
866 3264 1003 3338 migrauit
1020 3264 1058 3322 ad
1071 3263 1237 3334 dominum,

89 3361 120 3410 et
138 3351 167 3408 in
181 3353 287 3410 eodem
303 3371 362 3427 quo
381 3370 504 3428 semper
516 3354 636 3411 Christo
653 3355 798 3411 seruierat
817 3351 998 3410 monasterio
1016 3370 1085 3410 cum
1104 3354 1237 3410 maximo

90 3441 202 3497 honore
224 3440 377 3514 sepelitur.
476 3429 578 3499 Paruo
600 3443 709 3499 exhinc
729 3452 866 3515 tempore
888 3441 1102 3498 decedentibus
1127 3441 1237 3498 heista·

88 3527 181 3586 tensis
212 3527 339 3586 ecclesie
370 3527 550 3602 pastoribus,
576 3529 699 3603 contigit
727 3530 884 3602 Otgarium
908 3527 1111 3586 venerabilem
1137 3529 1234 3586 virum
1250 3549 1281 3602 3⁵

89 3615 222 3673 eiusdem
244 3615 326 3673 sedis
348 3617 520 3675 cathedram
542 3616 716 3674 obtinuisse.
753 3615 812 3688 Qui
834 3618 906 3673 dum
924 3613 1032 3682 minus,
1052 3631 1142 3688 quam
1162 3617 1236 3674 ratio

89 3704 276 3776 deposceret,
296 3703 423 3762 honeste
448 3703 529 3761 idem
554 3704 770 3762 monasterium
792 3703 981 3773 excoluisset,
997 3703 1126 3775 quadam
1148 3714 1236 3762 nocte

89 3807 145 3866 per
152 3789 298 3847 visionem
305 3788 391 3865 virgo
398 3801 502 3847 sancta
510 3791 680 3848 huiusmodi
690 3791 791 3848 verbis
801 3790 884 3848 illum
893 3789 1126 3863 compellebat²t
1147 3789 1235 3862 ‘Cur‚

89 3878 192 3950 inquit,
217 3877 320 3950 Otgan'
344 3877 448 3952 presul
472 3878 530 3936 deo
557 3879 656 3953 digne,
681 3877 896 3936 monasterium
920 3895 979 3951 quo
1009 3893 1135 3949 corpore
1166 3894 1233 3934 sum

89 3963 248 4032 recondita,
273 3963 316 4021 sic
340 3965 529 4039 negligenter
556 3967 719 4023 hactenus⁸
744 3967 855 4022 habere
879 3963 1019 4022 voluisti?
1057 3963 1134 4020 Nam
1164 3965 1234 4022 illuc
1247 3983 1281 4036 4⁰

88 4051 329 4110 conuenientium
361 4053 547 4112 cenulentis⁹
584 4053 716 4128 quotidie
751 4053 850 4110 calcor
883 4052 1020 4126 pedibus,
1050 4051 1234 4126 vulgaribus-

88 4153 147 4212 que
170 4135 304 4210 vestigiis
332 4137 520 4212 comprimor.
569 4137 652 4196 Scito
674 4155 746 4210 ergo
770 4135 986 4210 cognoscens¹⁰
1009 4136 1150 4210 quoniam
1175 4137 1233 4195 tale

122 4284 127 4312 ¹
144 4283 194 4332 Vit
207 4299 229 4333 e.
242 4292 289 4336 est.
376 4283 386 4313 ¹
402 4284 454 4335 Vit.
467 4293 587 4347 posceret
596 4299 707 4348 semper.
803 4283 813 4313 ³
830 4299 880 4334 orn.
891 4283 919 4333 in
929 4283 959 4334 T.
1041 4282 1051 4312 ⁴
1068 4281 1098 4332 E.
1116 4284 1233 4346 primum.

88 4353 99 4382 ⁸
115 4349 145 4399 E.
156 4363 219 4399 cum.
319 4347 330 4378 ⁸
346 4350 374 4402 T.
387 4351 522 4411 uidelicet;
541 4351 570 4400 E.
582 4351 637 4400 scil.
734 4347 745 4378 ¹
760 4347 792 4399 al.
806 4349 983 4413 compellabat.
1080 4348 1090 4378 ¹
1108 4349 1137 4399 E.
1149 4349 1236 4418 hucte.¹

87 4415 98 4447 '
114 4415 176 4466 Boll.
188 4415 344 4467 temulentis.
445 4419 462 4448 ¹⁰
479 4416 531 4467 Vit.
543 4417 602 4466 Cito
613 4431 677 4480 ergo
688 4431 837 4480 cognosces
