3044 4878
263 283 313 356 44
577 263 707 350 mont
733 259 923 367 lenam
948 261 1100 367 anate

263 465 386 522 tandem
406 464 464 521 hiis
486 465 573 522 malis
592 482 718 538 pressus
727 465 747 536 ²,
766 465 797 522 in
822 466 878 524 hec
900 467 992 524 verba
1005 467 1168 540 Yprorupit:
1189 467 1241 538 ‘O,
1263 465 1369 540 inquit,
1390 465 1415 523 si

265 551 403 625 vigilaret
417 570 496 611 nunc
512 553 706 610 cartusiensis
725 553 817 627 Hugo
835 571 931 625 meus,
948 555 974 612 si
992 557 1120 612 secretis
1138 554 1308 612 intenderet
1325 555 1416 612 modo
1510 604 1512 613 .

267 641 417 713 precibuS,
437 641 462 698 si
482 658 550 699 cum
570 641 710 698 iratribus
729 643 793 699 suis
811 641 922 698 diuinis
941 642 1101 700 interesset
1119 643 1232 712 officiis,
1245 661 1307 700 non
1324 643 1365 698 ita
1385 643 1415 698 in
1513 673 1514 686 .

264 728 386 801 longum
396 729 455 786 mei
463 729 691 788 obliuisceretur
703 729 796 786 deus!
833 729 918 786 Tunc
929 729 1016 787 altius
1024 731 1228 803 ingemiscens
1237 731 1278 786 ait
1290 751 1296 788 :
1310 730 1416 787 ‘Deus
1513 739 1514 745 ’

235 833 250 884 5
264 816 465 889 omnipotens,
478 818 526 873 cui
538 817 632 874 seruit
644 817 729 890 prior
741 816 905 874 Withamie
918 817 948 874 in
961 817 1096 888 veritate,
1109 817 1187 874 illius
1198 817 1372 875 interuentu
1381 835 1415 873 ac

265 903 380 961 meritis
390 905 487 974 nobis,
500 904 529 960 in
543 913 626 961 tanta
638 922 694 976 pro
706 904 837 977 peccatis
848 905 959 962 nostris
968 905 1107 977 angustia
1117 905 1194 962 iuste
1204 905 1415 978 deprehensis,
1514 909 1515 970 i

263 991 429 1048 clementer
442 991 606 1050 miserere!
638 992 752 1048 Ferunt
761 991 883 1064 quidam
894 991 1010 1064 [etiarn]
1020 993 1030 1024 ²
1041 1009 1111 1048 eum
1120 993 1240 1049 vonisse
1250 993 1329 1065 quod
1340 992 1367 1047 si
1376 993 1414 1048 ad

263 1089 384 1151 portum
406 1079 564 1136 incolumis
582 1079 764 1152 perueniret,
783 1095 853 1136 eum
871 1081 909 1135 ad
926 1079 1128 1152 pontificalem
1148 1081 1273 1152 gradum
1293 1095 1416 1152 promo-

264 1176 356 1223 ueret
395 1167 458 1223 Nec
473 1183 566 1236 mora,
579 1168 675 1239 pelagi
690 1165 797 1238 fragor,
809 1175 969 1223 ventorum
982 1167 1069 1223 turbo
1082 1167 1217 1224 subsedit
1230 1175 1260 1223 et
1272 1166 1413 1235 euanuit;

221 1269 251 1307 ro
264 1254 375 1310 cadunt
388 1253 505 1325 fluctus,
518 1254 595 1312 redit
608 1271 681 1310 aura
698 1253 802 1322 lenior,
816 1253 924 1310 fretum
938 1253 1072 1310 funditus
1089 1254 1305 1328 complanatur,
1318 1270 1416 1310 naues

264 1350 363 1414 optato
382 1342 536 1415 potiuntur
555 1341 662 1410 littore,
680 1340 815 1398 referunt
827 1341 961 1398 vniuersi
977 1341 1140 1413 gratiamur
1159 1341 1291 1398 actiones
1310 1341 1415 1398 diuine
1516 1353 1517 1384 ³

264 1429 431 1487 clementie.
502 1417 562 1485 Vir
574 1440 675 1486 autem
688 1429 746 1497 dei,
759 1428 938 1485 constructis
950 1427 1083 1495 edificiis,
1093 1438 1215 1502 tempus
1229 1445 1319 1486 omne
1332 1430 1415 1501 quod
1514 1488 1517 1503 ,

264 1517 384 1590 sompni
397 1517 461 1573 sola
474 1517 640 1574 necessitas
654 1515 711 1574 sibi
724 1517 915 1573 vendicasset
923 1516 942 1584 ³,
952 1515 1076 1572 orationi
1086 1524 1136 1572 aut
1146 1515 1276 1586 lectioni,
1286 1515 1416 1572 medita·

264 1605 338 1660 tioni
353 1604 402 1661 vel
415 1604 561 1677 spirituali
578 1603 726 1661 collationi
744 1602 927 1676 indulgebat,
939 1603 987 1661 vel
1006 1603 1215 1660 exhortationi.
1253 1603 1415 1676 Nunquam
1518 1659 1519 1664 ,

219 1705 250 1760 15
265 1691 392 1748 lectulus
400 1709 469 1748 eum
477 1691 573 1748 tenuit
580 1691 764 1765 vigilantem:
780 1707 850 1746 mox
859 1691 1035 1747 vtmembra
1045 1700 1170 1748 stratum
1179 1692 1377 1764 excepisset⁴,
1386 1702 1416 1749 et

266 1781 333 1852 ipsa
346 1796 437 1852 sopor
444 1779 559 1852 pariter
568 1779 752 1852 excipiebat;
769 1778 837 1850 [si]²
850 1778 970 1850 quando
982 1777 1189 1836 excitaretura
1197 1795 1335 1852 sompno,
1343 1796 1416 1836 con·

265 1867 366 1924 festim
375 1867 424 1924 vel
434 1869 471 1924 ad
485 1867 651 1923 orationem
660 1865 809 1939 surgebat,
818 1866 865 1922 vel
879 1866 937 1922 sub
949 1858 1101 1924 momento
1110 1883 1215 1923 rursus
1228 1867 1258 1922 in
1272 1883 1414 1939 soporem

266 1956 447 2012 soluebatur.
520 1943 658 2028 Contigit
666 1955 866 2012 enimvtcum
878 1969 950 2026 rege
959 1954 1088 2027 quodam
1098 1962 1236 2028 tempore
1244 1953 1416 2012 familiarius

265 2059 369 2115 agens,
380 2043 418 2100 de
431 2043 558 2116 penuria
565 2043 709 2099 librorum
719 2041 913 2098 intersereret
924 2041 1117 2098 mentionem.
1136 2040 1165 2097 Α
1174 2059 1234 2114 quo
1243 2042 1416 2098 admonitus
1521 2098 1522 2103 χ

221 2153 252 2191 ao
266 2141 298 2188 vt
316 2130 544 2187 conscribendis
560 2131 645 2187 libris
664 2129 824 2200 insisteret,
838 2129 1030 2188 membranas
1049 2128 1105 2185 sibi
1123 2130 1231 2186 deesse
1250 2131 1417 2203 respondit.
1521 2150 1522 2167 ¹

266 2221 273 2248 ‘
286 2217 323 2274 Et
335 2227 489 2291 quantum,
502 2218 599 2291 inquit
611 2235 674 2283 rex,
687 2216 739 2274 tibi
752 2217 797 2274 vis
810 2216 938 2273 conferri
957 2217 994 2272 ad
1008 2216 1211 2289 supplendum
1224 2217 1303 2274 hunc
1316 2217 1417 2274 desec-

265 2309 363 2362 tuml'
401 2311 410 2339 ‘
417 2306 493 2374 Vna,
505 2307 609 2379 inquit,
623 2321 723 2362 marca
742 2303 857 2376 argenti
874 2303 923 2360 diu
940 2303 1085 2361 sufficiet!
1124 2305 1193 2362 Rex
1210 2322 1283 2362 vero
1301 2307 1339 2362 ad
1359 2306 1415 2363 hec

266 2395 426 2451 subridens
434 2394 474 2450 ait
486 2415 492 2451 :
506 2394 549 2450 ⁴0
558 2411 648 2467 quarn
659 2393 856 2450 immoderate
866 2409 975 2465 granas
983 2409 1039 2449 nos
1049 2395 1072 2448 l'
1086 2392 1241 2466 iussitque,
1250 2392 1352 2450 fratri⁸
1364 2395 1416 2466 qui

266 2499 334 2538 cum
345 2500 381 2540 eo
391 2491 454 2539 erat
464 2483 570 2538 decem
580 2497 698 2538 marcas
708 2481 859 2538 numerari
867 2479 885 2538 ⁸.
919 2480 1119 2554 Promisitque
1130 2481 1262 2556 [etiam]²
1274 2482 1417 2538 bibliam⁷

222 2591 251 2642 ²5
266 2569 294 2626 ei
317 2587 351 2627 se
373 2569 641 2626 transmissurum:
661 2577 692 2624 et
710 2570 766 2626 sub
787 2569 880 2624 multe
899 2569 1186 2642 recompensationis
1203 2569 1415 2642 pollicitatione

267 2657 387 2715 bibliam
402 2657 635 2730 pulcherrimam
653 2673 670 2712 a
689 2657 790 2730 priore
809 2656 911 2714 Sancti
925 2657 1052 2714 Swituni
1071 2657 1164 2730 petiit,
1178 2667 1208 2715 et
1221 2659 1413 2731 impetratam

268 2745 391 2819 Hugoni
402 2745 576 2802 transmisit.
601 2744 739 2817 Cumque
751 2753 857 2817 postea
869 2745 1035 2802 monachus
1048 2746 1170 2818 quidam
1178 2745 1334 2802 Wintonie
1344 2747 1414 2803 illuc

167 2895 170 2900 ,
266 2835 448 2905 aduenisset,
462 2842 493 2891 et
505 2835 543 2890 ab
555 2834 606 2889 illo
624 2834 745 2889 bibliam
759 2835 867 2890 domus
884 2851 938 2891 sue
954 2834 1047 2892 luisse
1060 2835 1220 2902 didicisset,
1232 2835 1290 2891 ait:
1310 2833 1415 2892 ‘Itane

266 2923 406 2979 dominus
425 2940 480 2978 rex
497 2921 654 2979 ecclesiam
667 2929 798 2978 vestram
812 2921 960 2978 iraudauit
974 2923 1049 2978 libro
1062 2928 1182 2979 vestro?
1217 2923 1317 2980 Crede
1333 2923 1416 2994 mihi,

222 3027 254 3076 30
267 3009 366 3079 irater,
386 3009 559 3067 restituetur
572 3009 658 3066 vobis
678 3009 856 3066 bibliotheca
876 3019 994 3081 vestra3
1016 3011 1071 3068 sed
1093 3019 1123 3067 et
1144 3011 1286 3068 fratribus
1304 3011 1416 3068 vestris

267 3099 374 3154 deuote
397 3097 602 3170 supplicamus
622 3096 761 3169 quatinus
779 3097 874 3167 nobis,
894 3096 1043 3154 deiectum
1061 3099 1172 3155 codicis
1191 3099 1237 3156 sui
1256 3117 1310 3156 eos
1330 3100 1417 3156 susti-

268 3185 372 3242 nuisse
391 3185 605 3257 ignorantibus,
622 3183 774 3240 humiliter
787 3185 949 3258 dignentur
970 3185 1134 3259 indulgere.
1171 3186 1290 3243 sivero
1310 3187 1418 3245 librum

267 3275 402 3346 recipere
420 3290 481 3329 non
501 3272 675 3345 acquiescis,
694 3290 751 3346 ego
770 3273 797 3330 ei
819 3273 943 3330 restituo
962 3275 1012 3347 qui
1033 3276 1111 3331 hunc
1132 3275 1219 3332 nobis
1237 3275 1418 3332 destinauit’

267 3361 403 3417 Tandem
417 3361 582 3418 monachus
595 3378 663 3417 cum
684 3360 857 3418 difficultate
869 3361 921 3418 vix
939 3361 1047 3418 librum
1066 3361 1224 3436 recipiens,
1238 3363 1276 3420 ad
1295 3364 1417 3420 domum

223 3463 253 3515 35
267 3465 352 3505 suam
365 3447 461 3506 rediit.
533 3437 679 3506 Waltero
697 3451 828 3517 tandem,
843 3449 1030 3506 lincolniensi
1049 3451 1201 3524 episcopo,
1222 3450 1252 3506 in
1272 3451 1417 3524 archiepi-

267 3553 392 3608 scopum
407 3535 673 3609 rothomagensem
693 3536 798 3607 electo,
810 3538 849 3593 de
863 3553 1014 3594 consensu
1030 3539 1111 3611 regis
1124 3540 1154 3594 in
1168 3538 1345 3612 episcopum
1363 3541 1416 3595 lin·

267 3623 453 3680 colniensem
466 3624 587 3694 electus,
600 3641 668 3682 cum
683 3641 791 3697 magna
804 3625 946 3681 instantia
963 3634 993 3682 et
1006 3625 1180 3683 difficultate
1193 3627 1243 3682 vix
1256 3629 1417 3683 consensit.

203 3703 211 3714 ⁸
268 3711 343 3768 Cum
357 3712 438 3767 enim
451 3711 479 3767 ei
492 3710 597 3768 fuisset
608 3712 714 3768 electio
723 3711 871 3783 nunciata,
883 3713 1039 3787 respondit
1048 3713 1127 3785 quod
1136 3713 1317 3786 pontificalis
1331 3714 1416 3772 officii

267 3817 328 3855 non
338 3800 504 3872 susciperet
514 3799 697 3872 dignitatem,
708 3801 764 3856 nisi
775 3799 884 3873 prioris
895 3800 1032 3857 cartusie
1043 3803 1234 3874 preuenisset
1243 3819 1390 3860 assensus
1397 3802 1412 3858 ³.

222 3903 255 3954 40
269 3888 327 3957 Qui
348 3905 417 3944 curn
436 3887 542 3944 fuisset
561 3889 700 3946 obtentus
720 3905 780 3943 non
802 3888 867 3944 sine
888 3889 973 3960 graui
990 3889 1093 3945 labore
1113 3889 1316 3961 solempnium
1341 3907 1414 3946 nun·

269 3977 390 4044 ciorum,
405 3985 434 4032 et
453 3977 611 4032 nunciatus
623 3975 651 4032 ei
665 3975 780 4043 suisset,
793 3975 868 4032 dixit
881 3976 960 4049 quod
974 3977 1012 4032 ad
1028 3977 1163 4049 regimen
1177 3976 1306 4033 ecclesie
1318 3978 1416 4033 lincol·

268 4064 384 4120 niensis
396 4081 456 4120 non
469 4064 633 4134 accederet,
648 4064 705 4120 nisi
718 4065 802 4136 prius
815 4064 843 4120 ei
856 4065 895 4120 de
907 4064 1119 4121 canonicorum
1132 4063 1267 4121 unanimi
1280 4075 1310 4120 et
1325 4067 1415 4122 libera

301 4195 474 4258 ¹Rpressis,
523 4194 599 4244 'om
649 4193 725 4244 ’Vit
738 4195 842 4244 minime
853 4195 922 4244 vind.
972 4195 1029 4243 ⁴E.
1041 4196 1213 4258 excepissent.
1263 4195 1320 4247 ⁶1¹2.
1333 4197 1416 4246 irater.

268 4257 486 4388 ὶγὲἱὴηέυέζζῧηιὲΐ
516 4259 525 4290 ⁷
542 4261 595 4312 Vit.
607 4259 795 4312 bibliothecam.
844 4260 853 4290 ⁸
872 4261 901 4310 ln
914 4261 957 4311 the
969 4261 1037 4322 Vita,
1050 4261 1083 4310 he
1096 4261 1151 4311 first
1162 4262 1250 4312 insiste
1262 4278 1296 4311 on
1309 4263 1415 4312 election
