3046 4902
274 331 348 408 590
708 305 911 407 utamur
939 305 991 384 11·

270 510 397 578 trabitur,
406 529 494 582 vagus
503 511 625 567 seranum
634 527 766 566 excursus
778 519 869 566 tutam
881 509 936 564 sub
948 509 1049 565 arbore
1061 509 1185 580 quietem
1197 525 1260 564 non
1274 509 1439 580 pollicetur.

273 595 348 650 luter
367 595 419 650 hec
440 595 570 666 puenrlus
592 594 651 648 ceci
673 595 774 649 ductor
793 595 954 663 contiguam
974 610 992 648 e
1013 593 1099 648 latere
1119 593 1239 647 domum
1265 594 1439 660 asumma,

271 679 386 732 ‘Euaxl
411 693 457 744 en,
476 678 524 745 ait,
544 677 657 732 modica
676 677 705 732 in
730 677 851 748 presenti
876 675 1037 732 discrimine
1061 675 1164 730 nostris
1189 675 1295 731 vsibus
1322 695 1438 732 accom-

272 759 443 831 [m]0datur¹
462 760 549 816 cella*
588 761 625 814 Et
643 777 725 816 cecus
743 758 782 814 ad
798 759 868 814 hec:
891 759 971 814 ‘Deo
989 757 1107 828 gmcias,
1123 757 1224 828 inquit,
1246 759 1438 814 subeundum

242 845 313 900 lest
334 845 413 899 eam!
450 844 543 914 Quam
568 843 696 915 protinus
721 843 847 912 ingressi,
872 843 1009 896 tumulum
1030 841 1104 897 beati
1129 841 1279 896 Edmundi
1308 845 1439 898 martiris

270 927 432 993 oflenduntt
457 937 492 994 et,
512 937 540 982 vt
557 937 626 993 erat,
645 928 818 996 sepulturam
836 925 873 980 ihi
892 923 1016 980 hominis
1033 935 1221 990 autumantes,
1242 925 1390 994 primum,
1410 937 1439 978 st

269 1009 452 1066 humanitatis
464 1021 517 1078 est,
530 1009 744 1081 horripilacione
755 1009 952 1080 percelluntur,
964 1007 1076 1074 deinde,
1089 1018 1255 1078 presumpta
1268 1010 1440 1076 securitate,

270 1091 384 1148 ianuam
402 1093 528 1148 obicibus
546 1103 647 1160 artant,
662 1103 875 1162 straueruntque
892 1090 954 1158 sibi,
967 1091 1065 1146 tumba
1083 1091 1205 1145 ntartiris
1223 1092 1324 1146 vicem
1344 1095 1440 1149 cerui·

271 1177 339 1232 calis
369 1177 554 1232 ministrante.
603 1175 734 1231 Necdum
765 1191 831 1230 vero
861 1175 942 1246 plene
972 1183 1101 1244 poterant
1130 1174 1336 1231 obdomtsse:
1372 1195 1440 1232 cum

228 1277 258 1314 ro
271 1259 364 1314 subito
376 1259 536 1314 flammiflue
548 1259 698 1328 columpne
711 1259 844 1329 splendor
855 1257 1005 1312 habitaculi
1018 1257 1107 1312 tocius
1115 1257 1255 1312 ambitum
1266 1262 1439 1330 occupauit.

270 1343 335 1411 Quo
347 1351 508 1411 comperto:
529 1359 605 1412 puer,
619 1343 666 1413 qui
680 1341 830 1396 solitudine
841 1341 972 1396 nimirum
988 1339 1155 1394 sollicitante
1172 1341 1312 1396 molestas
1327 1345 1439 1413 agebat

269 1423 392 1494 vigilias,
411 1425 572 1494 pauetams
591 1425 755 1494 magistrum
773 1443 791 1480 a
810 1441 929 1495 sompno
947 1423 1078 1491 excussit,
1097 1423 1213 1478 dicens:
1243 1426 1346 1494 ‘Heu,
1371 1430 1438 1496 heu,

269 1507 337 1578 quid
347 1506 450 1562 accidit
461 1507 560 1563 nobis!
577 1507 734 1579 hospicium
744 1519 870 1562 nostrum
883 1507 998 1562 llamma
1010 1507 1164 1561 consumit!
1188 1507 1228 1561 At
1241 1507 1290 1562 ille
1302 1519 1437 1565 tremen-

270 1601 327 1646 tem
340 1606 455 1661 puerum
468 1590 571 1646 blande
584 1607 776 1662 compescens,
788 1593 891 1658 ‘Tace,
905 1589 1002 1661 inquit,
1017 1601 1097 1656 tace3
1116 1605 1153 1644 ne
1169 1591 1314 1646 turberis!
1337 1593 1436 1649 fidelis

228 1681 256 1734 ¹5
270 1685 298 1730 et
321 1674 448 1743 ydoneus
472 1683 516 1728 est
540 1675 644 1744 hospes
668 1683 783 1744 noster;
813 1673 901 1729 nichil
928 1673 1041 1729 aduersi
1070 1673 1282 1740 sustinebimus,
1308 1676 1435 1746 quiesce

271 1756 401 1812 secunus*
437 1755 462 1814 il
481 1757 554 1812 Cum
573 1767 669 1812 autem
688 1757 756 1812 solis
774 1767 867 1813 ortum
886 1755 1096 1827 prenunciasset
1114 1773 1233 1812 aurora:
1259 1758 1308 1812 lux
1326 1761 1433 1816 celitus

270 1839 374 1896 emissa
387 1839 466 1907 redit,
480 1850 521 1894 set
534 1839 603 1896 lucis
617 1840 696 1910 signa
708 1857 775 1896 ceco
788 1839 904 1911 reliquit
942 1839 998 1910 Qui
1010 1840 1085 1895 enim
1098 1856 1181 1895 cecus
1193 1851 1322 1907 venerat,
1335 1845 1433 1898 sancti

271 1922 416 1978 Edmundi
429 1923 528 1978 merito
541 1923 721 1988 illuminatus,
734 1923 842 1978 ductori
862 1939 914 1978 suo
928 1923 985 1978 ait:
1005 1921 1169 1986 ‘Lucescit;
1189 1921 1359 1979 adoriamur
1379 1928 1434 1982 iter

271 2006 415 2060 nostrum·
450 2007 477 2060 Α
495 2023 558 2077 quo,
578 2023 627 2076 pre
645 2006 723 2061 verbi
743 2005 868 2061 nouitate
887 2005 1051 2076 stupefacto,
1071 2005 1197 2076 protinus
1215 2007 1349 2063 audiuit:
1373 2011 1430 2064 ‘Et

228 2103 259 2140 ao
272 2089 345 2143 vnde
369 2089 419 2144 tibi
444 2089 535 2144 lucem
559 2089 719 2156 enunciare,
738 2105 824 2160 quam
843 2105 955 2159 semper
972 2090 1061 2144 altero
1079 2088 1223 2144 mediante
1241 2101 1337 2145 ortam
1363 2109 1429 2148 esse

271 2171 430 2228 didiceras?
455 2174 558 2227 Lucem
571 2171 685 2243 quidem
698 2173 852 2240 nominare,
865 2171 991 2243 nunquid
1004 2173 1093 2227 eciam
1105 2171 1200 2226 videre
1211 2180 1428 2230 consueuerasl

272 2255 346 2310 Vide
365 2273 464 2310 sanum
482 2255 593 2326 sapias.'
630 2257 717 2311 Cuius
734 2273 856 2311 errorem
876 2255 921 2310 ille
940 2256 1118 2323 redarguens,
1133 2256 1231 2309 ‘Tune
1248 2273 1304 2324 me,
1325 2258 1426 2328 inquit,

272 2336 391 2393 delirare
414 2338 584 2409 suspicaris?
622 2340 679 2393 Res
703 2338 796 2394 verbis
820 2338 979 2401 concinunt,
1000 2337 1090 2393 fidelis
1114 2348 1156 2393 est
1179 2339 1286 2408 hospes
1312 2342 1426 2396 noster!

272 2419 343 2474 Vale
355 2420 430 2474 lacto
443 2421 526 2490 igitur
538 2421 641 2492 hospiti
655 2439 714 2486 suo,
727 2421 813 2492 digna
826 2421 909 2476 laude
926 2421 1075 2476 saluatoris
1093 2421 1214 2476 referunt
1228 2423 1425 2480 clemenciam.

229 2519 258 2570 ²5
273 2500 364 2556 Cecus
389 2501 472 2571 igitur
495 2519 552 2558 non
574 2521 660 2574 egens
685 2505 818 2574 deinceps
843 2504 966 2572 ductore,
991 2521 1058 2560 suos
1083 2503 1135 2559 sihi
1166 2506 1263 2560 oculos
1294 2509 1424 2563 sufficere
1508 2507 1509 2512 ’

270 2585 435 2652 gratulatur.
470 2587 552 2641 Tunc
570 2587 660 2656 primo
675 2587 727 2642 sibi
741 2588 818 2643 nasci
834 2597 952 2658 putatur,
965 2605 1030 2642 cum
1050 2587 1222 2643 mundialem
1241 2592 1425 2661 conspicatus

270 2665 414 2734 fabricam,
427 2667 538 2736 singula
556 2685 668 2741 queque
686 2670 809 2724 miratur.
848 2671 1014 2740 Propalatur
1030 2671 1203 2736 miraculum,
1216 2673 1319 2728 obuius
1338 2691 1424 2746 quos·

271 2763 326 2818 que
339 2749 429 2804 reddit
442 2760 582 2820 attentos;
601 2753 725 2808 exultant
740 2752 861 2807 vniuerst
875 2769 970 2822 regem
982 2763 1010 2810 et
1027 2754 1174 2809 dominum
1190 2772 1274 2810 suum
1292 2771 1423 2814 metum

272 2831 455 2888 Edmundum
468 2833 572 2890 talibus
583 2835 694 2891 indiciis
706 2835 840 2891 virtutum
853 2836 1037 2906 magnificari.

269 2969 289 3022 ‘l
299 2973 465 3040 Qunmrsa
476 2984 519 3028 nu
529 2973 647 3028 tloxuu
656 2985 759 3037 vsoun
767 2986 810 3029 an
821 2975 1136 3032 Banatcssuuoarns
1147 2987 1196 3032 sm
1207 2989 1421 3048 raanstnrus,

290 3066 330 3108 ar
342 3067 499 3120 Quonono
512 3067 633 3114 coatus
647 3069 717 3114 urus
731 3069 845 3112 roman
858 3070 934 3114 nost
946 3071 1047 3114 xxxvr
1060 3071 1166 3116 anuos
1178 3073 1415 3120 mcoaaurruu

719 3152 775 3194 nsr
788 3153 967 3197 tnuunruna

226 3245 258 3294 30
306 3273 430 3328 Sanctus
438 3274 516 3329 Abba
527 3275 643 3330 Flmc
730 3240 944 3296 Larescentibus
964 3239 1048 3311 igitur
1060 3242 1142 3310 longe
1154 3241 1267 3312 lateque
1280 3243 1422 3300 miraculis

643 3317 649 3329 '
763 3335 890 3394 permota
908 3323 1059 3379 Orientalis
1078 3324 1178 3394 Anglie
1194 3325 1349 3381 multitudo
1367 3346 1421 3384 non

270 3403 361 3457 solum
374 3404 448 3473 vulgi
462 3415 505 3460 set
517 3406 608 3462 eciam
620 3406 763 3472 nobilium,
776 3405 1014 3477 reminiscensque
1026 3407 1118 3462 minus
1132 3407 1279 3463 honestam
1292 3411 1335 3465 sui
1349 3411 1421 3480 regis

269 3485 505 3542 tumulacionem:
534 3489 632 3544 habito
656 3489 780 3556 consilio,
806 3490 834 3543 in
859 3489 925 3544 villa
954 3491 1033 3560 regia
1062 3507 1118 3561 que
1145 3491 1241 3560 lingua
1264 3493 1420 3562 Anglorutu

271 3566 525 3626 Bedricesuuorthe
549 3571 658 3638 dicitur,
681 3573 835 3628 construxit
856 3573 1058 3643 penuaximam
1079 3573 1151 3628 miro
1174 3574 1268 3642 ligneo
1293 3577 1420 3632 tabulatu

225 3667 256 3719 ³5
270 3650 427 3707 ecclesiam.
465 3655 546 3708 Circa
570 3672 675 3710 annum
699 3673 766 3710 vero
791 3655 897 3710 domini
922 3671 976 3724 900
997 3665 1124 3726 tempore
1144 3657 1217 3726 regis
1237 3658 1356 3726 Allredi,
1378 3662 1419 3715 vel

271 3734 424 3790 secundum
436 3735 507 3790 alios
522 3738 597 3806 906n
614 3748 738 3809 tempore
753 3739 827 3808 regis
847 3739 993 3794 Eduuardi
1013 3739 1131 3794 senioris
1147 3751 1213 3795 ante
1226 3742 1418 3812 conquestum

269 3816 360 3887 primi,
373 3817 524 3889 episcopus
536 3837 600 3874 cum
613 3822 687 3875 clero
705 3831 733 3876 et
747 3820 840 3892 populi
861 3821 1037 3876 multitudine
1055 3833 1214 3878 reuerenter
1229 3825 1368 3892 processit
1384 3826 1419 3882 ad

270 3901 361 3955 locum
374 3901 463 3956 sancti
474 3902 617 3957 Edmundi
631 3905 781 3973 sepulture.
805 3905 860 3958 Vbi
873 3904 1017 3974 dispositis
1027 3904 1101 3960 circa
1111 3906 1286 3961 mauseolum
1295 3908 1418 3963 honesti·

270 3983 366 4038 oribus
377 3983 538 4038 clericorum
551 3986 687 4056 personis,
701 3988 839 4058 thecaque
851 3988 977 4056 preciose
990 3988 1139 4056 margarite
1152 3999 1283 4056 reserata,
1296 3991 1417 4061 ligneum

223 4084 257 4133 40
270 4077 434 4121 amonentes
444 4065 455 4097 ¹
466 4069 628 4137 operculum
643 4069 846 4139 introspiciunt.
883 4072 932 4125 Set
945 4089 1010 4125 mox
1022 4087 1072 4141 pre
1084 4071 1146 4126 visu
1158 4071 1264 4127 insoliti
1278 4071 1416 4129 miraculi¹

270 4147 403 4217 resiliunt,
428 4159 513 4220 atque
537 4152 659 4207 clamore
683 4152 828 4222 repentino
853 4164 962 4208 ceteros
986 4155 1021 4208 ad
1047 4154 1266 4211 admirationem
1290 4156 1414 4212 inuitant.

272 4231 385 4287 lacebat
402 4231 478 4286 enim
497 4249 544 4288 rex
559 4233 698 4303 gloriosus
717 4244 746 4289 et
763 4235 860 4290 martir
877 4236 1046 4292 Edmundus
1063 4253 1180 4307 corpore
1197 4239 1305 4309 integer
1322 4241 1414 4296 similis

335 4339 344 4368 ¹
361 4343 395 4392 al.
408 4345 578 4396 accommoda.
661 4345 671 4375 ¹
689 4346 744 4396 ΜΒ.
758 4355 945 4398 ammouentes.
1027 4347 1037 4376 ³
1054 4349 1106 4400 Tit.
1118 4349 1185 4400 visus
1195 4349 1212 4400 i.
1224 4352 1354 4404 numenio.
