3046 4902
47 306 126 358 ns.
143 305 228 357 aar.
243 304 311 371 ..on
350 271 425 364 Do
441 268 501 360 ἑ.
519 270 737 358 &mutuo
752 285 847 376 tent
864 278 903 358 et
919 278 1110 375 matuta.
1162 281 1235 368 607
1315 293 1316 296 Ν

54 473 253 542 ecclesiam;
273 473 432 546 nostrisque
451 474 584 545 deinceps
600 475 694 530 minus
710 475 885 530 considerate
899 476 1058 546 agentibus,
1070 475 1235 532 norwicensi

55 558 203 614 ecclesie
226 557 262 613 de
283 557 411 628 predicto
430 559 562 628 camagio
582 559 722 614 continuis
740 559 822 614 annis
840 561 877 614 ab
895 559 982 630 ipsius
1000 560 1120 615 diocesis
1139 559 1236 615 incolis

57 641 278 711 respondetur.
314 643 358 696 Eo
371 651 466 696 tamen
480 651 604 712 excepto,
613 643 689 713 quod
697 643 732 698 de
740 643 852 698 duobus
863 641 1054 709 decanatibus,
1065 659 1120 698 vno
1130 642 1236 698 scilicet

60 726 106 780 de
117 726 224 780 Stowe
234 724 262 779 in
273 724 455 794 Suthsolchia,
464 735 491 780 et
501 725 599 780 allode
610 725 749 780 Belihowe
757 726 785 780 in
797 725 1002 794 Northlolchia‚
1010 726 1038 780 in
1048 725 1237 781 testimonium

62 807 146 863 iuris
162 807 254 863 nostri
267 807 415 878 pristinum
423 807 505 863 nobis
513 809 635 878 retentis,
646 811 738 864 Stowe
746 809 828 864 nobis
835 826 912 864 more
923 809 1003 864 solito
1013 810 1178 878 respondet3
1194 819 1236 866 set
1251 823 1264 872 5

65 891 223 946 Bilihowe
232 891 349 946 sacrista
356 890 557 962 norwic[ensis]
567 892 650 947 nobis
659 891 803 960 deforciat,
811 902 839 947 et
847 893 900 947 hac
910 892 1024 963 quidem
1032 892 1158 948 racione:
1173 910 1236 948 cum

64 985 198 1046 propter
214 975 382 1030 distaneian
401 977 555 1031 decanatus
574 976 610 1031 de
630 975 763 1030 Bilihowe
781 977 819 1031 ab
837 976 955 1030 ecclesia
973 977 1062 1030 sancti
1081 975 1236 1043 Edmundi,

66 1059 155 1113 inter
168 1057 303 1113 sacristae
316 1058 405 1114 sancti
419 1059 563 1115 Edmundi
576 1071 604 1116 et
618 1061 645 1114 N
648 1059 741 1115 orwici
753 1058 930 1114 conuenisset
942 1059 1026 1129 quod,
1036 1059 1110 1114 datis
1122 1059 1236 1116 sacriste

67 1140 174 1196 sancti
194 1141 339 1196 Edmundi
358 1142 504 1197 annuatim
527 1143 626 1198 decem
650 1142 757 1211 solidis,
778 1143 853 1197 idern
875 1142 1029 1198 decanatus
1048 1143 1084 1198 de
1103 1142 1237 1196 Bilihowe

69 1224 202 1280 sacriste
223 1224 348 1279 Norwici
367 1225 403 1280 de
423 1226 557 1296 camagio
576 1228 765 1297 responderet.
801 1227 839 1280 Et
863 1243 927 1280 cum
952 1242 1001 1296 per
1024 1227 1126 1281 multos
1147 1241 1236 1280 annos
1255 1242 1283 1274 ιο

70 1307 202 1364 sacriste
215 1307 304 1363 sancti
317 1309 462 1364 Edmundi
474 1310 510 1364 de
522 1310 620 1364 decem
634 1309 730 1365 solidis
741 1309 881 1364 continuis
893 1309 974 1364 annis
984 1309 1102 1364 sacrista
1114 1306 1236 1363 Norwici

71 1391 284 1448 satisfecisset:
307 1393 404 1447 volens
423 1391 548 1464 sacrista
563 1393 653 1448 sancti
676 1391 819 1448 Edmundi
838 1392 985 1448 sacristam
1005 1391 1126 1448 Norwici
1145 1392 1238 1462 aliquo

72 1474 199 1530 visitare
208 1475 383 1542 munusculo,
393 1475 467 1546 cepit
476 1475 502 1531 ei
512 1493 597 1530 vnum
609 1487 719 1530 taurum
729 1493 784 1530 vno
793 1492 868 1530 anno
877 1474 1076 1544 transmittere,
1087 1485 1172 1547 atque
1181 1475 1237 1530 alio

74 1574 159 1612 anno
176 1557 247 1612 iorte
265 1574 330 1612 non.
368 1558 478 1626 Quibus
497 1558 537 1614 sic
555 1559 780 1629 procedentibus,
793 1569 857 1630 post
872 1559 959 1614 multa
975 1569 1103 1628 tempora
1120 1559 1238 1614 sacrista

78 1639 211 1695 Norwici
227 1641 300 1710 cepit
317 1641 501 1712 calumpniari
514 1643 597 1713 quod,
610 1641 662 1697 nisi
676 1651 786 1697 taurum
801 1642 945 1713 reciperet,
957 1642 1057 1698 decem
1070 1642 1174 1698 solidos
1187 1660 1237 1712 pro
1256 1657 1281 1704 ¹5

76 1723 219 1792 camagio
235 1723 271 1778 de
288 1723 423 1779 Bilihowe
439 1741 495 1779 non
511 1726 641 1780 solueret.
679 1725 841 1780 Processiue
859 1724 1077 1794 calumpniatum
1092 1735 1135 1780 est
1152 1726 1236 1796 quod,

78 1806 140 1860 nisi
166 1817 263 1861 taurus
286 1807 385 1862 decem
410 1808 514 1863 valeret
539 1807 652 1872 solidos,
676 1807 705 1863 in
729 1809 806 1862 nullo
832 1807 946 1862 sacriste
977 1807 1065 1862 sancti
1091 1807 1237 1862 Edmundi

79 1889 311 1960 responderetur.
348 1891 431 1961 Quod
444 1900 474 1945 ut
486 1891 617 1946 omnibus
629 1891 740 1962 liqueat,
753 1889 930 1962 presentibus
941 1889 1007 1944 duxi
1019 1889 1206 1946 inserendum.

116 2039 168 2094 Da
187 2051 379 2095 asturicens
398 2052 437 2095 er
456 2053 681 2096 musaraneus
700 2052 820 2096 saucio
839 2040 1005 2094 Ennrunuo
1022 2052 1063 2093 aa
1083 2041 1211 2094 Haanu-

301 2135 429 2179 cnnuro
448 2136 488 2178 ar
506 2135 625 2180 saucio
644 2126 808 2180 Enwaano
828 2119 1017 2193 [εοι.ι,ΑΤιε].1

150 2218 210 2272 Um
222 2235 269 2273 rex
282 2220 407 2275 Canutus
420 2235 536 2288 regnum
544 2220 645 2289 Anglie
655 2231 766 2276 strenue
776 2237 826 2290 per
838 2220 930 2289 plures
942 2235 1033 2274 annos
1044 2219 1236 2288 gubernasset,

184 2300 333 2356 laudabilis
351 2313 481 2373 exempto
495 2303 551 2358 vite
569 2303 705 2358 curriculo
724 2303 798 2358 viam
816 2302 946 2358 uniuerse
965 2302 1058 2357 carnis
1077 2302 1237 2371 ingreditur.
1254 2319 1285 2353 20

89 2381 270 2440 Certantibus
282 2395 375 2440 autern
391 2386 517 2440 Heraldo
536 2396 563 2441 et
585 2386 785 2441 Hardecanuto
799 2385 863 2441 tiliis
881 2385 941 2440 eius
960 2385 995 2440 de
1014 2385 1144 2455 prioratu,
1158 2385 1237 2455 quin-

89 2467 229 2538 quennale
245 2466 355 2522 circiter
371 2467 551 2523 infortunium
569 2469 739 2538 gemebundi
756 2476 898 2524 traxerunt
918 2468 1053 2536 insulani;
1078 2485 1145 2522 narn
1164 2469 1238 2556 quic-

90 2549 160 2620 quid
171 2551 347 2605 emolumenti
361 2552 498 2606 sobrietas
512 2551 614 2607 Canuti
633 2553 795 2618 contulerat,
809 2551 929 2606 tiliorum
941 2559 1109 2622 tempestate
1126 2568 1239 2621 pessum

92 2631 148 2688 isse
171 2633 262 2688 visum
286 2644 337 2689 est.
382 2635 599 2690 Hardecanutus
625 2645 721 2688 tamen
746 2645 845 2690 sancto
871 2634 1022 2690 Edmundo
1045 2636 1132 2688 talem
1162 2634 1240 2688 dedit

92 2717 254 2783 libertatem,
268 2717 462 2772 confirmando
475 2727 581 2773 cartam
597 2716 684 2788 patris
703 2716 745 2771 sui
764 2717 886 2772 Canuti:
906 2727 935 2771 vt
948 2718 1040 2772 nullus
1054 2717 1240 2788 archiepisco·
1256 2733 1285 2782 ²5

93 2815 190 2870 porum
199 2800 243 2852 vel
255 2799 451 2870 episcoporum
459 2802 502 2854 vel
514 2801 632 2855 aliarum
643 2817 824 2870 personarum
835 2800 876 2856 eis
887 2801 1086 2855 adherencium
1097 2811 1240 2870 presumat

93 2880 240 2954 quicquam
253 2881 461 2938 consuetudinis
481 2883 540 2938 siue
559 2881 763 2938 dominacionis
782 2884 885 2937 amodo
904 2881 932 2936 in
951 2883 1051 2936 eodem
1069 2882 1240 2937 monasterio

93 2976 123 3022 et
135 2963 198 3020 villa
211 2983 293 3036 super
305 2968 467 3033 monachos,
477 2967 592 3022 clericos
604 2977 651 3020 aut
665 2965 751 3022 laicos
764 2967 943 3036 proclamare,
951 2981 1092 3034 usurpare,
1103 2965 1240 3019 iusticiam

95 3049 215 3120 aliquam
235 3047 336 3116 lacere,
355 3059 403 3104 aut
422 3049 523 3105 missas
544 3049 692 3117 celebrare,
711 3048 764 3103 nisi
783 3047 906 3102 monitus
924 3046 1005 3102 luerit
1025 3049 1061 3101 ab
1080 3045 1168 3116 ipsius
1186 3047 1239 3102 loci

96 3133 203 3188 abbate.
239 3133 270 3188 Si
289 3132 351 3202 quis
363 3150 429 3188 vero
443 3134 496 3188 hoc
508 3148 656 3202 aggressus
668 3132 749 3187 fuerit
762 3129 943 3201 calumpniari
962 3139 1011 3184 aut
1030 3129 1177 3200 infringere
1191 3130 1240 3184 de·
1254 3147 1285 3197 30

96 3226 206 3284 crenun,
218 3215 393 3287 presencium
406 3216 656 3272 ecclesiasticorum
670 3218 777 3285 prolate
789 3211 1072 3269 excommunicacioni
1089 3211 1240 3279 subiaceat,

97 3309 125 3356 et
137 3298 245 3368 insuper
262 3299 337 3368 regio
352 3299 420 3354 fisco
437 3299 551 3368 triginta
566 3299 625 3354 auri
640 3300 745 3354 talenta
764 3297 1078 3368 persoluat-Tandem
1092 3313 1177 3350 manu
1194 3295 1239 3351 dei

100 3382 221 3437 Haraldo
246 3391 274 3437 et
301 3382 501 3437 Hardecanuto
525 3383 607 3437 velud
634 3382 725 3436 minus
749 3381 898 3436 fructuosis
923 3378 1084 3451 palmitibus
1110 3397 1128 3434 a
1153 3397 1240 3450 regno

99 3463 226 3519 succisis':
258 3464 305 3536 qui
337 3465 441 3520 stactus
472 3466 623 3536 putabatur
654 3461 721 3519 sue²
750 3481 844 3518 rursus
876 3463 947 3519 oliue
977 3481 1071 3518 ramus
1102 3463 1240 3519 inseritur.

100 3549 231 3618 Egressus
243 3547 319 3602 enim
331 3566 349 3602 a
361 3549 389 3602 N
392 3548 538 3602 ormannia
546 3547 701 3602 Edwardus
711 3546 782 3616 regis
793 3547 958 3601 Etheldredi
969 3547 1048 3611 lilius,
1057 3545 1240 3601 domesticum
1255 3563 1285 3614 35

100 3629 197 3702 pariter
211 3639 240 3684 et
252 3629 461 3700 stipendiarium
477 3648 572 3685 secum
585 3631 691 3684 habens
706 3628 857 3684 exercitum
873 3629 1027 3700 copiosum,
1040 3629 1082 3683 ius
1095 3641 1241 3699 paternum

102 3730 242 3784 exposcere
260 3730 317 3768 non
338 3713 481 3785 torpescit,
500 3723 542 3768 set
561 3730 624 3768 curn
644 3730 753 3768 summo
772 3710 894 3782 tripudio
913 3720 1067 3782 susceptus,
1086 3712 1123 3765 ab
1141 3711 1241 3780 Anglis

102 3797 175 3850 heres
189 3795 326 3866 legitimus
345 3797 382 3850 ad
401 3796 515 3851 honoris
535 3795 654 3866 insignia
673 3805 860 3866 promouetur,
873 3813 949 3850 anno
969 3793 1074 3848 domini
1089 3794 1241 3849 Millesimo

103 3878 180 3949 ,xliija
192 3878 276 3947 regali
287 3878 446 3934 diademate
458 3888 614 3934 coronatus.
646 3881 672 3932 N
676 3895 708 3933 ec
723 3879 810 3933 multo
824 3888 895 3949 post,
909 3894 984 3932 anno
992 3876 1121 3931 videlicet
1133 3877 1239 3931 domini

104 3960 343 4032 Millesimo.xliiij.,
354 3971 483 4017 sanctum
495 3961 637 4016 martirem
650 3962 842 4028 Edmundum,
857 3977 907 4030 pro
920 3970 994 4014 statu
1008 3969 1036 4015 et
1056 3959 1240 4030 prosperitate
1253 3980 1286 4028 40

103 4043 172 4113 regni
195 4045 405 4114 supplicaturus,
430 4043 526 4100 adiit-
536 4043 615 4099 cuius
640 4044 788 4099 ecclesiam
817 4043 845 4098 in
876 4053 984 4097 tantum
1009 4059 1120 4113 semper
1144 4042 1240 4099 habuit

104 4125 272 4182 reuerencia⁸
292 4129 366 4198 quod
382 4128 496 4198 quando
512 4137 638 4182 oraturus
658 4127 763 4182 ibidem
775 4125 913 4192 veniebat,
927 4141 945 4179 a
961 4125 1080 4179 miliario
1098 4126 1135 4180 ad
1149 4125 1239 4195 ipsam

104 4209 216 4266 nonnisi
229 4211 348 4282 pedibus
363 4211 532 4282 procederet
570 4211 646 4266 Sane
658 4209 732 4265 circa
745 4208 864 4279 primum
880 4224 986 4264 annum
1005 4206 1083 4277 regni
1102 4206 1188 4278 ipsius
1203 4209 1239 4263 ad

168 4336 175 4365 ¹
191 4336 230 4387 Ci.
243 4335 297 4388 MS.
311 4335 365 4386 Tit.
376 4335 421 4386 sol.
433 4333 486 4400 95l.
617 4333 628 4364 ²
646 4333 701 4386 MS.
714 4335 774 4384 sine.
907 4329 917 4360 ³
935 4331 989 4384 MS.
1001 4331 1175 4384 moerendum.
