3012 4898
91 347 236 416 asra]
404 335 483 430 {De
503 331 723 436 omittatis
749 333 944 426 sunuel.
1175 361 1249 436 309

90 551 131 584 ex
147 535 263 586 omnium
280 535 393 600 lapidum
410 535 586 602 preciosorum
603 538 756 602 generibus;
774 539 831 590 set¹
847 540 962 591 fenestre
979 537 1013 591 ibi
1030 557 1083 591 non
1102 547 1183 604 crant,
1201 557 1250 592 nec

88 613 221 676 hostium,
241 621 268 664 et
286 622 373 665 tamen
391 631 482 666 omnes
501 617 544 680 qui
562 619 659 666 intrare
679 617 800 667 uolebant
818 617 956 670 intrabant.
992 619 1054 670 Erat
1073 629 1159 670 autem
1180 622 1251 670 intus

90 701 149 741 um
166 693 305 756 splendida
320 709 350 743 ac
367 688 390 743 si
408 710 461 744 uon
479 696 538 745 dico
556 711 623 745 unus
640 697 688 753 sol,
704 703 744 746 set
762 697 834 759 quasi
851 697 885 745 ibi
899 696 972 746 multi
986 698 1155 761 splenderent
1172 699 1249 750 soles.

90 770 212 833 Eratque
223 771 299 821 nimis
315 773 400 835 ampla
410 780 437 822 et
453 773 573 832 rotunda,
585 781 612 822 et
627 773 704 822 nullis
720 775 864 838 columpnis
878 775 947 838 firlta,
962 783 989 824 et
1004 783 1085 825 totum
1100 777 1156 826 eius
1173 778 1251 827 uesti-

88 848 184 898 bulum
196 864 230 898 ex
245 865 311 898 auro
322 858 349 900 et
360 851 486 914 lapidibus
501 851 626 914 preciosis
638 859 693 901 erat
704 859 819 902 stratum.
853 852 1069 917 circumspiciens
1084 862 1170 904 autem
1181 855 1249 903 Tun·
1264 861 1278 910 5

89 927 177 988 delus,
190 927 257 976 uidit
268 943 348 977 unum
359 929 440 978 sedile
457 944 573 989 aureum,
586 945 644 979 cum
655 931 764 992 gemmis
779 937 806 979 et
821 931 906 980 serico
918 937 945 980 et
959 932 1079 981 omnibus
1091 933 1250 982 ornamentis

88 1012 226 1065 ornatum,
248 1013 276 1054 et
297 1021 385 1068 regem
407 1007 572 1057 Cormarcum
595 1007 622 1056 in
645 1008 703 1071 ipso
726 1015 802 1057 trono
824 1009 926 1072 sedere,
948 1010 1071 1059 uestitum
1094 1011 1249 1061 mirabilibus

89 1083 269 1143 uestimentis,
281 1099 357 1147 supra
369 1099 446 1133 omne
460 1086 575 1148 precium
586 1093 725 1137 terrenum.
759 1086 793 1136 Et
809 1101 866 1136 cum
878 1093 958 1137 staret
972 1089 1110 1150 admirans,
1121 1097 1250 1138 uenerunt

88 1161 201 1223 plurimi
219 1163 247 1210 in
268 1162 372 1210 domum
390 1163 458 1212 illam
477 1179 535 1212 cum
552 1163 700 1213 muneribus
715 1165 748 1213 ad
766 1180 863 1227 regern,
877 1172 903 1214 et
922 1166 1066 1215 offerebant
1082 1167 1177 1229 singuli
1191 1182 1249 1216 cum

89 1244 192 1306 gaudio
210 1259 318 1293 munera
336 1259 391 1294 sua.
432 1245 464 1294 Et
484 1247 545 1294 dum
563 1253 643 1295 staret
660 1245 793 1296 Tundalus
817 1247 916 1298 diucius
935 1255 996 1298 ante
1019 1249 1152 1298 dominum
1174 1265 1248 1298 suum
1265 1260 1295 1297 10

89 1337 186 1385 regem
204 1322 458 1372 Cormarcum-erat
470 1325 539 1373 enim
552 1325 672 1374 dominus
683 1340 746 1375 suus
758 1326 785 1374 in
797 1326 927 1386 seeulo-,
940 1334 1070 1376 uenerunt
1081 1327 1154 1376 multi
1165 1343 1249 1377 sacer-

90 1402 174 1450 dotes
191 1409 219 1450 et
240 1401 327 1462 leuite,
346 1401 513 1465 solempniter
535 1403 619 1452 induti
638 1404 705 1452 sieut
727 1405 759 1453 ad
782 1404 886 1454 missam
905 1406 1066 1465 cantandam,
1085 1420 1142 1454 cum
1159 1406 1250 1455 sericis

90 1479 193 1528 casulis
212 1485 239 1528 et
257 1479 314 1528 aliis
334 1481 491 1529 ornamentis
511 1481 586 1530 ualde
607 1481 739 1543 preciosis,
757 1490 785 1531 et
805 1483 945 1531 ornabatur
962 1483 1077 1545 undique
1095 1485 1187 1534 domus
1207 1484 1250 1532 illa

90 1558 170 1619 regia
187 1557 295 1606 mirabili
311 1565 472 1607 ornamento.
508 1557 643 1608 Ponebant
660 1559 750 1623 ciphos
767 1567 794 1609 et
811 1560 901 1609 calices
918 1575 1011 1609 aureos
1024 1568 1051 1610 et
1067 1569 1206 1624 argenteos
1223 1569 1250 1610 et

90 1637 201 1700 pixides
218 1636 345 1685 eburneas
360 1651 438 1698 super
457 1636 566 1698 paxillos
584 1643 611 1686 et
628 1637 735 1699 tabulas,
753 1645 780 1686 et
797 1637 834 1687 sic
849 1640 940 1687 domus
957 1638 1001 1687 illa
1018 1640 1163 1700 ornabatur,
1182 1647 1210 1689 ut
1227 1641 1249 1688 si
1267 1653 1294 1704 ¹5

91 1717 181 1765 maior
191 1715 273 1778 gloria
284 1714 312 1761 in
323 1729 403 1775 regno
416 1715 458 1762 dei
471 1729 524 1763 non
536 1721 613 1776 asset,
625 1715 675 1764 ista
685 1729 762 1777 posse
774 1717 891 1764 sufficere
903 1717 1042 1765 uideretur.
1077 1717 1176 1766 Omnes
1187 1733 1249 1780 ergo

90 1793 135 1842 illi
158 1793 203 1854 qui
226 1791 414 1850 ministrabant,
437 1799 498 1840 ante
521 1807 609 1854 regem
632 1793 769 1841 uenientes
795 1801 821 1842 et
843 1808 929 1855 genua
950 1794 1086 1842 flectentes
1113 1794 1248 1845 dicebant:

91 1877 101 1900 ‘
113 1871 230 1919 Labores
241 1884 363 1918 manuum
375 1876 475 1918 tuarum
490 1870 551 1932 quia
566 1869 738 1930 manducabis,
752 1871 843 1920 beatus
854 1887 883 1920 es
901 1879 928 1921 et
939 1871 1007 1921 bene
1019 1872 1064 1921 tibi
1076 1870 1144 1922 erit’
1177 1873 1250 1922 Tunc

90 1949 232 1999 Tundalus
251 1948 287 1996 ait
305 1948 338 1996 ad
357 1948 494 2009 angelum:
519 1947 625 2008 ιΜίτυν,
644 1949 756 2008 domine,
775 1951 808 1998 de
828 1956 867 1999 tot
883 1949 1017 2010 ministris,
1034 1949 1103 1999 inter
1120 1965 1186 2012 quos
1202 1965 1250 1999 nec

92 2043 179 2076 unum
191 2027 224 2075 de
235 2041 282 2074 sua
291 2025 385 2074 familia
392 2024 569 2088 recognosco’
603 2027 751 2089 Etangelus
763 2045 770 2076 r
787 2027 862 2076 ‘Non
870 2035 932 2077 sunt
943 2028 985 2077 isti
997 2027 1089 2076 desua
1099 2027 1199 2089 familia,
1209 2037 1250 2078 set
1265 2043 1296 2078 ao

92 2119 227 2169 pauperes
238 2104 334 2153 Christi
346 2111 372 2152 et
384 2103 513 2166 peregrini
522 2105 615 2167 quibus
625 2121 672 2154 rex
683 2106 751 2154 bona
760 2119 806 2154 sua
818 2105 982 2168 largiebatur,
992 2113 1018 2154 et
1030 2107 1089 2154 ideo
1101 2121 1148 2169 per
1159 2121 1249 2155 manus

91 2199 188 2234 eorum
205 2183 353 2232 retribuitur
370 2183 394 2230 ei
412 2197 511 2232 merces
524 2181 631 2232 eterna!
663 2184 736 2233 Tunc
753 2184 789 2232 ait
805 2184 953 2233 Tundalus:
972 2184 1110 2246 ‘Domine,
1123 2200 1250 2246 passusne

91 2269 137 2313 est
158 2261 279 2310 dominus
297 2275 370 2308 meus
389 2259 474 2322 aliqua
497 2267 626 2310 tormenta
645 2269 706 2324 post
723 2260 866 2312 morteml'
910 2263 1023 2312 ‘Passus
1040 2270 1090 2322 est,
1110 2263 1203 2325 inquit,
1224 2273 1251 2313 et

91 2342 183 2392 adhuc
199 2339 293 2389 cotidie
311 2339 414 2401 patitur,
432 2345 459 2387 et
475 2340 559 2389 adhuc
576 2339 701 2402 pacietur.
737 2339 853 2403 Expecta
871 2340 1002 2403 paululum
1020 2346 1047 2389 et
1066 2339 1185 2389 uidebis.'
1218 2341 1251 2390 Et

91 2435 155 2469 cum
167 2417 297 2481 paululum
317 2423 490 2479 expectasset,
514 2419 650 2468 obscurata
672 2427 713 2468 est
735 2421 835 2481 domus,
854 2425 882 2468 et
904 2433 995 2467 omnes
1017 2419 1175 2468 habitatores
1194 2417 1250 2468 eius
1266 2435 1297 2485 ²5

92 2499 167 2548 illico
185 2496 343 2546 consternati
359 2501 420 2544 sunt
437 2503 464 2544 et
480 2510 528 2545 rex
544 2497 712 2546 contristatus
729 2497 812 2546 exiuit
828 2513 886 2546 cum
903 2497 972 2546 lletu.
1008 2496 1092 2558 Quem
1110 2511 1167 2546 cum
1180 2497 1249 2545 Tun-

92 2576 173 2627 dalus
189 2581 351 2636 sequeretur,
371 2573 435 2622 uidit
454 2574 521 2623 hanc
537 2574 728 2624 multitudinem
745 2591 821 2638 quarn
838 2582 898 2624 ante
916 2575 986 2623 intus
1003 2574 1111 2638 uiderat,
1129 2575 1251 2637 expansis

91 2659 122 2705 in
136 2653 220 2704 celum
235 2652 353 2702 manibus
370 2653 535 2702 deuotissime
549 2653 730 2716 deprecantem
747 2655 823 2702 deum
840 2659 867 2702 et
882 2655 1027 2704 dicentem:
1045 2653 1175 2702 ‘Domine
1186 2655 1251 2702 deus

91 2733 272 2795 omnipotens,
292 2731 358 2780 sicut
380 2730 420 2780 uis
439 2737 466 2780 et
485 2731 552 2780 sicut
573 2732 631 2794 scis,
651 2733 772 2781 miserere
794 2731 864 2781 serui
886 2730 939 2780 tui’
974 2731 1008 2780 Et
1027 2731 1168 2793 respiciens
1185 2732 1251 2780 uidit

91 2827 186 2874 regem
209 2810 236 2858 in
257 2809 318 2872 igne
339 2824 422 2872 usque
443 2808 476 2857 ad
496 2808 643 2859 umbilicum
661 2817 687 2859 et
709 2809 741 2858 ab
764 2809 883 2859 umbilico
901 2825 1002 2859 sursum
1023 2809 1104 2858 cilicio
1124 2809 1249 2859 indutum.
1265 2825 1297 2874 3⁰

92 2891 193 2940 ‘Hanc
212 2902 315 2951 penam,
333 2889 416 2950 inquit
435 2889 551 2950 angelus,
568 2889 663 2938 cotidie
682 2889 778 2951 patitur
794 2903 842 2951 per
859 2893 912 2938 tres
928 2889 1006 2936 horas
1027 2894 1053 2936 et
1070 2887 1146 2948 horis
1158 2886 1250 2949 uiginti

91 2984 150 3020 una
167 2967 323 3030 requiescit:
347 2973 375 3016 et
394 2967 444 3016 hoc
463 2967 532 3029 ideo,
553 2967 614 3028 quia
633 2967 740 3028 legitimi
760 2966 872 3028 coniugii
896 2965 1033 3016 maculauit
1052 2973 1249 3024 sacramentum,

91 3051 209 3109 ideoque
226 3045 323 3109 patitur
335 3046 420 3108 ignem
439 3046 569 3107 usquead
585 3045 738 3095 umbilicum.
775 3044 893 3094 Cilicium
911 3060 975 3094 uero
993 3052 1079 3108 portat
1098 3045 1158 3106 quia
1177 3042 1250 3093 iussit

92 3125 208 3177 interfici
228 3123 348 3173 comitem
370 3124 442 3172 iuxta
463 3131 581 3173 sanctum
602 3122 740 3173 Patricium
760 3131 786 3172 et
809 3123 985 3186 preuaricatus
1007 3129 1046 3172 est
1066 3121 1249 3171 iusiurandum.

92 3204 220 3267 Exceptis
226 3203 277 3252 hiis
287 3203 396 3264 duobus,
406 3209 497 3251 cuncta
506 3203 531 3251 ei
540 3200 759 3251 criminadimissa
770 3209 839 3251 sunt.
863 3202 966 3251 Setiam
975 3200 1162 3250 ascendamus.¹
1210 3184 1249 3248 Et
1264 3217 1295 3266 35

91 3297 155 3336 curn
166 3281 297 3346 paululum
313 3281 509 3343 processissent,
522 3280 644 3328 uiderunt
660 3293 761 3329 murum
778 3280 854 3330 nimis
865 3280 945 3329 altum
961 3286 989 3328 et
1004 3279 1080 3328 nimis
1095 3278 1247 3342 preclarum.

91 3365 159 3415 Erat
176 3361 244 3410 enim
262 3367 401 3421 argenteus
417 3363 494 3420 totus,
507 3358 658 3421 splendidus
676 3359 752 3408 ualde
769 3365 795 3407 et
812 3358 930 3408 decorus.
965 3357 1073 3407 Etcum
1090 3357 1160 3406 nulla
1175 3363 1251 3420 porta

92 3441 132 3492 ibi
149 3443 293 3503 appareret,
313 3437 444 3486 Tundalus
461 3443 556 3498 nmen,
575 3437 695 3486 nesciens
711 3437 848 3498 quomodo,
866 3435 979 3496 intrauit,
998 3443 1024 3484 et
1041 3436 1250 3498 circumspiciens

91 3517 162 3572 uidit
183 3517 276 3567 choros
293 3523 441 3564 sanctorum
464 3514 638 3564 exultantium
660 3521 688 3564 et
710 3513 869 3564 dicencium:
894 3513 1003 3564 ‘Gloria
1022 3513 1067 3563 tibi
1087 3515 1150 3564 deus
1168 3521 1248 3577 pater,

91 3597 179 3662 gloria
194 3595 241 3646 tibi
258 3595 323 3644 deus
340 3593 375 3642 fili
392 3594 443 3655 dei,
456 3593 537 3655 gloria
554 3592 600 3642 tibi
617 3591 721 3655 spiritus
738 3601 828 3642 sancte
844 3589 925 3642 deus.’
959 3592 1041 3642 Erant
1058 3599 1143 3642 autem
1159 3591 1208 3640 uiri
1223 3598 1250 3640 et
1262 3609 1295 3658 40

90 3676 192 3728 femine
202 3673 290 3723 uasdti
301 3671 417 3722 candidis
426 3671 587 3721 uestimentis
598 3677 625 3720 et
636 3671 840 3734 preciosissimis,
851 3672 907 3720 sine
918 3671 1017 3720 macula
1028 3677 1055 3720 et
1067 3686 1136 3734 ruga,
1146 3670 1248 3720 iocundi

91 3763 123 3807 et
141 3753 244 3814 hilares,
255 3752 399 3815 gaudentes
415 3765 520 3813 semper
535 3757 562 3799 et
579 3756 693 3799 sanctam
710 3750 849 3799 trinitatem
865 3750 1007 3800 laudantes
1043 3749 1149 3798 Candor
1162 3757 1249 3798 autem

91 3831 308 3885 uestimentorum
321 3827 398 3894 (sicut
414 3829 460 3878 nix
477 3843 568 3878 recens
585 3827 650 3892 erat)
663 3843 785 3890 percussa
800 3827 862 3876 solis
878 3828 958 3877 radio.
991 3825 1090 3892 Voc(es
1107 3841 1171 3875 uero
1188 3841 1248 3874 con-

91 3915 220 3964 sonantes
235 3908 320 3973 quasi)
333 3907 457 3957 musicum
474 3907 556 3956 melos
573 3907 715 3955 reddebant
731 3909 831 3972 so(nos.
864 3905 972 3954 Claritas
989 3913 1084 3964 autem,
1096 3904 1249 3965 iocunditas,

92 3989 231 4046 amenitas,
241 3987 365 4047 hilaritas,
372 3985 527 4049 pulcritudo,
535 3985 681 4049 h0)nestas,
690 3985 795 4045 sanitas,
806 3985 950 4049 (eternitas,
958 3983 1121 4046 unanimitas,
1131 3981 1248 4032 omnibus
1261 3999 1294 4050 45

92 4075 152 4120 erat
169 4067 276 4129 equalis,
294 4071 322 4114 et
338 4065 458 4115 charitas.
493 4064 567 4114 Odor
582 4062 661 4130 illius)
680 4064 761 4127 campi
780 4062 823 4112 ubi
843 4065 929 4127 (erant
944 4063 992 4126 isti,
1010 4061 1147 4126 superabat
1164 4061 1250 4110 omnia

92 4153 211 4199 monam
222 4151 249 4194 et
261 4143 438 4194 odoramenta
471 4143 544 4192 Tunc
558 4141 676 4192 Tnndalo
691 4143 727 4191 ait
743 4141 867 4204 angelus:
885 4141 960 4191 ‘llec
976 4148 1037 4191 sunt
1053 4141 1146 4204 gaudia
1162 4141 1248 4190 coniu-

93 4231 215 4290 gatorum
228 4223 272 4287 qui
289 4223 367 4272 fidem
384 4221 496 4283 coniugii
512 4227 683 4271 seruauerunt
693 4227 720 4270 et
736 4219 845 4270 familias
862 4235 922 4270 suas
938 4221 965 4269 in
978 4221 1069 4270 timore
1085 4219 1127 4269 dei
1143 4220 1209 4268 bene
1221 4227 1248 4268 et

92 4306 163 4355 iuste
185 4307 310 4352 rexerunt
326 4309 353 4351 et
373 4299 441 4350 bona
457 4315 504 4350 sua
521 4297 676 4364 pauperibus
694 4305 721 4349 et
737 4299 855 4350 ecclesiis
871 4299 967 4350 Christi
984 4297 1247 4360 communicauerunt,

595 4389 605 4420 ¹
621 4389 650 4440 T.
662 4397 703 4441 set
714 4398 750 4442 et.
