3046 4902
101 311 342 378 nemine]
379 276 933 383 pessumeuntem
949 285 1141 383 mature.
1194 289 1265 378 605

103 481 237 538 antistes
250 499 304 537 nec
316 482 463 538 minimum
475 482 542 554 quid
555 483 692 539 reseruari
704 482 799 550 voluit,
812 493 854 539 set
868 482 897 539 in
910 493 969 539 toto
979 482 1141 539 conferens¹
1158 501 1268 540 monas·

103 565 188 620 terio
207 566 411 622 iurisdiccionis
430 584 479 622 sue
498 567 672 637 dignitatem,
685 583 770 638 quam
790 567 829 621 illi
848 568 1002 622 contulerat
1020 569 1057 622 ob
1078 567 1268 623 reuerenciam

107 648 209 704 sancti
229 649 384 717 Edmundi,
397 659 424 705 et
438 651 466 704 in
480 651 579 706 ceteris
596 650 726 705 omnibus
742 649 903 705 ministrans
919 649 959 706 eis
977 667 1058 705 suum
1077 650 1222 705 consilium
1240 658 1268 705 et

106 731 281 800 presidium.
318 733 463 788 Didicerat
484 733 606 788 enimin
629 751 679 788 sua
702 733 821 788 ecclesia
844 734 880 789 de
906 734 980 804 Hely
1000 733 1074 788 idem
1096 734 1198 803 presul,
1221 733 1268 788 ubi

108 814 255 868 educatus
279 826 307 869 et
330 814 448 870 nutritus
472 816 572 884 luerat,
597 826 701 886 quanta
730 815 894 886 grauamina
919 833 985 886 sepe
1009 815 1154 871 imminere
1179 817 1297 881 solent5

109 896 295 952 monasteriis
309 898 485 953 solummodo
498 898 658 953 constitutis
671 898 699 952 in
712 908 852 968 potestate
865 899 974 953 illorum
987 897 1032 969 qui
1047 899 1136 968 magis
1149 908 1268 970 querunt

110 995 174 1049 que
200 997 251 1034 sua
273 991 346 1046 sunt,
365 996 450 1050 quam
471 998 525 1051 que
548 982 632 1036 Ihesu
652 980 764 1048 Christi,
782 981 864 1050 vnde,
886 981 1008 1052 quiade
1033 981 1094 1036 aliis
1119 991 1269 1052 nequeunt,

111 1061 346 1117 dominacionem
360 1080 394 1116 ex
405 1063 459 1118 hoc
471 1063 500 1117 in
514 1063 637 1118 cenobiis
655 1063 707 1118 sibi
721 1073 863 1134 usurpant.
902 1066 1012 1119 Statuta
1027 1064 1078 1118 fuit
1092 1075 1119 1119 et
1133 1073 1270 1119 annotata

112 1143 281 1199 huiusmodi
300 1143 426 1200 dimissio
442 1145 561 1216 presulis
573 1145 674 1201 Alwini
694 1163 744 1216 pro
763 1163 794 1201 se
812 1157 840 1201 et
859 1147 1064 1202 successoribus
1083 1148 1140 1202 suis
1159 1147 1187 1201 in
1206 1165 1268 1217 per·

111 1235 234 1296 petuum
252 1243 328 1282 anno
345 1228 418 1298 regis
437 1229 536 1284 Canuti
555 1230 660 1300 quinto.
698 1231 732 1283 ln
748 1230 800 1285 hiis
817 1225 1062 1300 quippe‘operibus
1080 1240 1108 1284 et
1127 1247 1269 1285 seruomm
1284 1249 1314 1286 10

113 1310 164 1364 dei
177 1311 274 1365 multis
286 1310 468 1381 com[m]odis
481 1322 508 1367 et
520 1313 773 1381 administracione,
787 1312 921 1383 quamdiu
936 1313 965 1367 in
981 1313 1145 1383 episcopatu
1157 1313 1206 1368 luit
1219 1314 1269 1368 de·

114 1393 239 1447 lectatus
256 1403 299 1448 est
314 1395 413 1449 beatus
432 1396 557 1462 antistes,
573 1407 603 1451 et
621 1396 648 1450 in
668 1395 832 1465 reparandis
850 1413 947 1452 eorum
962 1396 1087 1464 edificiis,
1105 1407 1133 1451 et
1151 1397 1270 1451 ecclesia

114 1477 282 1531 renouanda
295 1477 396 1547 iugiter
407 1477 538 1533 instabat.
575 1480 659 1532 Anno
678 1477 816 1548 siquidem
834 1478 1051 1534 introduccionis
1070 1480 1270 1534 monachorum

115 1560 255 1626 secundo,
280 1561 423 1615 destructa
447 1560 564 1616 basilica
588 1562 703 1632 antiqua
728 1571 756 1616 et
780 1561 873 1630 lignea
896 1561 1069 1629 clericorum,
1094 1561 1168 1631 cepit
1193 1561 1270 1615 idem

115 1642 268 1713 episcopus
281 1654 442 1699 construere
455 1661 567 1712 nouam,
582 1644 738 1715 sumptibus
751 1644 808 1698 suis
822 1643 941 1714 propriis
954 1661 1009 1698 vna
1022 1661 1086 1698 cum
1102 1643 1221 1713 pecunia
1233 1644 1269 1698 de
1285 1663 1314 1715 15

116 1725 254 1795 cernagio
267 1737 294 1780 et
306 1725 498 1782 oblacionibus
517 1727 706 1797 proueniente.
745 1728 838 1794 Quam
856 1725 1082 1797 archiepiscopus
1093 1726 1269 1795 Agelnothus

116 1826 195 1863 anno
215 1809 276 1879 xij0.
298 1819 430 1879 sequente
451 1811 604 1880 perlectam
630 1820 659 1864 et
676 1811 844 1879 completam
865 1809 893 1862 in
915 1809 1021 1862 honore
1040 1807 1152 1875 Christi,
1172 1818 1269 1864 sancte

119 1892 213 1946 Marie
237 1901 265 1947 et
290 1892 380 1947 sancti
404 1891 548 1947 Edmundi
569 1892 718 1959 dedicauit,
740 1908 816 1946 anno
835 1891 940 1946 domini
964 1891 1103 1961 M⁰axxj⁰.
1139 1891 1270 1946 Semnda

116 1976 259 2045 exmpcio
270 1978 363 2030 sancti
370 1975 522 2030 Edmundi
527 1980 583 2046 per
588 1991 690 2046 regem.
718 1976 783 2044 lpse
796 1991 905 2045 quoque
917 1992 963 2029 rex
977 1975 1101 2028 Canutus
1113 1973 1269 2030 libertatem

118 2074 206 2128 quam
218 2075 266 2112 rex
279 2059 447 2113 Edmundus
460 2057 553 2114 eidem
569 2069 667 2114 sancto
684 2068 711 2112 et
728 2057 836 2113 clericis
853 2059 1014 2124 contulerat,
1027 2057 1172 2112 monachis
1191 2057 1270 2113 dedit
1285 2073 1317 2109 ao

118 2151 149 2196 et
162 2140 347 2201 confirmauit,
355 2140 505 2196 adiciendo
517 2142 593 2212 quod
606 2141 808 2196 monasterium
818 2140 908 2194 sancti
920 2139 1062 2194 Edmundi
1076 2139 1111 2194 sit
1124 2157 1173 2209 per
1185 2157 1269 2196 omne

118 2241 204 2278 cuum
222 2224 369 2278 monachis
388 2225 551 2294 deputatum
573 2224 611 2278 ad
633 2223 855 2292 inhabitandum,
873 2233 902 2278 et
921 2223 957 2277 ab
977 2222 1054 2276 omni
1076 2221 1270 2278 dominacione

119 2307 245 2361 omnitun
262 2307 455 2377 episcoporum
472 2306 610 2376 liberum;
631 2307 669 2360 Et
688 2306 821 2376 quociens
840 2306 959 2376 populus
971 2305 1115 2360 vniuersus
1134 2307 1269 2376 persoluit

120 2388 257 2444 censum²
270 2389 362 2445 Danis
375 2391 418 2445 vel
431 2391 467 2445 ad
482 2407 569 2445 naues
585 2407 635 2444 seu
651 2390 687 2444 ad
705 2407 791 2457 arma,
805 2390 965 2459 persoluant
983 2387 1143 2443 habitantes
1162 2389 1190 2443 in
1208 2387 1270 2458 ipso

120 2473 207 2527 fundo
219 2474 320 2527 eadem
332 2474 368 2528 ad
379 2489 445 2528 vsus
456 2475 666 2528 monachorum.
689 2473 831 2543 Deditque
841 2481 939 2526 sancto
949 2472 1100 2527 Edmundo
1109 2473 1270 2526 thelonetun
1285 2487 1314 2538 ²5

121 2554 238 2626 piscium
261 2555 463 2610 maritimorum
484 2556 560 2626 quod
582 2556 618 2609 ad
643 2555 736 2625 ipsum
760 2572 854 2624 regem
878 2553 1037 2624 pertinebat
1060 2554 1218 2610 annualiter
1242 2555 1269 2609 in

120 2638 208 2693 fundo
227 2637 360 2708 predicto,
373 2648 400 2694 et
419 2639 608 2708 piscacionem
627 2655 711 2708 quam
725 2638 841 2693 Vlsketil
860 2637 957 2692 habuit
975 2637 1003 2691 in
1018 2637 1116 2706 Welle,
1129 2646 1157 2692 et
1175 2636 1270 2691 omnia

122 2721 182 2776 iura
199 2738 436 2793 quarumcumque
455 2739 602 2777 causarum
621 2722 649 2776 in
667 2721 738 2775 villis
758 2738 812 2791 que
831 2721 1002 2775 monasterio
1020 2720 1151 2776 adiacent
1169 2729 1270 2790 etque

122 2803 267 2860 adiciende
281 2814 345 2858 sunt
357 2821 408 2874 per
420 2804 464 2859 dei
477 2805 610 2874 graciam.
648 2804 735 2859 Dedit
747 2821 857 2874 quoque
872 2795 967 2874 regine
981 2821 1030 2858 sue
1043 2820 1189 2858 assensum
1203 2803 1270 2857 dare

123 2895 218 2940 sancto
231 2887 384 2942 Edmundo
397 2897 516 2958 quatuor
528 2887 603 2942 milia
616 2887 799 2956 anguillarum
814 2904 877 2941 cum
890 2887 1051 2940 muneribus
1064 2903 1118 2956 que
1131 2886 1270 2956 pertinent
1284 2900 1316 2950 30

124 2968 159 3022 ad
179 2968 240 3024 illas
264 2987 315 3040 pro
333 2970 446 3025 annuali
468 2987 554 3025 censu
573 2971 603 3025 in
624 2971 690 3026 villa
709 2972 745 3025 de
767 2969 978 3038 Lakyngbethe.
1017 2969 1081 3022 Hec
1105 2968 1200 3023 omnia
1221 2987 1270 3023 rex

124 3053 248 3106 Canutus
261 3069 376 3108 assensu
389 3053 512 3107 omnium
526 3071 671 3124 procerum
688 3053 766 3122 regni
784 3053 826 3108 sui
847 3053 939 3108 eidem
958 3061 1057 3106 sancto
1076 3051 1229 3106 Edmundo
1242 3061 1270 3106 et

124 3135 268 3190 monachis
290 3135 347 3190 suis
367 3137 483 3191 contulit
505 3153 580 3191 anno
600 3137 678 3206 regni
700 3137 740 3190 sui
760 3136 935 3202 duodecimo,
955 3152 1004 3205 per
1026 3143 1131 3188 cartam
1153 3151 1207 3204 que
1228 3135 1270 3188 sic

124 3215 237 3286 incipit:
259 3217 310 3272 ‘ln
326 3219 438 3272 nomine
455 3219 621 3289 poliarchis!
665 3219 743 3273 Will.
760 3219 793 3273 de
805 3219 907 3273 Malm.
925 3218 1002 3271 11:2⁰
1018 3219 1052 3272 de
1064 3221 1154 3288 gestis
1164 3219 1270 3290 pontis.

125 3298 228 3354 Videns
250 3300 325 3354 enim
344 3309 453 3370 patrem
473 3317 554 3355 suurn
573 3302 613 3356 sic
635 3301 768 3356 diuinitus
794 3319 844 3371 per
868 3309 996 3356 sanctum
1020 3301 1203 3355 Edmundum
1228 3301 1270 3356 in·
1285 3313 1315 3364 35

124 3392 296 3452 teremptum,
307 3382 404 3438 micius
418 3383 549 3453 deinceps
562 3400 625 3438 cum
639 3392 735 3438 sancto
745 3383 819 3451 egit3
839 3391 867 3438 et
880 3392 982 3438 terram
996 3383 1067 3438 illius
1079 3384 1157 3438 rossa
1167 3401 1271 3454 magna

126 3465 311 3532 circimrduxit,
330 3465 533 3520 immunitatem
551 3475 623 3521 terre
641 3465 731 3520 sancti
748 3475 841 3535 preter
858 3465 994 3520 fossatum
1012 3467 1049 3521 ab
1067 3466 1143 3521 omni
1163 3477 1270 3537 presta-

126 3549 201 3603 cione
214 3558 242 3603 et
256 3548 447 3618 inquietudine
460 3548 563 3602 tribuit.
601 3548 753 3603 Exactores
769 3565 879 3620 quoque
891 3549 1067 3617 vectigalium
1079 3549 1127 3620 qui
1139 3548 1208 3604 alias
1221 3567 1272 3620 per

126 3631 254 3700 Angliam
263 3632 456 3687 debachantur
466 3632 510 3686 las
522 3631 685 3701 nephasque
698 3630 773 3684 iuxta
783 3630 943 3698 mecientes,
952 3631 1005 3686 sibi
1020 3631 1160 3701 supplices
1174 3640 1271 3686 contra

126 3715 256 3768 fossatum
278 3714 367 3769 sancti
393 3713 535 3768 Edmundi
558 3712 732 3783 litigaciones
752 3713 862 3767 sistunt.
899 3715 951 3767 Ex
968 3715 1086 3768 cronicis
1104 3714 1139 3767 de
1161 3714 1220 3783 Ely
1244 3719 1272 3768 et
1284 3728 1316 3777 40

126 3798 263 3852 Mariam'.
308 3797 331 3856 li
353 3797 501 3852 Concessit
522 3797 636 3867 insuper
659 3814 707 3851 rex
729 3798 854 3850 Canutus
872 3795 1017 3850 monachis
1040 3796 1069 3850 in
1089 3805 1270 3865 augmentum

126 3881 273 3936 venerandi
285 3880 339 3935 loci
352 3890 489 3935 eteorum
502 3880 643 3949 suffragia,
656 3881 807 3934 transferre
826 3895 945 3948 corpora
963 3887 1122 3932 sanctorum
1136 3878 1269 3946 Botulphi

127 3963 254 4034 episcopi,
272 3973 300 4018 et
314 3963 429 4018 lurmini
442 3963 552 4018 clitonis
566 3963 677 4030 Christi,
692 3963 727 4018 de
746 3961 967 4029 Grundesburgh
984 3970 1013 4014 et
1028 3960 1217 4030 lllideburghe
1233 3960 1269 4015 ad

127 4046 320 4101 monasterium
338 4046 428 4102 sancti
445 4047 597 4102 Edmundi.
634 4047 719 4114 Quod
738 4055 838 4116 postea
854 4053 980 4113 tempore
1000 4043 1141 4098 Ieofstani
1159 4042 1270 4098 abbatis

127 4130 311 4200 sollempniter
334 4138 377 4184 est
402 4139 554 4184 executum
604 4130 714 4199 Corpus
736 4145 857 4198 namque
881 4126 957 4181 beati
989 4125 1121 4195 Botulphi
1145 4124 1269 4196 episcopi
1283 4141 1315 4190 45

129 4211 250 4282 primitus
275 4213 349 4282 apud
376 4212 613 4282 Grundesburghe
634 4214 780 4267 humatum
804 4219 855 4278 est,
880 4207 926 4265 vbi
951 4225 1103 4264 concursus
1122 4207 1217 4280 populi
1241 4218 1270 4264 et

341 4339 349 4367 ¹
368 4357 388 4390 r.
401 4340 561 4392 conserebatl
856 4339 866 4368 ²
883 4337 937 4388 MS.
950 4353 1056 4390 sensum.
