3046 4902
104 267 339 374 assatae]
372 250 446 344 Da
463 250 523 340 m.
541 251 759 339 numnam
776 266 870 355 tant
887 258 926 339 at
942 259 1133 356 maante.
1184 262 1255 350 615

103 451 274 508 recusatiue.
311 454 350 508 Et
368 454 434 526 quia
455 454 550 509 omnia
572 455 663 510 Rome
683 454 801 521 tenaba,
818 453 854 510 ad
880 455 934 510 hoc
954 463 997 510 est
1017 455 1110 511 audax
1129 467 1258 527 promota

103 539 228 609 presulis
247 540 351 610 lingua,
373 542 536 613 promittens
558 541 616 611 regi
637 551 749 597 centum
764 557 873 596 marcas
892 543 952 598 auri
972 542 995 598 si
1018 543 1071 598 sibi
1094 544 1258 600 concederet

103 622 323 692 piacitacionem
337 625 503 692 enarrandi;
520 627 632 680 nescius
649 625 738 679 sancti
751 624 905 680 vindictam
921 642 972 695 pro
989 625 1095 681 foribus
1113 643 1175 682 esse
1193 643 1257 697 pre-

103 715 226 760 sentem.
265 708 374 762 Interea
386 708 478 779 presul
491 708 619 778 equitans
631 707 659 762 in
678 707 748 762 silua
760 708 829 761 dum
842 708 878 761 de
896 707 1026 777 predictis
1045 709 1175 765 iniuriose
1193 726 1258 765 cum

104 787 167 842 suis
177 805 334 844 sermonem
343 791 460 846 iaceret:
473 808 567 845 ramus
578 791 684 860 inpegit
692 789 753 844 eius
761 789 789 844 in
799 789 895 856 oculis,
906 791 995 846 sancti
1003 792 1131 847 videlicet
1139 793 1256 860 vicione,
1270 806 1284 856 5

104 887 218 940 ponens
239 889 304 927 eum
326 873 354 927 in
376 873 518 943 inopinate
536 872 674 944 passionis
691 889 834 941 angorem,
852 873 941 926 versis
961 874 1100 930 ambobus
1120 875 1210 931 oculis
1228 877 1257 930 in

103 955 269 1025 multiplicis
288 957 431 1026 sanguinis
450 956 638 1012 suffusionem.
667 955 728 1010 Visi
750 963 816 1010 sunt
835 954 910 1010 intus
934 955 1006 1010 oculi
1030 957 1141 1026 putride
1164 957 1257 1014 carnis

104 1037 194 1106 pieni,
212 1053 266 1092 nec
287 1055 305 1092 a
323 1055 463 1109 quoquam
481 1039 540 1092 viro
557 1039 687 1093 valebant
705 1035 839 1092 auxiliati.
877 1038 954 1092 lacet
969 1041 1063 1108 presul
1081 1056 1146 1094 vere
1163 1057 1257 1107 cecus,

103 1118 302 1191 tantillumque
321 1121 455 1190 refrigerii
476 1121 581 1192 potitur
595 1121 671 1191 quod
692 1123 807 1192 sanguis
828 1119 1006 1193 pumienttis¹
1027 1123 1064 1176 ab
1083 1122 1171 1176 oculis
1193 1140 1257 1178 cum

104 1203 187 1271 spica
205 1203 282 1258 ordei
302 1204 465 1259 detrahitur.
503 1207 566 1258 Hec
583 1205 652 1258 dum
664 1203 787 1258 viderem
799 1205 922 1275 quodam
941 1220 1023 1259 mane
1040 1205 1256 1274 superueniens:
1272 1217 1302 1254 ¹0

104 1294 201 1340 tactus
226 1286 285 1341 eius
309 1287 501 1352 miseracione,
526 1297 554 1341 et
579 1303 679 1356 exspes
702 1285 792 1341 factus
817 1304 852 1341 ex
876 1303 990 1344 suorum
1021 1288 1156 1357 sospitate
1179 1287 1257 1344 visus

103 1369 260 1435 oculorum,
277 1368 333 1424 dixi
352 1370 489 1424 adeum:
518 1369 658 1424 ‘Domine
681 1370 783 1439 presul,
804 1369 833 1422 in
852 1387 955 1426 vanum
971 1369 1039 1440 per²
1056 1381 1085 1424 te
1106 1371 1257 1438 laboratur,

103 1452 216 1506 nullum
228 1451 331 1523 quippe
347 1452 482 1507 collirium
501 1452 551 1508 tibi
570 1453 701 1522 prodesse
719 1451 847 1507 videtur:
867 1465 909 1510 set
927 1453 1050 1522 graciam
1070 1453 1114 1508 dei
1133 1453 1257 1524 requiras

104 1533 220 1600 deuote,
244 1535 383 1607 simulque
406 1547 535 1590 sanctum
557 1535 749 1603 Edmundum,
770 1534 817 1605 qui
838 1534 868 1589 in
889 1535 943 1590 hiis
962 1535 1139 1590 comitatibus
1163 1546 1257 1607 patro-

103 1616 225 1672 cinatur.
264 1617 361 1688 Dirige
379 1617 511 1673 citissime
526 1618 564 1672 ad
576 1617 707 1672 abbatem
722 1617 912 1672 Baidewinum
926 1635 990 1672 cum
1002 1617 1080 1689 pacis
1092 1619 1256 1685 humilitate,
1272 1638 1300 1690 ¹5

103 1708 137 1753 ut
151 1698 201 1754 tibi
220 1717 270 1770 per
281 1717 378 1770 preces
397 1702 434 1756 ad
451 1702 535 1756 deum
549 1709 732 1770 sanctumque
746 1700 930 1755 Edmundum
943 1701 1008 1756 velit
1020 1702 1257 1757 meditamentum

103 1783 236 1838 sanitatis
255 1783 422 1854 inpendere!
460 1785 545 1839 Cuius
565 1783 626 1854 ipse
643 1783 735 1852 primo
751 1781 903 1854 desperat³
916 1783 1130 1852 admonitionis,
1143 1797 1258 1855 propter

103 1863 222 1920 iniurias
245 1866 340 1922 abbati
370 1867 480 1932 iliatas3
507 1877 548 1922 set
573 1866 670 1922 statim
695 1867 732 1920 ab
754 1866 879 1920 omnium
904 1883 1018 1921 suorum
1043 1867 1167 1936 consilio,
1187 1884 1256 1922 con·
1291 1929 1294 1934 ,

102 1948 202 2003 silium
223 1949 319 2004 datum
342 1951 473 2020 prosequi
497 1950 583 2016 iubet,
608 1958 636 2004 et
661 1957 691 2004 ut
711 1965 811 2004 omnes
832 1949 894 2004 lites
919 1960 947 2004 et
971 1949 1159 2005 controuersia
1184 1949 1257 2005 inter

104 2031 201 2100 ipsum
219 2041 247 2086 et
264 2033 396 2088 abbatem
415 2033 619 2104 imperpetuum
635 2031 842 2103 conquiescant.
879 2032 1025 2102 inponitur
1037 2050 1102 2103 ergo
1116 2050 1200 2104 super
1211 2049 1256 2088 me
1271 2052 1303 2088 ao

101 2113 172 2168 talis
190 2114 305 2183 legatio,
325 2131 409 2185 quam
424 2125 452 2170 et
470 2117 571 2170 eadem
586 2115 641 2184 die,
653 2115 727 2170 testo
745 2113 852 2169 scilicet
870 2115 1059 2184 apostolorum
1078 2116 1209 2186 Symonis
1227 2125 1256 2170 et

106 2197 188 2264 iude,
207 2198 336 2267 pertici03
361 2207 516 2253 memorato
538 2199 641 2253 abbate
661 2215 707 2252 me
727 2196 770 2252 sui
790 2197 886 2267 gracia
908 2199 1061 2254 luculenter
1081 2199 1252 2270 suscipiente

103 2279 278 2335 luculentius
298 2297 409 2351 quoque
433 2297 528 2336 coram
550 2280 670 2336 testibus
693 2281 889 2348 respondente,
910 2289 937 2335 et
956 2281 1173 2337 luculentissime
1190 2299 1256 2352 pos·

102 2363 197 2418 tulata
220 2365 399 2419 concedente.
436 2363 545 2432 Quibus
568 2363 689 2432 benigne
714 2362 863 2430 concessis,
883 2364 1029 2418 descendit
1052 2364 1090 2419 ad
1108 2365 1256 2419 abbaciam

103 2444 200 2516 presul
225 2445 334 2509 debilis,
357 2462 421 2501 cum
444 2446 520 2501 omni
545 2455 692 2516 susceptus
715 2453 851 2515 apparatu
875 2445 999 2514 decoris3
1024 2447 1122 2502 fruitur
1145 2447 1257 2503 abbatis
1270 2470 1300 2520 ²5

102 2527 228 2600 alloquio
246 2528 368 2596 salutari,
381 2528 583 2584 commonentis
602 2545 666 2582 eum
684 2525 729 2581 vt⁴
741 2527 765 2582 si
786 2528 854 2598 quid
874 2529 1035 2584 offensionis
1054 2539 1153 2584 contra
1172 2531 1257 2586 deum

103 2611 151 2666 vel
175 2621 303 2666 sanctum
333 2611 514 2666 Edmundum
538 2619 637 2681 suapte
661 2609 705 2678 sit,
730 2627 761 2665 se
789 2611 891 2666 debere
914 2613 1100 2682 premeditari,
1125 2613 1256 2684 quatinus

104 2694 230 2765 peccatis
253 2693 343 2764 primo
364 2693 491 2760 leuiatus,
514 2693 663 2764 inpensura
684 2693 823 2748 medicina
842 2693 958 2749 celerius
978 2695 1050 2750 ioret
1072 2696 1256 2750 alieuiandus.

104 2777 214 2832 Annuit
233 2779 325 2847 presul
341 2777 433 2832 verbis
452 2776 519 2831 boni
537 2775 652 2842 consilii,
670 2785 698 2830 et
717 2791 752 2830 eo
771 2776 894 2830 deducto
910 2775 937 2830 in
957 2777 1076 2833 ecclesie
1097 2778 1227 2832 vestiario
1234 2775 1255 2845 ⁶,

105 2859 283 2931 presentibus
306 2860 431 2915 eiusdem
455 2859 509 2913 ioci
534 2858 690 2914 senioribus
713 2857 845 2933 fratribus
863 2868 891 2912 et
910 2857 1078 2928 quibusdam
1103 2861 1177 2928 regis
1199 2859 1255 2929 pri·
1269 2872 1302 2921 30

104 2943 239 3009 moribus,
254 2945 374 3012 Hugone
393 2943 431 2997 de
452 2942 595 3008 Montlort,
609 2944 719 3012 Rogero
740 2940 831 3010 Bigot,
847 2949 876 2996 et
895 2942 1018 2996 Ricardo
1035 2941 1091 2996 filio
1108 2940 1254 3007 Giiberti⁶,

103 3043 171 3080 cum
189 3025 252 3080 aliis
268 3025 413 3096 pluribus:
436 3025 464 3080 in
483 3042 601 3096 quorum
619 3024 766 3079 audiencia
784 3023 888 3094 proiert
906 3024 1054 3094 episcopus
1072 3041 1185 3078 causam
1204 3041 1255 3079 sue

104 3113 290 3180 necessitatis,
303 3118 473 3168 memoratur
490 3112 588 3168 iniuria
606 3129 691 3184 quam
708 3128 776 3180 erga
794 3111 885 3164 locum
905 3121 1032 3166 sanctum
1047 3111 1143 3167 iecerit
1154 3111 1256 3167 iniuste

105 3197 214 3251 vicibus
235 3195 337 3264 multis,
356 3195 443 3250 verbo
462 3213 493 3250 se
510 3196 579 3249 dicit
597 3205 626 3248 et
645 3194 714 3249 velle
732 3193 760 3248 in
773 3193 857 3248 deum
874 3202 904 3248 et
924 3202 1052 3248 sanctum
1073 3193 1255 3248 Edmundum

105 3295 249 3350 peccasse,
263 3287 291 3333 et
309 3277 454 3334 abiacione
476 3277 566 3332 baculi
588 3277 735 3347 pastoralis
754 3275 880 3345 superius
902 3275 969 3330 dicti
989 3275 1183 3344 reminiscitur,
1202 3293 1254 3347 pro
1269 3285 1301 3335 35,

105 3379 163 3434 quo
181 3361 363 3416 Thefordiam
380 3360 528 3415 confestim
545 3361 673 3416 mittitur.
712 3360 745 3413 ln
766 3357 896 3412 omnibus
916 3375 947 3413 se
959 3359 1060 3414 fatetur
1079 3359 1254 3430 culpabilem,

104 3446 209 3500 clamat
233 3443 262 3498 in
286 3443 433 3499 audiencia
459 3444 550 3496 iocum
577 3459 639 3497 esse
663 3441 787 3512 quietum
810 3457 845 3495 ac
869 3441 1020 3510 liberalem,
1041 3443 1175 3514 dampnat
1201 3443 1254 3497 sub

104 3529 285 3582 anathemate
298 3543 368 3598 quos
380 3525 553 3581 consiliarios
565 3525 692 3580 habuerit
706 3524 779 3589 inde,
787 3532 816 3578 et
826 3533 892 3580 voto
905 3525 1071 3596 constringit
1083 3543 1114 3582 se
1129 3523 1184 3596 [se]
1198 3526 1255 3580 tale

105 3608 173 3682 quid
187 3608 313 3680 [amodo]
327 3607 483 3678 repudiare.
510 3607 557 3664 Sic
566 3608 678 3678 publice
690 3607 844 3673 consessus,
857 3623 920 3662 cum
933 3608 1045 3664 fletibus
1057 3619 1086 3664 et
1097 3609 1204 3678 gemitu
1216 3609 1254 3663 ad

104 3693 196 3748 maius
209 3693 295 3746 altare
307 3691 490 3761 progreditur,
504 3700 531 3745 et
549 3691 588 3745 ibi
601 3707 652 3761 pro
665 3690 748 3744 dictis
759 3689 962 3746 offensionibus
974 3693 1163 3762 episcopalem
1175 3691 1254 3760 ponit
1267 3705 1300 3754 40

105 3775 245 3842 baculum,
264 3775 370 3829 scilicet
391 3773 529 3845 dupplicis
550 3790 635 3829 cause
653 3773 776 3840 vadium,
794 3783 855 3827 tum
874 3790 924 3843 pro
943 3775 1086 3829 reddendo
1099 3783 1253 3828 memorato

105 3857 206 3913 baculo
225 3857 347 3928 pignoris
366 3857 568 3924 certitudinem,
580 3865 641 3912 tum
660 3857 745 3912 deum
762 3865 790 3910 et
808 3855 950 3910 martirem
967 3855 1135 3926 impetrans⁷
1147 3857 1254 3912 offense

105 3939 315 4007 remissionem
342 3941 380 3994 ad
403 3939 499 3994 altaris
523 3940 694 4010 crepidinem
714 3938 815 3994 deinde
840 3939 1021 4010 prosternitur
1045 3939 1191 4009 psallendo
1215 3940 1253 3994 vii

105 4024 239 4096 psalmos,
251 4024 288 4077 ab
299 4023 403 4078 abbate
414 4039 478 4077 cum
491 4023 623 4078 iratribus
634 4023 795 4078 absoluitur.
820 4021 948 4076 Tandem
961 4021 1130 4076 medicinam
1142 4021 1254 4077 abbatis

137 4173 145 4202 ¹
163 4173 219 4223 MS.
231 4175 394 4239 prurulentus.
504 4171 514 4200 ²
531 4174 566 4224 H.
577 4189 656 4239 super.
784 4172 794 4202 ⁸
812 4171 865 4221 MS.
878 4169 1031 4236 despexerat.
1139 4171 1215 4223 ‘eum
1227 4181 1254 4224 vt

106 4255 155 4289 om.
168 4239 193 4287 in
205 4239 241 4289 ll.
384 4241 393 4270 ⁵
411 4239 447 4290 ii.
459 4239 610 4290 consessorio
621 4239 688 4305 qnod
700 4247 758 4288 tunc
769 4244 821 4287 erat
833 4239 858 4286 in
870 4253 892 4286 v.
1035 4236 1044 4266 ⁸
1062 4238 1097 4288 H.
1110 4237 1252 4290 Gisleberti.

105 4302 114 4332 ¹
129 4321 158 4354 so
168 4303 212 4367 H.,
221 4321 243 4356 r.
256 4305 402 4370 imprecans
