3008 4904
259 328 331 398 216
573 322 703 409 iilum
728 317 918 423 [minut
943 317 1094 422 fingite.

259 521 363 595 sicque
382 539 498 596 pauper
516 531 547 578 et
565 539 680 596 egenus
701 521 882 594 aliquamdiu
901 520 1039 590 latitabis‚
1051 522 1161 578 timens
1181 539 1220 578 ne
1240 521 1341 579 omnis
1361 523 1417 595 qui

259 607 408 666 inuenerit
420 619 451 667 te
463 609 577 668 occidat
591 619 630 666 te.
667 609 744 666 Cum
757 619 857 666 autem
874 609 1044 666 huiusmodi
1063 608 1213 666 infortunii
1232 611 1418 682 cognoueris

259 697 407 768 effectum,
420 701 586 754 confortare
599 707 630 754 et
645 707 711 754 esto
724 697 881 755 robustus:
900 696 1026 755 viriliter
1042 715 1099 770 age
1114 707 1145 754 et
1163 697 1349 755 confortetur
1361 716 1419 754 cor

259 793 351 842 tuum.
390 784 425 842 ln
444 785 583 842 omnibus
600 785 649 842 dei
666 783 888 842 misericordie¹
905 801 1021 841 memor
1037 785 1106 857 eris,
1118 785 1188 859 quia
1195 785 1215 856 ¹,
1228 803 1298 842 cum
1318 787 1418 842 iratus
1497 805 1498 824 ¹

231 870 355 943 sinent,
378 872 581 930 misericordie
604 872 815 929 recordabitur.
852 871 981 928 Noueris
1006 874 1096 938 enim,
1116 889 1166 929 me
1191 873 1310 930 deuotis
1332 876 1416 946 apud

260 959 349 1016 deum
373 959 639 1018 intercessionibus
663 959 829 1018 obtinuisse
859 969 890 1016 vt
921 977 1088 1033 suppressa
1117 961 1298 1033 quandoque
1329 971 1417 1017 tante

259 1048 448 1106 aduersitatis
462 1047 695 1122 importunitate,
707 1047 833 1120 pristine
846 1047 953 1104 iterum
966 1047 1175 1121 prosperitatis
1186 1047 1371 1105 iocunditate
1386 1061 1418 1106 et

260 1135 350 1209 plena
361 1136 506 1209 gaudebis
525 1135 680 1208 regiminis
699 1134 895 1204 restitutione,
909 1133 935 1190 si
950 1143 1051 1191 tamen
1064 1153 1154 1208 agere
1167 1153 1316 1208 peruerse
1329 1137 1418 1210 quie-

260 1222 342 1280 ueris
374 1233 403 1280 et
434 1223 523 1296 digna
553 1223 719 1296 penitueris
749 1221 959 1280 satisfactione.
1010 1223 1096 1280 Nunc
1125 1221 1214 1295 igitur
1237 1225 1417 1296 quantotius

216 1327 247 1362 ιο
262 1309 391 1368 Romam
405 1311 518 1383 legatos
530 1311 672 1384 dirigens,
686 1309 847 1367 Martinum
861 1327 971 1384 papam
983 1311 1101 1383 magnis
1119 1311 1265 1383 ampliare
1279 1313 1420 1368 muneri·

260 1399 318 1455 bus
330 1415 368 1455 ne
387 1400 497 1466 tardes,
510 1398 685 1472 suppliciter
699 1415 810 1472 rogans
824 1407 856 1454 vt
871 1397 1016 1472 anglicam
1034 1399 1155 1468 scolam,
1169 1397 1199 1455 in
1217 1400 1327 1456 eadem
1341 1401 1419 1456 vrbe

261 1486 358 1554 sitam,
371 1485 499 1542 libertati
513 1503 573 1542 non
589 1487 718 1558 deneget
733 1485 894 1558 applicare,
907 1495 938 1542 vt
955 1503 1011 1559 per
1028 1486 1084 1542 hoc
1104 1487 1286 1543 beneficium
1298 1488 1419 1560 gratius

260 1572 312 1629 tibi
326 1583 476 1646 prestetur
488 1573 566 1630 inter
578 1572 794 1646 incom[m]'oda
808 1572 985 1630 subsidium.
1023 1573 1087 1646 Ego
1096 1590 1169 1630 vero
1178 1583 1248 1647 post
1261 1576 1418 1632 modicum
1498 1617 1499 1638 .

260 1660 339 1716 viam
354 1661 495 1718 vniuerse
513 1661 612 1722 carnis
629 1660 798 1732 ingrediar:
819 1669 849 1718 et
867 1679 926 1734 que
940 1659 992 1717 tibi
1007 1661 1129 1733 predico
1146 1661 1274 1730 iutura³,
1287 1663 1418 1720 credere

217 1761 246 1812 15
260 1766 299 1804 ne
312 1747 448 1806 differas.¹
487 1749 589 1806 Missis
605 1749 703 1822 itaque
718 1748 847 1805 Romam
861 1749 987 1817 nunciis,
1000 1749 1081 1822 quod
1098 1750 1218 1822 petebat
1231 1749 1419 1823 impetrauit.

261 1835 402 1911 Misitque
420 1836 448 1894 ei
468 1855 546 1911 papa
560 1855 628 1894 curn
649 1837 751 1894 multis
768 1845 938 1894 sanctorum
958 1835 1091 1909 reliquiis
1113 1837 1209 1894 crucis
1230 1849 1336 1895 sancte
1354 1857 1418 1894 non

260 1924 408 1981 modicam
420 1925 598 1997 portionem.
671 1911 807 1983 Sanctus
817 1926 937 1980 tandem
951 1923 1064 1980 domini
1078 1925 1241 1994 confessor,
1252 1926 1373 1999 angelis
1387 1927 1418 1982 in

260 2011 388 2069 sublime
408 2012 628 2085 plaudentibus,
641 2011 771 2068 debitam
785 2011 916 2068 humano
931 2011 1035 2084 generi
1054 2013 1204 2068 resolutus
1222 2011 1253 2068 in
1274 2025 1419 2080 mortem,

261 2099 326 2155 celo
340 2101 507 2173 gaudenter
519 2109 677 2172 susceptus
695 2107 751 2167 est,
764 2097 861 2171 pridie
873 2099 1017 2156 kalendas
1030 2099 1157 2172 augusti.
1186 2099 1318 2156 Tantam
1332 2103 1418 2158 enim

217 2202 248 2238 το
261 2187 403 2260 tamque*
422 2187 626 2245 delectabilem
650 2186 739 2259 longe
763 2186 881 2259 lateque
903 2195 995 2242 totam
1016 2189 1095 2242 aen's
1113 2187 1293 2260 temperiem
1313 2191 1420 2245 odoris

261 2274 390 2330 reddidit
415 2273 583 2348 fragrantia,
605 2283 636 2330 vt
654 2273 851 2330 aduenientes
870 2272 923 2329 ac⁶
941 2273 1047 2330 remoti
1073 2291 1107 2331 se
1129 2274 1226 2330 subito
1247 2275 1422 2333 faterentur

260 2361 399 2418 renouari
408 2363 574 2431 dulcedine,
584 2369 614 2418 et
624 2361 718 2434 egroti
728 2361 838 2433 quique
851 2360 958 2416 sanari.
1024 2348 1127 2419 Terra
1135 2361 1247 2435 quippe
1257 2365 1421 2435 sepulture

260 2449 340 2505 illius
355 2467 423 2506 cum
439 2450 490 2523 pia
511 2451 704 2507 veneratione
722 2448 931 2521 languentibus
949 2448 1064 2518 tradita,
1080 2449 1179 2506 multis
1198 2451 1422 2510 medicinaliter

261 2536 395 2593 noscitur
407 2538 566 2609 profuisse.
604 2537 728 2594 Gustata
741 2536 853 2609 quippe
865 2553 920 2609 pro
930 2536 1062 2609 quolibet
1075 2537 1277 2595 inualitudinis
1289 2555 1422 2610 genere,

218 2637 247 2689 σε
261 2631 323 2680 tam
348 2625 486 2682 homines
511 2641 600 2698 quam
622 2626 754 2681 iumenta
774 2624 984 2680 conualescere
1004 2623 1138 2682 faciebat.
1210 2613 1292 2684 Cum
1310 2639 1421 2686 autem

262 2712 427 2768 secundum
438 2713 627 2786 prophetiam
637 2712 693 2769 viri
703 2711 751 2770 dei
761 2711 871 2785 Anglia
881 2711 924 2783 [a]
933 2712 1067 2769 barbaris
1079 2712 1313 2786 irrumpentibus
1321 2731 1424 2773 vexa-

263 2807 353 2870 retur,
373 2799 576 2874 Alfredusque
597 2817 660 2870 rex,
682 2809 713 2856 vt
737 2798 882 2872 ingestis
901 2799 967 2856 eius
987 2799 1095 2856 clarius
1120 2800 1286 2868 elucescit¹,
1307 2819 1423 2876 vagus,

262 2887 405 2960 profligus
422 2897 452 2944 et
469 2887 642 2944 humiliatus
659 2887 754 2948 factus
772 2887 893 2956 fuisset3
913 2887 1009 2943 noctis
1021 2887 1230 2960 profunditate,
1243 2905 1310 2945 cum
1332 2890 1423 2948 idem

263 2992 317 3031 rex
331 2975 419 3032 totius
432 2993 545 3048 expers
558 2976 665 3049 quietis
678 2975 756 3032 curis
771 2976 933 3032 vallaretur
949 2975 1148 3044 mordacibus,
1160 2975 1243 3032 affuit
1255 2975 1425 3036 confessor
1500 2999 1501 3020 ¹

218 3077 250 3125 30
263 3061 311 3120 dei
332 3073 452 3120 sanctus
475 3063 598 3134 Neotus,
617 3064 717 3120 vultus
738 3073 768 3120 et
790 3062 909 3118 habitus
930 3061 1026 3119 nitore
1046 3062 1144 3119 locum
1164 3064 1318 3120 irradians.
1365 3067 1424 3124 Ille

263 3168 336 3207 vero
360 3150 468 3208 erectis
491 3150 521 3207 in
546 3160 683 3208 sanctum
705 3151 869 3207 luminibus
888 3159 919 3207 et
942 3149 1135 3207 immobiliter
1158 3151 1275 3220 defixis,
1294 3161 1325 3207 vt
1349 3157 1425 3228 quis

263 3247 344 3294 esset
368 3238 479 3295 certius
503 3249 696 3312 agnoscerem
730 3238 839 3296 talibus
863 3239 901 3294 ab
926 3255 963 3294 eo
984 3237 1162 3295 suscitatusl
1185 3248 1231 3295 est
1254 3239 1424 3312 alloquiis:

264 3325 369 3395 ‘Quid
391 3343 454 3396 rex,
476 3325 579 3399 inquit,
601 3336 644 3383 tot
664 3325 844 3398 deprimeris
868 3325 1033 3398 angustiis?
1058 3325 1114 3382 ⁸an
1133 3325 1253 3400 ignoras
1271 3329 1423 3400 quoniam

263 3412 458 3484 cogitationes
472 3413 625 3470 hominurn
640 3415 736 3471 uane'
748 3423 825 3482 sunt,
838 3423 867 3472 et
880 3413 931 3487 qui
944 3423 1066 3488 sperant
1079 3413 1110 3470 in
1124 3414 1245 3470 domino
1258 3417 1425 3476 mutabunt

219 3515 250 3564 35
265 3499 476 3571 fortitudinem,
486 3501 830 3575 assument¹⁰pennasvt
838 3501 945 3574 aquile,
955 3501 1121 3558 volabunt¹¹
1132 3511 1163 3558 et
1173 3520 1231 3558 non
1243 3503 1425 3564 deficienti*

263 3587 325 3644 Cur
342 3605 435 3644 vnum
455 3589 562 3646 oblitus
581 3590 795 3658 necessarium,
807 3598 849 3645 tot
864 3597 894 3645 et
911 3589 1001 3646 tantis
1019 3589 1292 3661 perturbationibus
1311 3606 1425 3653 mente

263 3675 443 3748 exagitaris?
481 3675 614 3734 Securus
641 3687 716 3747 esto,
743 3677 812 3750 quia
840 3677 865 3734 si
890 3677 969 3733 bona
996 3677 1093 3750 egisti,
1117 3678 1195 3734 bona
1219 3679 1424 3751 proculdubio

262 3763 409 3836 recipies:
430 3763 455 3820 si
468 3781 539 3821 vero
553 3765 639 3833 mala,
652 3765 711 3820 iarn
725 3764 866 3821 iudicium
879 3763 1043 3837 pertulisti:
1063 3781 1162 3837 neque
1181 3765 1261 3822 enim
1274 3766 1424 3827 iudicabit

264 3852 403 3908 dominus
416 3851 462 3909 bis
481 3852 511 3908 in
530 3851 670 3926 idipsum.
708 3852 791 3908 Pone
809 3851 900 3924 igitur
917 3853 1039 3908 modum
1058 3851 1189 3922 tristicie,
1202 3869 1236 3910 ac
1255 3854 1293 3910 de
1312 3865 1423 3916 cetero

218 3961 251 4012 40
264 3939 434 3996 desiderata
446 3941 601 4014 perfruere
614 3939 801 3996 iocunditate.
838 3939 887 3995 Ad
901 3939 957 3996 hoc
970 3939 1052 3996 enim
1065 3957 1115 3996 me
1128 3939 1209 3996 misit
1221 3940 1366 4000 dominus
1381 3947 1423 4004 de

263 4043 396 4101 superna
414 4037 587 4085 sanctorum
606 4026 715 4102 quiete,
731 4035 763 4085 vt
781 4036 831 4084 tua
848 4026 908 4084 iam
925 4027 1102 4084 terminetur
1119 4027 1249 4099 miseria,
1266 4029 1292 4086 si
1311 4039 1421 4091 tamen

298 4245 307 4274 ¹
325 4245 354 4294 E.
366 4245 542 4294 misericordie
555 4244 604 4293 dei.
678 4243 688 4273 ¹
705 4243 756 4296 Vit.
769 4243 821 4307 qui.
897 4242 907 4273 ¹
923 4243 952 4292 T.
963 4243 1074 4292 futurum
1086 4243 1140 4294 tibi.
1213 4242 1224 4272 ⁴
1240 4243 1270 4294 E.
1282 4253 1422 4307 tauquam.

265 4309 276 4341 ⁵
293 4311 326 4360 al.
338 4311 423 4362 etiam.
528 4311 539 4341 ⁸
555 4309 584 4362 E.
597 4310 724 4362 elucessit.
828 4307 839 4337 ¹
857 4309 886 4359 E.
897 4309 926 4359 T.
938 4309 1087 4362 acissitatus.
1189 4309 1229 4340 Η
1244 4325 1295 4360 om.
1309 4310 1336 4360 in
1349 4311 1423 4365 Boll.

265 4376 276 4408 ⁸
293 4375 323 4425 E.
335 4383 403 4426 nate.
503 4375 522 4406 ¹·
540 4375 570 4427 E.
581 4383 720 4427 assumant.
802 4375 820 4405 ¹¹
840 4375 870 4428 E.
882 4375 1022 4427 volabunti.
