3052 4896
99 333 243 386 resnou.
258 333 328 400 un]
449 316 525 409 Di
548 313 609 406 ffi-
634 314 910 404 fflissmblssw.
1178 325 1249 416 565

98 517 228 586 surrexit,
239 528 323 590 atque
335 518 436 575 exinde
450 535 514 574 curn
530 518 596 588 suis,
610 519 726 574 domum
744 519 934 576 remeantibus
946 527 975 576 et
987 517 1144 589 graciarum
1157 520 1210 576 deo
1222 528 1251 576 et

100 610 200 657 sancto
230 601 404 658 Winwaloeo
433 602 577 658 accionem
607 601 636 657 in
666 620 816 658 commune
841 602 1034 668 referentibus,
1058 620 1144 658 sanus
1167 613 1251 675 atque

101 683 251 740 incolumis
271 685 414 755 equitauit.
444 689 455 752 ΙΙ
485 686 598 740 Dehinc
619 685 814 740 miraculorum
833 686 961 754 cumulis,
981 684 1171 741 eruditionum
1192 704 1251 743 ser·

99 768 240 836 monibus,
254 786 363 823 morum
375 768 516 839 exemplis,
529 786 579 839 per
585 769 745 824 uniuersam
754 778 827 824 terre
839 769 975 824 armorice
987 769 1128 838 regionem
1142 770 1251 826 celebre

98 851 206 906 iactum
228 861 271 906 est
291 869 394 906 nornen
414 852 484 907 eius.
521 854 560 906 Et
580 869 647 907 ecce
667 868 725 906 non
747 853 828 921 longe
850 850 962 922 quidem
982 863 1046 922 post
1065 854 1117 908 has
1136 862 1164 908 et
1180 854 1279 927 aliasg

99 934 195 1004 plures
217 934 414 989 miraculorum
435 933 627 990 multitudines
647 935 771 1005 quadam
791 945 873 990 nocte
898 936 966 989 dum
991 953 1021 991 se
1042 946 1106 1006 post
1127 937 1251 992 laborem

99 1027 268 1073 consuetum
287 1019 468 1088 completorio
489 1019 599 1089 expleto
624 1017 735 1073 modice
760 1018 846 1090 quieti
866 1018 999 1086 dedisset,
1020 1021 1072 1074 hec
1090 1017 1135 1074 ei¹
1159 1019 1251 1074 subito

101 1099 207 1156 inhesit
222 1101 360 1169 cogitacio
379 1112 409 1155 ut
428 1112 527 1156 sancta
543 1101 605 1156 loca
620 1102 649 1154 in
667 1101 768 1172 quibus
787 1110 901 1156 sanctus
921 1101 1056 1156 Patricius
1075 1101 1251 1157 habitaberat

100 1181 242 1252 inuiseret‚
266 1193 294 1239 et
318 1185 378 1240 eius
402 1184 551 1255 disciplina
574 1194 659 1255 atque
683 1184 818 1255 exemplis
842 1183 922 1254 quasi
946 1184 1098 1255 discipulus
1116 1185 1253 1239 frueretur

100 1266 229 1337 egregiis.
266 1267 323 1322 Hic
343 1284 401 1321 non
419 1276 484 1322 ante
503 1268 622 1322 multum
641 1266 774 1337 temporis
793 1266 873 1338 quasi
892 1267 1011 1322 candela
1030 1266 1203 1323 lucidissima
1221 1265 1250 1321 in
1266 1291 1296 1328 10

100 1351 159 1406 alto
183 1351 319 1406 collocem
342 1350 519 1421 amplissima
542 1367 696 1420 aspergens
724 1350 837 1417 lumina,
861 1361 960 1405 cuntas
992 1350 1131 1406 Hibemie
1161 1350 1250 1406 insule

100 1433 306 1489 illuminauerat
327 1433 470 1503 eeclesias,
491 1442 521 1488 et
540 1451 597 1488 non
617 1434 707 1489 solum
726 1433 797 1500 illas,
818 1442 861 1489 set
881 1433 972 1488 eciam
989 1433 1078 1488 tocius
1096 1433 1194 1488 mundi
1212 1433 1250 1490 ad

100 1533 172 1587 quas
189 1517 267 1572 lama
285 1517 345 1571 eius
362 1516 548 1588 meritumque
567 1516 666 1572 deferri
686 1517 849 1586 potuissent.
887 1518 950 1572 Hec
968 1534 1002 1572 eo
1021 1518 1181 1586 cogitante:
1200 1534 1249 1588 ap·

99 1599 192 1670 paruit
211 1599 236 1655 ei
255 1598 355 1654 eadem
374 1609 457 1655 nocte
475 1600 504 1654 in
521 1600 647 1670 sompnis
667 1600 709 1654 vir
727 1598 971 1670 splendidissimus
991 1600 1088 1655 habitu
1107 1601 1249 1670 angelicus

99 1693 129 1738 et
147 1683 227 1753 quasi
242 1683 272 1737 in
288 1681 382 1753 capite
395 1693 555 1748 coronatus,
572 1693 600 1738 et
614 1683 684 1737 dixit
699 1681 745 1737 ei:
765 1681 885 1738 ‘Sancte
903 1681 949 1736 dei
968 1683 1156 1738 Winwaloee.’
1192 1682 1248 1751 Qui
1265 1710 1294 1762 1⁵

98 1766 264 1836 respondit:
292 1765 421 1820 ‘Assum
465 1767 535 1836 Quis
554 1783 585 1822 es
605 1775 644 1832 tu,
665 1764 815 1820 dominei’
858 1767 898 1820 At
917 1766 981 1820 ille:
1009 1765 1050 1820 ‘F
1052 1776 1132 1832 rater,
1152 1765 1248 1838 inquit,

99 1849 254 1916 carissime,
275 1865 331 1903 non
353 1848 389 1904 sit
410 1847 461 1904 tibi
482 1866 549 1904 cura
570 1858 651 1903 tanta
671 1857 785 1902 enatare
806 1846 903 1914 maria,
922 1856 1001 1902 tanta
1025 1857 1161 1903 terrarum
1186 1867 1249 1920 per-

98 1933 244 1988 ambulare
263 1932 366 2002 spacia
416 1933 480 2002 Ego
504 1949 567 1988 sum
590 1931 726 1987 Patricius
744 1947 828 2002 quem
847 1930 926 2000 cupis
950 1930 1037 1999 adire,
1055 1931 1113 1986 noli
1138 1933 1249 2000 vexari;

99 2015 196 2070 omnia
215 2033 271 2087 que
291 2015 436 2070 desideras
460 2033 544 2070 nosse
570 2015 600 2070 in
622 2017 683 2070 solo
705 2015 804 2080 alieno,
829 2014 932 2084 poteris
955 2015 1034 2069 etin
1058 2024 1107 2069 tuo
1130 2032 1249 2071 manens

98 2115 152 2170 pro
173 2109 249 2154 certo
272 2097 351 2153 seire.
395 2099 446 2153 Set
468 2115 522 2154 nec
545 2099 591 2154 hic
613 2099 732 2152 multum
754 2095 910 2152 habitabis!
956 2098 1019 2152 Hec
1039 2107 1067 2152 et
1089 2097 1144 2152 alia
1168 2100 1249 2168 plura
1263 2122 1295 2160 20

98 2191 249 2254 postquam
278 2183 386 2237 loeutus
412 2191 465 2249 est,
490 2180 546 2236 cito
569 2182 607 2236 ab
630 2181 757 2236 eiusdem
785 2179 874 2235 oeulis
898 2180 1021 2235 euanuit.
1067 2182 1107 2236 At
1132 2180 1178 2237 ille
1205 2181 1248 2237 in·

98 2263 187 2336 piger,
205 2264 301 2319 omnia
321 2264 455 2333 magistro
473 2281 508 2320 ex
529 2264 627 2320 ordine
647 2262 830 2332 cogitationis
851 2279 902 2318 sue
922 2272 950 2317 et
971 2262 1086 2319 visionis
1103 2265 1248 2332 relaturus,

98 2347 229 2403 cellulam
241 2347 288 2402 vbi
301 2347 360 2418 ipse
373 2347 449 2402 solus
461 2347 627 2414 dormiebat,
639 2348 752 2416 legebat
765 2357 850 2417 atque
868 2345 1066 2416 meditabatur,
1079 2365 1163 2402 mane
1175 2349 1248 2404 facto

98 2431 242 2486 humiliter
253 2430 374 2485 adorans
387 2429 465 2486 adiit.
501 2433 541 2486 At
559 2447 664 2485 senex:
685 2429 807 2484 ‘Diuina
825 2430 877 2484 hec
894 2429 1033 2485 reuelacio
1048 2440 1100 2497 est,
1113 2448 1170 2486 non
1183 2433 1248 2488 ficta

97 2513 260 2584 temptacio.
298 2512 374 2580 Noli,
387 2513 435 2580 ait,
448 2513 555 2582 timere,
572 2522 615 2569 set
631 2512 704 2567 vade
722 2513 810 2567 nichil
829 2512 877 2566 diu
895 2521 1059 2580 retractans,
1072 2513 1157 2584 imple
1176 2514 1247 2570 diui·
1261 2537 1293 2588 ²5

97 2614 169 2653 num
193 2596 358 2652 mandatum
382 2597 457 2667 quod
481 2596 531 2652 tibi
556 2613 606 2668 per
629 2605 759 2650 sanctum
782 2595 872 2650 virum
892 2595 1089 2652 transmissum
1112 2598 1172 2652 est.¹
1209 2599 1249 2654 Et

98 2681 220 2736 multum
240 2679 357 2746 deflens,
376 2678 481 2734 adiecit
499 2679 613 2735 dicens:
645 2678 727 2734 ‘Tibi
747 2678 822 2733 dabo
843 2695 914 2748 quos
933 2679 1019 2733 michi
1039 2680 1157 2735 dederat
1177 2682 1248 2737 deus

97 2762 231 2818 undecim
243 2761 406 2832 discipulos,
419 2762 493 2817 viros
505 2771 570 2832 post
582 2773 612 2817 te
624 2761 778 2816 secundum
795 2777 843 2816 cor
856 2779 958 2830 meum,
972 2762 1001 2816 in
1014 2763 1090 2817 omni
1104 2779 1188 2833 opere
1202 2765 1248 2820 dei

97 2845 333 2920 promptissimos
372 2845 451 2899 Felix
471 2845 552 2900 tellus
573 2843 717 2915 adquam
743 2843 971 2913 splendidissime
992 2845 1133 2900 mittimini
1158 2847 1247 2916 stelle,

97 2928 253 2986 maximam
271 2926 380 2997 singule
399 2927 568 2983 sufficientes
587 2925 681 2996 magni
700 2927 798 2981 mundi
818 2926 974 2982 illuminare
992 2937 1110 2997 partem.
1147 2929 1246 2984 Infelix
1261 2951 1292 3001 30

98 3022 196 3068 autem
216 3021 282 3066 ante
302 3010 375 3066 alias
396 3011 445 3066 illa
463 3028 518 3082 que
538 3021 688 3082 postquam
708 3009 840 3064 enutriuit
862 3026 922 3077 uos,
941 3009 1021 3081 quasi
1040 3020 1131 3066 mater
1148 3012 1248 3068 orbata

98 3095 237 3166 spoliatur
254 3093 350 3149 vobis!
385 3096 425 3149 At
446 3109 672 3164 unumquemque
693 3109 728 3147 ex
746 3091 876 3147 vndecim
896 3103 960 3162 post
977 3102 1105 3148 sanctum
1124 3094 1246 3150 Winwa·

98 3181 201 3246 locum,
214 3177 325 3232 insertis
338 3177 376 3231 ad
387 3176 508 3231 inuicem
520 3175 651 3244 brachiis,
665 3176 854 3245 complexans,
867 3173 952 3229 dato²
963 3175 1155 3231 amantissime
1167 3179 1247 3248 pacis

98 3279 165 3319 cum
183 3260 304 3316 lacrimis
321 3261 435 3315 osculo:
456 3256 613 3315 ‘Gaudeo’
631 3267 736 3325 tamen,
755 3258 851 3328 inquit,
870 3270 984 3328 propter
999 3257 1090 3329 quos⁴
1107 3260 1177 3316 deus
1195 3279 1247 3318 vos

98 3345 192 3414 elegit,
203 3344 268 3399 licet
280 3343 364 3398 michi
375 3343 468 3398 subito
478 3342 597 3398 carnalis
608 3343 683 3397 hanc
694 3341 808 3412 quidem
817 3341 974 3396 mesticiam
982 3353 1113 3412 suggerat
1121 3344 1246 3400 affectus.
1260 3365 1291 3416 35

98 3431 209 3496 Valete,
221 3428 321 3494 valete,
335 3437 363 3481 et
378 3443 478 3497 pacem
494 3426 613 3480 habete!
629 3429 639 3492 ΙΙ
656 3426 772 3480 Postera
787 3434 882 3479 autem
898 3425 944 3479 die
960 3434 1026 3495 post
1044 3428 1129 3481 talem
1145 3428 1247 3484 allocu-

99 3512 218 3578 cionem,
237 3527 366 3578 egressus
386 3518 429 3564 est
451 3509 642 3564 Winwaloeus
661 3524 726 3562 cum
745 3507 876 3562 undecim
896 3508 1028 3563 tratribus
1052 3508 1106 3565 sibi
1128 3511 1248 3582 traditis,

99 3596 213 3665 ignarus
231 3610 316 3664 quam
335 3592 364 3646 in
384 3601 493 3662 partem
511 3608 543 3646 se
561 3599 697 3658 verteret;
723 3599 766 3646 set
785 3590 829 3645 dei
849 3592 937 3646 fretus
958 3591 1061 3648 auxilio
1080 3602 1166 3650 cunta
1186 3595 1247 3650 eius

98 3676 281 3748 disposicioni
294 3675 472 3730 committens
484 3684 512 3730 et
523 3673 699 3744 gubernatui,
713 3673 765 3728 iter
781 3675 893 3728 beatum
911 3675 1010 3730 beatus
1029 3676 1156 3745 perrexit.
1193 3679 1248 3732 Per

98 3777 189 3834 pagos
213 3758 397 3815 domnonicos
420 3758 458 3813 ad
482 3757 658 3812 occidentem
687 3756 826 3811 transiens
849 3773 926 3825 ergo,
950 3767 979 3813 et
1004 3759 1246 3828 Comugilensium
1258 3782 1293 3835 40

98 3844 223 3901 confinia
234 3842 417 3913 perlustrans,
430 3841 545 3897 taudem
558 3840 586 3894 in
600 3839 691 3895 insula
709 3856 763 3910 que
781 3839 974 3910 Theopepigia
986 3850 1169 3911 nuncupatur,
1182 3859 1246 3896 cum

99 3926 269 3999 supradictis
279 3924 429 3980 comitibus
437 3940 570 3995 prospere
579 3923 737 3994 hospitatus
746 3932 797 3978 est.
822 3921 1246 3994 Quillocusestasper[r]imus,

97 4013 137 4067 ad
158 4026 272 4066 omnem
292 4019 407 4064 ventum
429 4017 582 4078 porrectus,
603 4005 727 4060 maribus
748 4005 869 4077 vndique
887 4023 960 4076 pene
978 4017 1005 4062 et
1024 4007 1113 4062 acutis
1132 4007 1247 4077 rupibus

98 4093 267 4166 precinctus„
281 4093 359 4147 nulla
377 4093 501 4146 humana
518 4089 697 4146 habitacione
716 4089 826 4158 dignus.
863 4086 1015 4145 'Attamen
1033 4090 1080 4146 vbi
1098 4090 1136 4144 ad
1154 4089 1248 4145 locum

98 4186 216 4234 ventum
228 4185 288 4231 erat
301 4175 358 4230 iam
371 4173 484 4240 dictum,
497 4173 593 4230 statim
612 4171 713 4242 singuli
727 4173 806 4242 quasi
820 4189 888 4243 apes
902 4172 940 4229 ad
953 4172 1076 4229 aluearia
1092 4171 1247 4230 voluntarie
1260 4197 1291 4248 45

131 4311 300 4366 ¹Ms.entm.
363 4310 522 4362 ’Mhdate
590 4309 673 4361 ⁸Ms.
685 4308 786 4374 gaudio.
852 4309 898 4360 ¹r.
928 4310 995 4363 nodi
1055 4309 1211 4364 5Μ8.οοῑι.

378 4377 855 4429 ⁸Tnetw0nextsentencesaretrans
934 4411 940 4425 .
