3054 4904
478 323 553 418 bc
576 323 740 414 &mtto
766 331 922 432 gutna.
1228 332 1276 422 89

124 535 254 584 mortem
273 527 311 583 ad
329 527 543 584 ambulandum
562 527 690 585 reddidit
708 528 862 610 ineptum..
890 527 1038 585 Monacho
1056 528 1185 587 famulos
1203 547 1277 586 suos

124 615 156 669 in
170 615 238 672 eius
248 614 325 671 festo
338 615 481 688 operibus
496 615 655 673 seruilibus
671 615 809 673 insistere
826 616 944 690 cogenti
962 626 1126 690 sanctoque
1142 618 1276 674 conuicia

124 701 267 759 inferenti
286 705 431 776 apparuit,
449 704 570 760 dicens:
598 703 670 772 ‘Tu‚
683 705 817 776 nunquid
835 721 884 760 me
905 704 1018 761 nostil'
1055 704 1110 762 ille
1126 723 1200 763 vero
1217 714 1277 762 tre·

125 807 214 846 mens
233 791 406 863 respondit:
435 791 536 848 ‘Nom’
574 791 654 864 ‘Ego
678 809 763 860 sum,¹
780 791 884 864 inquit,
909 791 985 862 Yuo,
1010 810 1100 866 quem
1125 810 1225 866 nuper
1247 803 1277 850 te

124 881 244 935 nescire
256 879 358 935 dixisti
371 887 401 935 et
413 879 524 935 festum
539 896 641 937 meum
656 880 755 936 colere
766 879 902 936 volentes
920 879 1097 952 prohibuisti
1108 885 1131 938 :²
1149 890 1179 938 et
1195 881 1277 938 dedit
1290 899 1305 952 5

124 967 154 1021 ei
174 983 291 1035 zonam,
307 967 427 1024 dicens:
457 967 536 1023 ‘ista
555 985 630 1024 zona
646 967 833 1041 precingere,
847 976 877 1024 et
893 970 954 1024 mei
966 968 1106 1024 noticiam
1119 967 1175 1025 hoc
1190 970 1277 1042 signo

124 1054 234 1109 amodo
247 1055 351 1111 tene’:
371 1063 401 1112 et
413 1056 595 1128 precingens
611 1071 690 1125 eum,
703 1055 783 1112 abiit.
822 1055 1068 1129 Expergefactus,
1081 1057 1166 1129 quasi
1180 1056 1278 1113 ferreo

123 1141 245 1197 viuculo
265 1141 416 1198 artissime
441 1159 476 1198 se
500 1143 737 1216 circumligatum
759 1143 867 1200 sentit:
898 1143 1028 1199 Interius
1046 1143 1180 1200 vitalium
1205 1143 1277 1200 inci-

124 1229 231 1306 sione¹
244 1231 445 1302 torquebatur,
453 1230 595 1300 exterius,
605 1248 697 1287 carne
709 1231 740 1286 in
753 1230 945 1303 putredinem
955 1231 1115 1301 defluente,
1123 1249 1277 1288 venenosa

123 1316 195 1371 tabe
209 1325 239 1372 et
250 1315 403 1374 inflatione
414 1319 588 1374 vexabatur.
624 1318 771 1389 Tandem,
784 1320 863 1391 quod
881 1319 912 1374 in
929 1329 1065 1374 sanctum
1078 1319 1277 1389 commiserat,
1292 1336 1324 1372 ro

125 1404 371 1460 lachrimabiliter
386 1406 552 1477 confitetur,
565 1407 759 1479 tumbamque
776 1407 842 1463 eius
857 1407 964 1464 deuote
976 1407 1102 1463 visitans
1120 1407 1276 1464 sanitatem

124 1492 298 1564 reportauit.
372 1481 456 1552 Cum
472 1494 639 1551 monachus
653 1494 783 1568 quidam,
796 1511 933 1551 normam
945 1495 1121 1564 abhorrens,
1134 1495 1278 1566 aufugere

115 1568 251 1636 'conatus
264 1590 355 1651 esset,
365 1582 489 1655 spiritus
503 1600 632 1655 nequam
645 1600 715 1639 eum
729 1581 855 1652 inuasit;
875 1591 904 1638 et
917 1582 995 1638 circa
1006 1583 1135 1640 mediam
1149 1593 1278 1653 noctem,

123 1685 195 1724 cum
214 1668 272 1724 iam
291 1669 399 1726 melius
418 1670 530 1727 habere
548 1670 688 1743 cepisset,
707 1671 784 1726 duos
802 1671 839 1726 ad
856 1687 891 1726 ee
907 1679 1001 1727 tetros
1019 1670 1158 1727 homines
1174 1671 1277 1728 venire

124 1755 295 1828 conspexit,
308 1756 359 1828 qui
376 1756 477 1814 dicunt
490 1759 535 1815 ei:
556 1757 648 1826 ‘Quia
661 1759 699 1814 de
718 1757 783 1815 loco
801 1757 858 1814 isto
877 1756 980 1830 fugere
992 1757 1120 1826 voluisti,
1132 1767 1162 1814 te
1177 1757 1278 1814 nobis·
1293 1780 1322 1830 15

125 1859 196 1898 cum
221 1845 260 1900 ad
280 1843 390 1900 inferni
411 1845 541 1902 claustra
561 1847 714 1918 rapientes
739 1846 940 1902 deducemus?
984 1844 1052 1915 Quo
1075 1844 1184 1916 audito,
1207 1863 1278 1902 con·

126 1931 204 1987 citus
223 1933 326 2005 surgit,
339 1941 369 1989 et
388 1932 591 2006 Kyrieleyson
609 1933 767 1990 clamando
784 1935 822 1989 ad
841 1932 1055 1990 monasterium
1072 1933 1211 2006 confugit.
1243 1934 1277 1990 In

125 2019 250 2074 domum
272 2019 459 2076 infirmorum
481 2021 653 2078 deducitur:
682 2029 712 2078 et
733 2030 896 2094 apparente
919 2020 975 2076 sibi
997 2029 1102 2076 sancto
1120 2019 1226 2077 Yuone
1248 2030 1278 2078 et

126 2107 249 2177 signum
262 2109 360 2163 crucis
372 2125 465 2180 super
477 2108 577 2180 ipsum
591 2108 725 2179 faciente,
738 2127 832 2166 sanus
844 2108 969 2164 effectus
982 2117 1037 2164 est.
1112 2096 1164 2164 Ex
1177 2109 1279 2164 tumba

124 2193 223 2250 sancti
247 2192 361 2251 Yuonis
386 2211 462 2268 aqua
487 2196 656 2268 perspicua,
677 2197 744 2252 visu
769 2195 961 2266 delectabilis,
983 2203 1072 2268 gustu
1097 2196 1206 2265 suauis,
1228 2214 1277 2252 su·
1293 2220 1324 2255 πο

125 2280 280 2338 mentibus
298 2283 427 2339 salubris
446 2283 612 2340 scaturiens
634 2286 774 2357 erumpit,
793 2283 893 2341 surdis
915 2283 1056 2354 auditum,
1075 2284 1153 2340 cecis
1171 2282 1278 2354 visum,

124 2369 295 2442 desperatis
315 2379 345 2427 et
367 2371 398 2428 in
422 2372 567 2428 extremis
588 2373 746 2445 agentibus
771 2372 930 2429 conferens
955 2372 1121 2428 sanitatem.
1196 2359 1279 2428 Puer

124 2456 258 2530 quidam,
276 2475 295 2514 a
312 2459 443 2516 dominis
461 2461 524 2516 suis
544 2460 758 2516 mercatoribus
771 2460 867 2516 vicem
887 2459 1012 2533 coquine
1031 2461 1088 2516 sibi
1106 2460 1279 2531 deputatam

124 2545 260 2602 officiose
278 2547 455 2620 adimplens,
474 2565 582 2621 aquam
601 2549 639 2604 de
653 2549 755 2604 tumba
772 2547 866 2604 sancti
883 2547 1034 2615 hauriens„
1053 2547 1111 2604 olle
1127 2547 1279 2620 imposuit,

124 2641 155 2688 et
168 2632 271 2705 ignem
283 2636 439 2708 copiosum
452 2636 605 2692 accendit:
626 2653 732 2692 carnes
745 2645 846 2692 tamen
863 2635 1119 2691 discumbentibus
1132 2635 1278 2708 apposite,
1294 2660 1324 2710 ²5

124 2722 220 2777 crude
239 2730 269 2777 et
290 2723 435 2794 sanguine
454 2723 544 2796 plene
563 2734 633 2780 sunt
650 2732 778 2795 reperte.
816 2723 881 2779 Res
896 2731 928 2778 vt
948 2731 1011 2778 erat
1030 2722 1179 2795 aperitur:
1202 2741 1279 2795 aqua

125 2809 156 2864 in
170 2808 230 2864 olla
242 2809 365 2865 omnino
378 2810 485 2883 frigida
496 2810 655 2868 inuenitur.
726 2799 821 2882 Aqua
832 2810 913 2866 enim
929 2810 1031 2867 tumbe
1049 2809 1142 2866 sancti
1157 2809 1279 2882 Yuonis,

125 2912 252 2968 semper
269 2895 299 2952 in
321 2897 428 2954 eodem
448 2907 526 2954 statu
547 2915 739 2970 permanens,
759 2897 855 2954 nescit
876 2915 1023 2968 occasum,
1043 2915 1099 2954 nee
1120 2897 1278 2970 aliquando

124 2981 405 3057 patitur'eclipsim.
443 2985 480 3041 Et
509 2987 534 3042 si
563 2986 743 3059 quandoque
771 2985 801 3041 in
831 2985 994 3058 quantitate
1025 3001 1134 3057 magna
1162 2984 1278 3042 auidius

125 3081 272 3140 sumatur,
297 3074 427 3130 sumenti
452 3090 605 3146 nunquam
634 3073 746 3129 malum
775 3074 897 3143 inducit,
923 3091 979 3129 nec
1008 3071 1138 3129 bibentis
1161 3081 1278 3128 vtemm
1292 3091 1326 3140 30

124 3157 220 3216 inflat.
295 3147 411 3216 Mulier
432 3162 561 3234 quedam
582 3162 613 3218 in
636 3169 751 3217 tantum
772 3160 828 3216 iuri
847 3160 956 3217 diaboli
978 3159 1032 3217 fuit
1054 3159 1229 3231 mancipata,
1247 3170 1279 3216 vt

124 3248 208 3304 idem
229 3246 379 3320 malignus
398 3265 466 3304 cum
485 3266 521 3305 ea
539 3251 569 3304 in
589 3249 690 3321 specie
708 3248 820 3321 leporis
839 3248 1081 3320 frequentissime
1100 3246 1219 3318 coiret¹,
1238 3249 1279 3303 ita

123 3335 208 3407 quod
228 3333 259 3389 in
278 3334 344 3407 ipso
363 3335 442 3392 coitu
460 3335 564 3392 infelix
585 3335 643 3406 illa,
663 3336 743 3408 quod
765 3335 865 3394 dictu³
883 3337 1067 3392 horrendum
1089 3344 1144 3403 est,
1164 3335 1278 3392 fluxum

124 3421 252 3479 seminis
264 3439 322 3495 per
333 3441 376 3490 os,
389 3424 427 3480 ad
441 3424 585 3480 maiorem
599 3423 644 3480 sui
657 3423 872 3494 confusionem,
885 3433 1047 3480 euomeret.
1074 3422 1220 3480 Confessa
1232 3432 1278 3478 est

124 3510 250 3566 tandem
263 3527 331 3566 curn
343 3512 495 3568 lachrimis
508 3511 600 3583 priori
613 3511 669 3567 loci
688 3511 795 3567 delicta
807 3528 878 3568 sua:
899 3519 928 3566 et
941 3511 978 3566 ab
992 3528 1029 3566 eo
1041 3511 1197 3567 vasculum
1210 3527 1278 3566 cum
1292 3531 1323 3582 35

123 3615 205 3672 aqua
223 3599 318 3654 sancti
331 3599 447 3655 Yuonis
463 3601 622 3672 accipiens,
635 3609 665 3655 et
684 3600 722 3655 de
739 3599 787 3655 dei
803 3598 1005 3655 misericordia
1021 3599 1185 3668 confidens,
1198 3599 1278 3654 videt

124 3689 289 3744 demonem
308 3687 339 3742 in
362 3686 448 3743 solita
469 3687 565 3743 forma
588 3695 745 3757 astantem,
768 3687 822 3742 sed
848 3686 1019 3742 nullatenus
1043 3687 1186 3742 accedere
1211 3702 1278 3757 pre-

123 3783 308 3843 sumentem,
332 3776 566 3831 comminantem
594 3780 695 3832 tamen
722 3783 752 3831 et
777 3775 992 3848 increpantem,
1017 3775 1086 3847 quia
1115 3781 1217 3829 contra
1245 3789 1279 3828 se

125 3879 248 3919 murum
260 3879 390 3934 aqueum
409 3863 525 3936 en'gere
541 3863 695 3921 voluisset
732 3862 841 3919 Mulier
854 3881 935 3932 vero,
953 3863 991 3918 de
1006 3871 1153 3935 potestate
1169 3861 1279 3917 diaboli

123 3959 230 4022 erepta
249 3951 381 4023 nihilque
400 3950 582 4008 confusionis
604 3953 744 4022 preterite
766 3959 899 4023 experta,
919 3950 1077 4006 incolumis
1095 3957 1125 4004 et
1144 3949 1279 4020 gaudens
1290 3971 1324 4020 42

123 4039 164 4095 ad
177 4039 299 4112 propria
310 4041 464 4095 remeauit.
538 4027 655 4095 Mulier
667 4039 797 4112 quedam
810 4057 827 4094 a
845 4038 996 4094 natiuitate
1015 4052 1094 4104 ceca,
1107 4045 1278 4092 sanctorum

124 4144 182 4200 per
200 4127 342 4198 Angliam
365 4127 596 4199 circumquaque
617 4136 719 4183 terens
741 4126 853 4196 limina,
874 4143 892 4181 a
911 4127 998 4182 heato
1017 4123 1134 4180 Thoma
1158 4124 1278 4179 martire

124 4217 257 4286 rediens,
280 4217 375 4270 sancti
396 4215 512 4271 Yuonis
533 4218 661 4287 petitura
679 4214 821 4287 suffragia
839 4214 907 4271 ville
929 4213 1065 4269 eiusdem
1088 4227 1182 4284 prope
1205 4211 1280 4268 site⁴

215 4398 270 4448 ιΕ.
283 4399 432 4449 inscisione.
532 4397 587 4448 ¹T.
600 4399 707 4450 cohiret.
806 4395 861 4448 Ἐ
875 4398 977 4447 dictum.
1044 4395 1101 4445 ⁴13.
1112 4396 1189 4447 sithe.
