3008 4904
412 289 676 387 breonem
701 291 903 396 unauna.
1160 315 1230 388 229

66 493 217 568 seipsum
227 490 414 568 deponeret¹
426 503 457 552 et
469 494 500 551 in
513 494 663 568 ergastulo
677 496 874 564 contraderet,
882 491 993 552 femina
1005 494 1036 552 in
1049 493 1231 552 monasterio

67 584 211 640 detrusa.
249 582 402 640 Mediante
420 584 591 657 postremo²
607 583 770 656 apostolice
784 582 867 640 sedis
885 583 1004 656 pietate,
1016 583 1170 641 decretum
1182 591 1231 640 est

66 679 107 726 vt
127 669 240 727 indicta
252 670 417 744 penitentia
428 670 560 744 legitimo
573 670 610 728 de
623 680 723 727 cetero
735 679 890 726 uterentur
903 670 1059 727 connubio.
1097 670 1231 743 Impera·

69 767 147 815 tore
167 758 296 814 remissa
317 757 444 815 libenter
461 757 578 828 iniuria,
598 758 706 814 mulier
724 773 779 830 per
797 759 873 813 duos
893 757 1037 815 satellites
1053 757 1230 831 episcopum

68 845 240 918 prelatum,
246 845 480 902 sacerdotalibus
489 844 636 916 indutum,
642 853 710 918 post
720 845 844 902 missam
849 845 1028 902 celebratam
1038 844 1130 902 occidi
1138 844 1230 902 secit³.
1244 851 1258 901 5

328 1029 353 1086 *l
376 1015 431 1086 Da
449 1045 566 1085 sancto
584 1014 744 1087 Ouucruo
761 1043 954 1085 consessores
963 1027 983 1084 ⁴.

143 1129 441 1206 EmporeuLudouici
463 1131 590 1204 piissimi
608 1132 737 1204 Augusti
756 1141 821 1189 erat
837 1131 885 1188 vir
900 1132 1022 1204 quidam
1038 1131 1227 1202 venerabilis,

179 1237 218 1274 ex
240 1218 332 1275 nobili
351 1219 493 1292 prosapia
514 1219 698 1276 Francorum
719 1218 872 1288 oriundus,
891 1218 1012 1276 nomine
1033 1219 1172 1293 Bodgist,
1191 1220 1230 1276 de

68 1321 139 1378 quo
170 1306 251 1362 filius
276 1308 334 1362 deo
361 1316 503 1379 acceptus
530 1306 652 1365 nomine
683 1306 844 1379 Odulphus
873 1315 1048 1378 procreatus
1078 1315 1132 1363 est.
1170 1307 1230 1378 Qui

68 1394 253 1462 ablactatus,
266 1411 352 1452 sacre
364 1393 539 1451 eruditionis
554 1394 683 1450 traditur
694 1393 809 1464 studiis,
823 1401 853 1450 et
870 1394 982 1451 sanctis
995 1411 1030 1450 ac
1042 1395 1099 1451 deo
1112 1395 1229 1452 deuotis

68 1481 251 1538 doctoribus
263 1483 493 1538 commendatur
504 1481 696 1538 erudiendus.
733 1481 834 1538 Creuit
850 1480 932 1538 enim
948 1480 1095 1554 sapientia
1108 1491 1138 1539 et
1150 1492 1228 1539 etate
1245 1507 1275 1542 ro

68 1587 110 1626 ac
123 1569 282 1626 sanctitate
295 1587 372 1643 puer
382 1569 582 1628 venerabilis:
602 1577 632 1625 et
649 1568 761 1626 relictis
777 1567 954 1642 propinquis
970 1577 1001 1625 et
1017 1569 1131 1636 amicis,
1147 1571 1228 1643 apud

68 1655 251 1714 Traiectum
265 1656 388 1729 opidum
400 1675 419 1714 a
432 1665 538 1713 sancto
554 1656 698 1729 episcopo
718 1655 742 1712 F
743 1655 878 1712 rederico
896 1673 965 1712 cum
985 1672 1094 1730 magno
1114 1656 1228 1714 honore

70 1744 258 1816 suscipitur:
279 1753 397 1800 etcum
415 1744 482 1817 ipso
501 1744 552 1800 diu
570 1761 707 1814 manens,
725 1743 757 1800 in
775 1742 885 1816 vigiliis
903 1743 1040 1816 peruigil,
1059 1744 1089 1800 in
1109 1744 1227 1802 ieiuniis

70 1831 250 1904 potensin
275 1832 459 1888 orationibus
483 1832 615 1900 sedulus,
640 1831 671 1888 in
697 1848 782 1888 sacra
807 1831 934 1889 lectione
952 1831 1049 1889 extitit
1067 1832 1229 1889 studiosus.

70 1919 212 1992 Contigit
228 1919 311 1977 enim
329 1930 361 1977 vt
381 1920 534 1991 Frisones,
549 1919 606 1976 viri
625 1920 749 1986 seroces,
765 1920 804 1975 ad
822 1918 896 1976 tanti
914 1918 1025 1975 erroris
1043 1920 1226 1976 dementiam
1244 1943 1274 1994 ¹5

70 2007 266 2075 deuenirent,
278 2017 310 2064 vt
323 2007 419 2064 dictus
433 2007 594 2081 episcopus
607 2024 663 2064 nec
680 2024 736 2079 per
752 2023 787 2064 se
803 2025 859 2064 nec
877 2023 935 2079 per
948 2006 1173 2063 archidiaconos
1190 2007 1228 2064 ad

70 2093 159 2151 viam
175 2094 308 2151 veritatis
326 2111 468 2152 reuocare
486 2113 539 2152 eos
558 2104 669 2167 posset.
705 2093 793 2151 Vnde
811 2094 982 2150 Traiectum
1001 2093 1103 2150 literas
1119 2093 1229 2151 direxit

71 2191 107 2240 et
120 2191 260 2238 sanctum
273 2182 322 2238 dei
334 2180 478 2239 famulum
491 2184 599 2240 deuote
613 2181 750 2255 poposcit
762 2191 794 2238 vt
807 2181 872 2238 sine
885 2198 969 2238 mora
981 2182 1019 2239 ad
1032 2181 1133 2254 ipsum
1145 2181 1228 2239 lesti-

71 2278 174 2328 naret.
210 2270 259 2326 Ad
278 2287 368 2342 quem
385 2287 454 2326 cum
473 2269 616 2338 venisset,
635 2278 781 2343 ceperunt
797 2286 854 2343 per
870 2266 1013 2326 ecclesias
1030 2270 1156 2326 verbum
1177 2269 1225 2327 dei

71 2357 193 2432 populo
202 2357 366 2430 predicare,
375 2357 472 2414 donec
481 2357 620 2414 homines
631 2357 713 2414 velut
725 2357 788 2429 lupi
797 2373 922 2430 rapaces
931 2356 948 2424 ⁸,
959 2356 1080 2413 salutari
1088 2357 1226 2430 dogmate
1244 2381 1275 2417 ιο

71 2447 108 2504 in
131 2457 306 2502 mansuetas
328 2455 540 2502 conuerterent
561 2463 642 2502 oues.
680 2445 810 2502 Sanctus
831 2445 921 2518 igitur
942 2446 1102 2519 Odulphus
1123 2455 1228 2518 rogatu

71 2532 215 2607 episcopi
235 2532 276 2589 ibi
298 2549 435 2605 manens,
454 2533 567 2606 populo
584 2534 710 2589 verbum
728 2533 808 2589 vite⁷
830 2533 986 2606 predicare
1004 2550 1065 2590 non
1084 2535 1228 2591 cessabat.

74 2623 128 2679 Nil
148 2631 303 2678 terrenum
322 2620 353 2677 in
372 2622 427 2677 hac
439 2621 501 2677 vita
519 2622 641 2678 curabat
649 2621 668 2692 ³,
684 2631 716 2677 vt
730 2621 870 2694 deposito
886 2620 985 2677 carnis
997 2637 1089 2678 onere
1111 2621 1227 2695 premia

72 2719 183 2768 eterna
202 2709 337 2780 accipere
350 2707 381 2764 in
395 2707 468 2765 celis
481 2717 658 2764 mereretur.
695 2708 809 2781 Spiritu
825 2725 898 2765 vero
915 2707 1091 2781 prophetico
1107 2708 1226 2781 plenus,

72 2806 214 2864 ventura,
233 2795 319 2868 quasi
342 2795 402 2852 iam
427 2796 505 2852 facta
529 2803 676 2866 cerneret,
694 2795 833 2872 predixit.
913 2783 1081 2855 Senectute
1105 2796 1227 2852 demum
1243 2816 1272 2864 ²⁵

73 2893 231 2960 grauatus
249 2890 281 2940 et
304 2882 401 2940 baculi
426 2883 472 2940 sui
497 2883 615 2955 oblitus,
633 2884 672 2939 ad
692 2883 849 2940 ecclesiam
871 2883 921 2940 dle
942 2883 1072 2956 quadam
1093 2883 1229 2955 perrexit

73 2983 108 3030 et
120 2971 264 3028 instinctu
276 2969 386 3026 inimici
400 2969 475 3026 cella
488 2969 553 3026 eius
565 2988 634 3027 cum
647 2970 729 3027 omni
749 2969 925 3043 supellectili
944 2987 999 3026 sua
1016 2968 1228 3026 inflammatur.

77 3060 147 3130 Quo
164 3058 274 3128 audito,
287 3057 354 3113 fusa
369 3074 436 3114 cum
453 3057 606 3114 lachrimis
625 3059 664 3115 ad
680 3059 770 3116 deum
785 3075 884 3130 prece,
896 3056 1068 3115 incendium
1085 3056 1226 3113 continuo

79 3143 263 3203 mansuescit
281 3161 337 3200 nec
354 3144 430 3201 vltra
444 3145 611 3218 preualuit:
630 3145 737 3202 cellam
759 3145 948 3202 solummodo
966 3160 1057 3217 quam
1078 3142 1228 3200 inuaserat

79 3232 253 3302 combussit,
263 3232 369 3288 baculo
380 3232 474 3289 illeso.
501 3232 640 3289 Eundem
653 3242 721 3306 post
734 3231 847 3288 obitum
858 3231 922 3288 eius
930 3231 1068 3288 baculum
1078 3248 1171 3303 super
1180 3248 1227 3288 se·
1243 3260 1274 3308 30

80 3323 239 3395 pulchrum
252 3319 316 3376 cius
330 3318 436 3376 iratres
449 3320 599 3391 fixerunt3
619 3319 669 3392 qui
683 3319 714 3376 in
726 3319 791 3375 loco
803 3319 852 3376 vbi
865 3318 944 3375 fixus
962 3317 1059 3375 suerat
1075 3335 1171 3391 vsque
1189 3321 1226 3375 ad

79 3421 217 3483 tempora
226 3408 304 3464 beati
317 3408 454 3466 Radbodi
465 3408 600 3481 episcopi
613 3407 796 3481 perdurauit.
823 3406 919 3464 Febre
930 3408 1052 3463 tandem
1063 3415 1227 3478 correptus,

79 3497 198 3555 inomni
206 3495 361 3552 sanctitate
369 3496 639 3569 presentemvitam
647 3497 793 3553 deserens
801 3494 923 3552 celestia
931 3493 1121 3567 penetrauit⁰‚
1130 3493 1226 3566 pridie

112 3610 121 3640 ¹
139 3611 172 3660 al.
184 3609 222 3659 W
234 3610 268 3659 bl.
401 3607 411 3638 ²
427 3609 457 3658 E.
469 3610 533 3659 adds
545 3610 667 3672 episcopo
678 3609 786 3670 prelato.

112 3675 123 3706 ¹
140 3676 239 3726 Collect
251 3677 276 3724 in
287 3673 333 3726 T.:

115 3737 199 3814 (Aue)
220 3750 307 3811 presul
326 3748 449 3811 gloriose,
466 3764 516 3798 aue
535 3749 607 3796 sidus
627 3747 677 3796 iam
695 3747 791 3796 celeste
809 3746 960 3810 (decubans
977 3747 1037 3796 Odo
1055 3747 1151 3798 celum:
1173 3746 1228 3796 Nos

81 3817 196 3880 guberna
209 3816 297 3864 uisens
311 3815 434 3876 (humum,
448 3815 511 3878 quo)
524 3814 634 3863 letemur
644 3814 842 3876 triumphantes,
853 3821 880 3862 te
891 3816 1039 3878 patron(um
1051 3815 1227 3876 uen)erantes.

80 3883 113 3932 V.
131 3881 184 3930 Ora
195 3896 243 3944 pro
255 3880 336 3930 nobis.
370 3881 421 3944 (Cf.
436 3879 563 3944 Odulph.)

116 3945 195 4006 Deus
211 3956 254 4017 qui
271 3969 319 4004 nos
336 3955 403 4004 beati
420 3955 521 4005 Odonis
536 3954 693 4004 confessoris
707 3953 743 4002 tui
758 3961 834 4016 atque
849 3953 980 4014 pontificis
996 3953 1093 4001 meritis
1108 3960 1135 4001 et
1149 3952 1227 4001 inter·

82 4023 198 4073 cessione
213 4021 331 4079 letificas,
345 4023 459 4070 concede
475 4021 606 4085 propicius
622 4027 657 4079 ut,
673 4021 716 4082 qui
733 4020 789 4069 eius
804 4019 930 4068 beneficia
945 4019 1083 4082 poscimus,
1096 4019 1166 4067 dono
1182 4025 1228 4067 tue

81 4089 165 4152 gracie
177 4102 372 4148 consequamur,
383 4102 438 4149 per.

114 4155 124 4183 ⁴
140 4152 272 4214 Abn'dged
288 4153 353 4200 from
369 4153 414 4201 the
425 4151 485 4201 Vita
501 4151 527 4200 in
542 4151 574 4200 Α
587 4150 635 4200 SS.
648 4151 714 4200 Boll.
729 4167 759 4199 ra
773 4149 850 4210 June,
862 4165 887 4211 p.
899 4149 940 4212 89,
952 4150 1002 4198 and
1018 4148 1082 4197 l'rom
1097 4149 1142 4197 the
1159 4148 1226 4198 Hist

81 4218 267 4269 Translationis
286 4225 313 4267 et
334 4218 454 4278 miracul,
476 4218 516 4266 ed.
540 4216 617 4280 (from
640 4217 695 4266 MS.
717 4217 801 4266 Rawl.
824 4216 849 4264 A
868 4215 929 4281 287)
949 4216 984 4277 by
1004 4215 1108 4276 Macray
1127 4214 1224 4264 Chron.

82 4285 198 4336 abbatiae
209 4285 243 4332 de
255 4282 392 4344 Evesham,
404 4282 487 4332 Rolls'
500 4283 557 4332 Ser.
572 4284 642 4344 1863,
655 4297 680 4345 p.
692 4297 741 4344 ³13
752 4282 778 4332 ff.
933 4281 944 4311 ⁸
959 4281 991 4330 al.
1005 4280 1109 4342 Ludgis,
1123 4279 1226 4341 Lodgia

83 4349 259 4402 ‘alterocca
325 4347 382 4399 7Ε.
396 4349 573 4398 uiteverbnm.
647 4347 931 4408 'Vit.cur.acquiere.
1008 4345 1229 4409 ’Rpenitrauit
