3044 4894
264 280 310 368 5⁶
576 275 708 362 oua
734 270 924 376 cusu
949 237 1146 377 anua

264 473 344 544 quod
356 473 472 530 viderat
492 474 652 544 enarrauit,
666 474 885 546 imperauitque
904 473 1066 531 exercitui¹
1085 475 1142 532 deo
1160 484 1189 531 et
1207 485 1312 532 sancto
1325 475 1417 531 Iltuto

264 569 379 632 raptam
411 562 539 618 reddere
570 563 715 634 predam;
748 562 989 618 emendationem
1021 561 1120 618 delicti
1150 562 1297 636 promisit,
1323 573 1354 619 et
1382 563 1416 618 in

264 647 410 703 honorem
420 649 554 705 eiusdem
567 649 662 705 sancti
675 648 834 705 ecclesiam
847 649 979 705 edificari
992 649 1088 720 iussit,
1101 659 1131 705 et
1148 649 1344 706 seruitoribus
1358 650 1416 705 loci

263 735 446 791 territorium
459 744 553 792 totum
567 736 722 794 concessit.
761 735 827 792 Hec
840 745 941 792 tamen
956 737 1116 809 promissio
1129 737 1210 808 regis
1224 746 1253 793 et
1266 737 1416 805 voluntas,

236 839 250 888 5
264 821 365 878 anime
377 840 432 878 sue
445 831 560 879 tantum
574 824 722 894 prolicere
734 821 908 880 videbatur:
928 841 998 879 nam
1011 832 1080 896 post
1093 825 1205 880 malum
1226 824 1331 880 incolis
1345 842 1416 896 per-

264 917 413 980 petratum
440 927 519 965 nono
544 910 593 966 die
613 911 651 966 ab
675 911 731 966 hac
753 911 818 966 luce
842 910 989 982 migrauit.
1028 910 1164 968 Presatus
1185 911 1299 967 interea
1318 927 1417 984 equus

264 997 364 1052 nolam
378 997 528 1066 deserens
542 997 624 1053 nullo
643 997 842 1069 compellente
861 1015 929 1054 cum
949 1007 1011 1054 toto
1031 1009 1168 1055 armento
1187 999 1330 1071 equestri,
1345 999 1417 1056 nole

264 1083 454 1140 dulcedinem
473 1093 628 1158 sequente,
643 1085 802 1142 Sabrinam
821 1086 959 1142 transiuit
978 1095 1008 1142 et
1019 1104 1116 1160 vsque
1134 1088 1172 1142 ad
1190 1087 1269 1142 lltuti
1285 1086 1417 1144 ecclesie

265 1170 384 1227 ianuam
398 1171 544 1244 peruenit.
582 1172 626 1228 lbi
640 1173 720 1229 enim
731 1173 800 1228 nola
807 1172 885 1229 illico
899 1191 991 1246 super
999 1191 1106 1230 saxum
1118 1173 1242 1243 cecidit;
1256 1183 1333 1230 etex
1342 1191 1416 1230 casu

221 1279 252 1314 ro
264 1259 353 1314 vnius
362 1258 457 1330 partis
465 1259 624 1314 fracturam
631 1277 726 1331 vsque
740 1260 828 1316 hodie
837 1259 867 1315 in
881 1261 1014 1316 miraculi
1028 1260 1202 1318 memoriam
1215 1271 1415 1334 apparentem

265 1345 404 1401 ostendit.
441 1345 479 1402 Et
498 1363 565 1402 cum
585 1346 695 1420 singuli
710 1346 834 1402 fratrum
854 1346 988 1420 singulos
1007 1365 1102 1420 equos
1121 1349 1318 1421 accepissent,
1332 1357 1363 1404 et
1376 1350 1418 1405 de

265 1433 375 1488 valoris
389 1433 580 1505 inequalitate
593 1433 742 1490 discordia
754 1444 819 1490 orta
831 1434 945 1506 suisset,
958 1435 1007 1492 die
1024 1435 1153 1492 crastina
1165 1435 1307 1493 viderunt
1321 1455 1418 1510 equos

265 1537 373 1576 omnes
386 1521 517 1592 equales,
530 1530 560 1577 et
573 1522 687 1577 nullum
701 1521 792 1577 alium
806 1521 836 1577 in
852 1522 953 1579 valore
966 1523 1190 1595 precellentem.

303 1658 381 1731 [MS.
394 1658 428 1715 T.
442 1659 536 1716 adds:
631 1709 634 1713 .
730 1659 933 1722 llNarrate'o’.

303 1768 438 1854 Quidam
451 1779 543 1836 frater
554 1781 760 1838 stimulabatur
773 1781 879 1838 cotidie
895 1799 915 1837 a
931 1781 1161 1854 cogitacionibus
1178 1784 1241 1838 suis
1254 1800 1309 1855 per
1321 1801 1418 1840 annos

223 1888 252 1937 15
267 1885 386 1938 nouem,
399 1869 479 1924 itaut
492 1879 574 1924 metu
588 1869 654 1942 ipso
665 1870 841 1941 desperaret
850 1870 888 1925 de
896 1869 991 1925 salute
1005 1886 1068 1939 sua,
1078 1879 1108 1926 et
1117 1870 1296 1926 adiudicault
1306 1881 1419 1927 semet·

266 1955 365 2028 ipsum
386 1955 507 2012 dicens:
535 1955 671 2013 ‘Perdidi
696 1958 827 2012 animam
852 1973 970 2012 meam:
1003 1965 1032 2012 et
1052 1959 1121 2029 quia
1142 1957 1226 2030 perii,
1247 1959 1358 2014 uadam
1380 1960 1418 2014 ad

267 2043 418 2099 seculum!
456 2042 514 2113 Qui
527 2061 595 2099 cum
608 2043 712 2112 abiret,
723 2045 804 2098 uenit
814 2043 842 2099 ei
855 2045 885 2116 in
898 2045 947 2098 uia
957 2060 1016 2099 uox
1028 2045 1150 2100 dicens:
1171 2044 1420 2118 ‘Temptaciones

267 2147 342 2204 quas
356 2133 386 2185 in
400 2147 509 2186 nouem
523 2131 610 2186 annis
623 2129 799 2200 sustinuisti,
809 2146 919 2186 corone
927 2139 977 2186 tue
986 2140 1056 2187 sunt
1065 2129 1082 2186 ⁸.
1121 2130 1288 2189 Reuertere
1301 2150 1374 2205 ergo
1387 2135 1418 2188 in

267 2219 365 2273 locum
382 2227 475 2287 tuum,
489 2226 518 2274 et
536 2218 698 2274 subleuabo
715 2226 746 2273 te
765 2234 783 2273 a
799 2218 1031 2289 cogitacionibus
1045 2217 1150 2276 malis!
1187 2219 1275 2275 Vnde
1293 2237 1419 2292 cognos-

224 2325 254 2360 20
267 2306 343 2360 citur
359 2304 428 2378 quia
445 2323 505 2362 non
524 2313 571 2360 est
589 2304 700 2360 bonum
719 2306 883 2377 desperare
899 2305 961 2377 [de]
980 2323 1014 2361 se
1032 2305 1160 2378 aliquem
1176 2323 1231 2378 pro
1244 2307 1301 2362 hiis
1315 2325 1375 2380 que
1389 2309 1418 2364 in

268 2392 500 2463 cogitacionibus
513 2392 646 2448 ueniunt.
685 2391 754 2448 Hee
767 2392 849 2448 enim
862 2392 1061 2466 cogitaciones
1071 2394 1166 2466 magis
1176 2411 1317 2451 coronam
1332 2396 1420 2452 nobis

268 2478 437 2551 prouident,
450 2477 476 2534 si
489 2495 541 2535 eas
554 2479 632 2535 bene
646 2495 791 2551 superare
804 2488 833 2536 et
845 2481 906 2552 pati
920 2497 975 2536 nos
988 2479 1157 2554 contingat]

392 2657 486 2729 ttDa
507 2687 623 2726 sancto
645 2659 804 2727 Inbnncro
824 2688 861 2726 ar
879 2689 974 2728 socus
994 2689 1063 2729 atus
1083 2689 1271 2730 unnrrnraus
1279 2673 1299 2731 ⁴.

275 2791 480 2920 postquam
492 2809 564 2849 vero
579 2792 684 2848 beatus
701 2791 845 2848 Patricius
864 2791 1008 2865 populum
1029 2793 1252 2851 hiberniensem
1268 2796 1306 2851 ad
1326 2796 1418 2854 fidem

367 2878 477 2935 Christi
502 2877 532 2935 in
558 2881 653 2952 signis
678 2887 707 2934 et
733 2879 876 2952 prodigiis
901 2880 1109 2950 conuertisset,
1131 2881 1316 2938 Britanniam
1343 2885 1420 2940 mari

225 2984 254 3033 ²5
270 2965 396 3022 transito
408 2966 583 3034 adueniens,
597 2967 677 3039 apud
692 2965 875 3022 Glastoniam
886 2966 917 3023 in
931 2976 1085 3024 senectute
1098 2968 1177 3025 bona
1188 2969 1278 3025 vitam
1293 2970 1421 3027 feliciter

269 3054 495 3110 consummauit.
533 3053 755 3110 Hibemienses
775 3055 864 3122 enim,
883 3054 952 3127 quia
969 3057 1008 3112 de
1024 3053 1122 3112 Roma
1135 3065 1256 3113 sanctus
1273 3057 1420 3116 Patricius

270 3143 381 3198 missus
390 3141 434 3198 eis
443 3142 539 3198 suerat
546 3143 711 3214 apostolus,
721 3142 841 3199 ⁶vrbem
851 3141 1045 3210 Glastoniam‚
1056 3144 1198 3200 orationis
1207 3163 1241 3201 ac
1248 3145 1421 3203 deuotionis

270 3233 364 3301 gratia
383 3228 535 3302 peregrini
558 3230 664 3285 crebro
685 3228 807 3285 visitare
832 3229 977 3286 solebant.
1015 3230 1088 3287 Erat
1109 3234 1190 3287 enim
1215 3231 1246 3287 in
1271 3232 1421 3290 Hibernia

270 3317 350 3389 regis
369 3316 523 3373 cuiusdam
536 3316 623 3388 filius,
643 3318 766 3373 nomine
785 3315 951 3388 lndractus‚
965 3317 1130 3374 litterarum
1150 3319 1257 3376 studiis
1276 3319 1420 3392 imbutus,

223 3403 427 3472 30virtutibus
453 3404 621 3477 insignitus
643 3412 674 3461 et
698 3404 832 3460 omnium
859 3421 976 3460 morum
1002 3404 1158 3462 honestate
1183 3424 1283 3463 coram
1305 3409 1365 3464 deo
1392 3420 1421 3466 et

269 3491 441 3549 hominibus
462 3491 660 3564 conspicuus:
680 3502 710 3548 et
729 3500 761 3547 vt
785 3493 893 3563 gaudia
912 3492 1067 3565 possidere
1093 3503 1261 3551 mereretur
1286 3495 1420 3564 celestia,

269 3579 386 3652 regales
411 3578 533 3635 delicias
557 3587 587 3635 et
612 3578 714 3635 mundi
740 3579 945 3635 blandimenta
975 3595 1043 3634 cum
1073 3580 1136 3636 suis
1167 3580 1421 3652 concupiscentiis

268 3667 388 3741 penitus
402 3668 525 3734 calcare,
538 3675 569 3723 et
586 3667 669 3722 omni
685 3665 792 3722 affectu
812 3666 916 3738 lugere
935 3665 1118 3724 deliberauit
1157 3669 1332 3740 Assumptis
1346 3687 1422 3744 ergo

269 3772 371 3811 secum
385 3771 495 3810 nouem
516 3753 710 3824 consortibus,
724 3770 792 3809 cum
812 3771 915 3811 sorore
934 3770 996 3824 sua,
1010 3756 1133 3811 nomine
1147 3754 1315 3826 Dominica,
1329 3774 1422 3829 pere-

225 3863 254 3914 35
268 3841 443 3915 grinationis
464 3840 558 3914 gratia
575 3858 682 3898 versus
705 3840 834 3897 Romam
858 3840 916 3898 iter
939 3841 1070 3913 arripuit
1109 3841 1245 3914 Cumque
1269 3860 1424 3916 prospero

270 3929 388 4002 nauigio
401 3929 432 3984 in
445 3927 630 3984 Britanniam
643 3929 681 3984 ad
694 3938 813 4001 portum
827 3927 948 3986 nomine
958 3928 1142 3985 Tamerunta
1152 3928 1270 4002 appulsi
1280 3930 1423 4001 luissent,

269 4035 325 4091 per
338 4019 460 4089 longum
475 4015 515 4071 ibi
535 4024 655 4088 tempus
673 4017 705 4072 in
725 4017 773 4072 dei
792 4016 915 4073 seruitio
933 4016 1024 4072 vitam
1046 4017 1243 4096 arctissimam
1262 4017 1422 4084 ducentes,

302 4123 351 4171 ¹E.
366 4122 516 4171 exercitum.
583 4121 648 4172 ’ct
661 4121 712 4170 Vit.
726 4121 793 4170 Patr.
805 4137 862 4184 9⁰3·
923 4120 1103 4172 ’VP.erunt.
1169 4121 1244 4172 ‘Ed
1259 4123 1355 4174 inAct.
1370 4125 1421 4176 SS.

270 4188 335 4238 Boll.
348 4201 363 4249 5
377 4187 450 4236 Febr.
462 4186 481 4236 l.
493 4187 549 4249 696.
566 4186 698 4250 Abn'dged
709 4187 773 4235 t'rom
784 4188 828 4236 the
839 4188 929 4236 Passio
935 4187 972 4249 by
983 4186 1053 4238 Will.
1065 4187 1150 4237 Malu.
1161 4189 1187 4236 in
1200 4188 1255 4237 MS.
1269 4189 1357 4251 Digby
1367 4206 1425 4252 ua,

270 4255 312 4303 sol.
328 4268 361 4314 95
379 4253 450 4314 (rath
463 4253 552 4318 cent),
572 4253 637 4301 with
656 4253 760 4302 various
777 4253 921 4312 additions;
946 4253 977 4302 cl.
993 4253 1123 4302 lohannes
1136 4253 1253 4303 Glaston.
1266 4254 1364 4306 Chron.
1379 4259 1423 4307 ed

270 4319 385 4380 Heme,
398 4334 422 4380 p.
437 4333 492 4368 101.
550 4319 559 4347 ⁵
576 4318 596 4367 F
598 4319 627 4370 G.
640 4319 701 4368 illuc
712 4334 850 4368 excurrere
862 4319 948 4381 coepit
958 4326 1036 4381 atque
1048 4320 1182 4368 redeundo
1195 4319 1235 4369 Gl.
1248 4319 1423 4383 frequentare„
