3048 4884
282 265 356 354 416
596 255 1121 381 montecontorio

282 459 409 519 veniens
428 461 466 516 ad
483 461 581 518 virum
600 461 658 530 dei,
676 459 818 518 audacter
836 478 937 518 coram
957 461 1007 518 illo
1025 479 1236 536 prorumpens,
1257 464 1369 520 secreti
1388 463 1431 520 sui
1505 451 1506 538 J

283 550 435 605 conscium
448 564 518 605 eum
535 548 613 605 fecit.
634 547 782 618 ‘Semina
796 548 899 621 inquit,
912 550 996 606 verbi
1013 549 1114 620 diuini,
1127 567 1145 606 a
1159 559 1209 606 tuo
1222 550 1296 606 mihi
1310 551 1432 624 profusa

283 653 345 706 ore,
362 637 400 693 ad
413 645 557 710 quantum
570 637 600 692 in
614 653 663 692 me
676 636 866 693 excreuerint
878 646 1067 710 prouentum,
1081 637 1275 695 manifestum
1295 639 1350 696 tibi
1371 639 1433 696 fieri

282 722 358 780 volo.
395 723 526 780 Omnem
545 725 636 781 seculi
655 723 760 780 luxum
778 725 886 782 amodo
904 725 1043 782 abdicare
1061 724 1170 798 delegi,
1182 735 1213 782 et
1232 726 1434 799 virginitatem

255 826 382 884 §meam
406 812 444 868 ad
470 812 614 868 honorem
639 810 687 868 dei
718 811 864 885 integram
894 819 925 868 et
955 811 1220 870 incontaminatam
1251 831 1434 872 conseruare

283 898 427 972 disposui,
446 907 477 956 et
498 900 563 968 hoc,
586 918 603 956 o
626 909 713 972 pater
734 899 930 970 sanctissime,
949 909 1001 957 tua
1019 900 1230 973 suffragatione
1248 901 1287 957 ab
1306 911 1434 976 utroque

283 995 408 1060 parente
434 986 505 1043 mihi
530 988 684 1060 impetrari
709 987 861 1059 deposco!
910 987 977 1044 Hec
1009 987 1134 1044 audiens
1165 995 1297 1058 sanctus,
1324 991 1434 1064 pietate

283 1083 392 1144 motus,
406 1074 481 1130 dixit
499 1092 533 1132 se
552 1083 695 1147 parentes
714 1075 779 1131 eius
797 1084 1017 1131 conuenturum
1030 1074 1164 1144 sollicite,
1177 1084 1266 1148 atque
1280 1076 1339 1132 hoc
1353 1080 1432 1150 quod

283 1163 403 1235 petebat
421 1179 476 1235 pro
496 1180 586 1234 posse
605 1179 661 1220 suo
678 1171 822 1222 acturum.
860 1161 1000 1232 Proinde,
1013 1179 1081 1219 cum
1093 1179 1112 1219 a
1124 1162 1189 1219 viro
1205 1163 1254 1220 dei
1272 1163 1336 1221 filie
1355 1166 1434 1222 desi·

240 1262 270 1302 10
283 1249 398 1306 derium
412 1259 498 1323 pater
510 1249 700 1323 cognouisset
712 1259 742 1306 et
754 1257 860 1319 mater,
873 1249 978 1307 suffusi
998 1250 1151 1307 lachrimis
1163 1251 1255 1307 deum
1267 1251 1433 1310 benedixe-

283 1347 352 1397 runt
364 1347 394 1394 et
407 1337 536 1410 benigne
549 1346 772 1395 concesserunt
793 1337 896 1394 Puella
903 1356 975 1394 vero
987 1339 1116 1411 pedibus
1124 1339 1204 1395 beati
1212 1337 1269 1395 viri
1278 1341 1432 1398 interdurn

280 1425 381 1482 votiua
393 1426 525 1493 sedebat,
534 1425 685 1482 sitibundo
695 1424 838 1482 hauriens
851 1435 972 1498 pectore
985 1426 1095 1498 quede
1108 1425 1202 1498 gloria
1214 1429 1322 1498 sponsi
1336 1427 1385 1485 sui
1397 1429 1432 1485 ab

281 1511 378 1586 ipsius
395 1529 448 1569 ore
467 1511 648 1569 defluebant.
686 1511 767 1568 Nihil
782 1514 813 1569 in
832 1530 867 1570 se
885 1523 1040 1570 terrenum
1058 1512 1241 1581 admittebat,
1255 1513 1432 1587 frequenter

282 1601 418 1657 noctibus
429 1599 460 1657 in
468 1601 594 1656 ecclesia
602 1601 776 1658 excubabat.
803 1599 957 1658 Interdum
967 1600 1058 1658 etiam
1067 1600 1272 1674 importunam
1282 1619 1319 1658 se
1328 1615 1431 1660 sancto
1505 1605 1506 1672 ,

239 1698 268 1751 ¹5
281 1687 432 1761 ingerens,
457 1688 621 1745 solicitabat
645 1705 714 1745 eum
740 1705 912 1745 sermonem
936 1688 1033 1746 facere
1064 1698 1153 1760 atque
1185 1690 1223 1745 de
1254 1689 1361 1762 sponsi
1387 1693 1430 1747 sui
1505 1697 1506 1702 ’

283 1775 416 1835 moribus
434 1784 464 1833 et
477 1774 537 1832 vita
555 1784 690 1832 tractare.
726 1774 803 1832 Toto
823 1774 973 1832 desiderio
992 1775 1195 1846 inardescens,
1208 1786 1279 1832 tunc
1294 1777 1430 1851 aliquan-

280 1863 376 1922 tulum
407 1863 506 1938 gaudii
538 1863 666 1921 habebat
691 1879 759 1920 cum
790 1865 828 1920 de
858 1863 945 1919 amici
977 1862 1023 1919 sui
1054 1862 1240 1934 excellentia,
1266 1864 1377 1921 decore
1401 1875 1430 1922 et

280 1950 413 2024 potentia
425 1951 505 2024 loqui
518 1951 656 2008 audiebat
668 1969 675 2020 ;
694 1960 783 2023 atque
802 1949 993 2007 huiusmodi¹
1006 1951 1072 2008 eius
1087 1949 1210 2007 relectio
1222 1950 1358 2008 omnium
1371 1962 1429 2010 ter-

280 2055 421 2095 renarum
435 2056 536 2096 rerum
549 2037 759 2096 iocunditatem
772 2037 954 2094 excellebat²
967 2046 998 2094 et
1015 2038 1047 2093 in
1064 2037 1144 2094 illius
1157 2039 1247 2094 corde
1265 2040 1430 2112 spiritualis

237 2141 268 2178 ao
280 2125 468 2183 iocunditatis
497 2125 674 2183 indeficiens
705 2125 956 2182 delectamentum
987 2125 1142 2182 retinebat.
1193 2125 1230 2182 Et
1255 2126 1326 2182 licet
1352 2137 1429 2184 etate
1505 2113 1506 2124 ¹

279 2221 385 2270 tenera
404 2222 495 2283 esset,
514 2212 646 2287 perlecta
666 2223 767 2270 tamen
788 2214 929 2283 moribus,
948 2221 977 2269 et
999 2214 1090 2269 corde
1109 2229 1183 2268 cana
1202 2223 1275 2281 erat,
1295 2215 1427 2270 animum
1505 2221 1506 2274 l

279 2301 370 2358 totius
383 2299 552 2375 cupiditatis
565 2309 805 2373 contemptorem
823 2301 948 2357 habens.
1023 2287 1160 2372 Contigit
1178 2308 1279 2356 autem
1298 2304 1427 2374 quadam
1505 2307 1506 2338 ³

279 2387 328 2445 die
350 2389 506 2458 dominica,
528 2387 723 2463 pergentibus
743 2388 781 2444 ad
803 2387 960 2445 ecclesiam
980 2387 1156 2460 parentibus
1176 2388 1250 2458 eius,
1273 2388 1357 2446 illam
1377 2407 1427 2446 ne-

280 2477 411 2532 cessario
431 2476 513 2533 dorni
533 2477 628 2534 solam
650 2491 817 2532 remanere.
856 2473 893 2531 Et
919 2491 990 2532 ecce
1010 2474 1128 2531 iuuenis
1151 2473 1280 2547 quidam,
1307 2477 1426 2534 nomine

235 2580 265 2630 ²⁵
280 2563 461 2632 Cradocus³,
479 2563 569 2620 Alani
589 2565 668 2637 regis
687 2561 776 2634 filius,
790 2564 913 2619 domurn
926 2563 1051 2633 intrans,
1063 2561 1209 2634 virginem
1230 2563 1328 2620 solam
1346 2566 1426 2622 iuxta

279 2650 378 2709 iocum
398 2653 554 2709 sedentem
577 2650 699 2708 inuenit
737 2649 804 2721 Que
824 2649 944 2724 cognito
965 2649 1046 2722 regis
1068 2649 1138 2720 filio,
1151 2649 1266 2707 concita
1285 2654 1425 2721 surrexit,

278 2740 349 2812 quid
363 2739 419 2796 sibi
433 2738 565 2812 placeret
578 2737 728 2796 humiliter
740 2736 936 2811 inuestigans.
974 2735 1012 2793 Et
1027 2736 1077 2793 ille
1092 2757 1098 2796 :
1118 2737 1231 2810 ‘Regis
1250 2755 1309 2810 me,
1323 2741 1425 2812 inquit,

278 2825 373 2884 filium
393 2844 463 2884 esse
483 2844 543 2883 non
563 2827 692 2900 ignoras,
713 2825 825 2882 diuitiis
849 2833 879 2882 et
903 2824 1067 2882 honoribus
1093 2824 1194 2882 multis
1219 2823 1373 2894 refertum,
1397 2839 1425 2884 te

278 2913 368 2970 etiarn
387 2915 545 2972 affluenter
562 2913 810 2986 locupletatumm
829 2913 855 2969 si
874 2929 941 2968 mee
960 2911 1095 2985 petitioni
1116 2913 1267 2970 assentire
1285 2914 1425 2984 volueris,
1505 2911 1506 2922 ¹

233 3021 266 3072 ³0
278 3001 422 3060 voluntati
447 3020 514 3059 mee
545 3017 703 3058 assensum
734 3001 883 3074 prebens!
922 2999 976 3055 llla
1000 3008 1108 3070 autern,
1134 3001 1269 3056 sentiens
1293 3019 1364 3058 eum
1389 3003 1425 3058 de
1505 2991 1506 2996 ἵ

278 3092 434 3147 concubitu
453 3107 625 3147 sermonem
643 3087 816 3159 inseruisse,
829 3087 982 3160 paululum
1002 3086 1135 3144 demissa
1151 3087 1286 3144 nultum⁴
1300 3090 1423 3146 rubore·

278 3195 337 3252 que
357 3177 480 3249 suffusa,
500 3175 669 3235 simulauit⁶
687 3175 786 3248 primo
804 3176 926 3248 quidem
944 3173 1077 3247 grauiter
1101 3191 1135 3231 se
1157 3173 1235 3230 serre
1256 3177 1337 3248 quod
1357 3195 1424 3233 eam

277 3264 462 3338 incomptam
481 3275 510 3322 et
529 3265 696 3321 inornatam
714 3263 890 3332 inuenisset,
903 3261 1026 3320 dicens:
1048 3260 1143 3318 ‘Cum
1161 3270 1193 3318 tu
1211 3279 1325 3336 genere
1343 3264 1426 3338 regio

277 3361 362 3410 ortus
375 3362 405 3409 et
417 3361 569 3409 annuente
585 3351 708 3409 domino
725 3368 781 3408 rex
799 3350 916 3407 iuturus
935 3349 1057 3420 existas,
1070 3347 1210 3407 felicitate
1228 3349 1358 3407 seculari
1377 3369 1425 3408 me

232 3465 263 3516 35
278 3440 434 3513 opulenter
454 3439 630 3513 replendam
650 3457 720 3497 esse
742 3456 803 3495 non
828 3438 939 3506 dubito,
958 3446 1010 3494 tuo
1031 3434 1223 3493 matrimonio
1247 3439 1426 3510 copulatam.

279 3527 513 3600 Verumptamen
532 3527 686 3600 paulisper
700 3535 812 3600 patere,
824 3525 988 3582 aduentum
1006 3525 1100 3598 patris
1117 3526 1176 3580 mei
1191 3533 1376 3598 expectans;
1396 3537 1426 3585 et

277 3631 334 3688 ego
354 3613 474 3671 interim
493 3614 657 3671 thalamum
681 3614 808 3683 intrabo,
826 3613 865 3669 ad
883 3621 913 3670 te
932 3611 990 3669 cito
1009 3610 1157 3669 reditura)
1203 3611 1271 3668 Hec
1290 3613 1425 3685 profecto

276 3702 389 3772 dicens,
399 3703 437 3759 ad
448 3702 553 3759 horam
565 3703 603 3759 ab
616 3719 653 3758 eo
664 3701 763 3759 solum
773 3699 862 3757 auelli
872 3701 1025 3774 querebat.
1042 3697 1171 3756 Videbat
1179 3701 1260 3756 enim
1271 3700 1425 3759 hominem

230 3904 264 3956 40
276 3887 306 3936 et
323 3879 404 3936 velut
422 3886 574 3934 amentem
592 3875 666 3933 fieri.
703 3874 860 3932 Concessit
877 3875 1000 3932 tandem
1019 3873 1138 3932 iuuenis
1155 3883 1188 3931 vt
1207 3891 1362 3932 cameram
1381 3877 1425 3934 in-

275 3966 460 4040 grederetur,
473 3981 600 4038 sperans
613 3963 695 4020 illam
712 3979 780 4020 cum
799 3961 961 4019 decentiori
976 3971 1082 4019 ornatu
1103 3969 1192 4034 atque
1211 3965 1425 4035 acceptabilius

275 4053 471 4127 compositam
494 4051 560 4110 sine
581 4051 722 4110 dilatione
746 4051 785 4107 ad
809 4067 844 4107 se
869 4049 1040 4107 redituram.
1079 4047 1165 4105 Tunc
1183 4048 1235 4105 illa
1258 4049 1425 4109 thalamum

274 4141 420 4215 ingressa,
434 4157 473 4196 ex
485 4139 580 4198 altera
592 4147 677 4212 parte
690 4153 746 4212 per
758 4136 867 4195 ostium
880 4154 1000 4194 camere
1019 4135 1125 4194 exiens
1138 4153 1247 4194 versus
1265 4139 1424 4198 ecclesiam

308 4261 361 4313 Ι13.
375 4262 537 4313 huiusmodo.
614 4259 863 4312 ¹E.excellebatur.
948 4259 1025 4311 ’vie
1039 4259 1197 4312 Chadrocus.
1274 4259 1425 4312 ‘Ru-ulta.

274 4326 331 4378 ¹·E.
343 4327 472 4378 similauit.
