3028 4894
425 319 499 412 De
524 316 687 407 &mtto
712 317 923 408 wattun.
1173 343 1247 418 407

89 528 187 594 caput
205 527 236 578 et
252 516 358 578 faciem
378 517 443 576 eius
463 527 600 593 tangens,
616 527 813 590 contrectans,
832 519 1029 594 complanans
1051 519 1248 591 demulcebat,

90 617 124 665 et
140 608 323 682 quandoque
337 615 426 681 caput
447 606 545 679 capiti,
563 616 594 664 et
613 623 649 664 os
670 608 715 664 ori
736 608 900 681 applicans,
917 608 1019 665 oscula
1037 607 1170 666 crebrius
1189 608 1248 666 im·

90 695 255 769 primebat.
293 694 427 752 Dilectus
445 695 568 752 tandem
587 693 748 752 infantulus
765 694 816 753 ille
837 694 962 752 eleuatis
986 695 1125 754 manibus
1149 697 1248 754 erucis

13 839 14 842 ,
90 782 298 858 impressione
322 799 392 840 eum
417 781 579 852 benedixit,
603 791 634 840 et
656 783 695 840 ab
719 783 811 840 oculis
838 783 905 840 eius
934 782 1087 856 disparuit,
1112 783 1247 858 nihilque

90 879 201 944 preter
220 870 349 928 bostiam
370 869 418 928 vir
437 869 486 927 dei
511 871 542 926 in
564 869 702 928 manibus
722 871 804 927 vidit.
841 870 987 941 Quotiens
1012 871 1101 928 huius
1121 870 1275 937 visioniss

91 967 203 1032 postea
226 958 400 1016 recordatus
424 955 487 1027 fuit,
515 955 707 1016 inestimabili
735 958 835 1015 cordis
858 956 949 1015 iubilo
973 958 1115 1032 repletus,
1139 957 1246 1014 lachri-

92 1063 216 1104 marum
235 1044 383 1120 profluuio
401 1061 496 1118 genas
517 1044 639 1118 rigabat
711 1031 887 1104 Canouieus
903 1045 1025 1118 quidam
1043 1062 1112 1102 eum
1130 1044 1247 1103 ineius

92 1133 250 1208 presentia
269 1133 440 1203 celebraret,
462 1149 573 1189 aranea
594 1132 626 1188 in
642 1131 766 1190 calicem
786 1132 864 1190 circa
883 1133 992 1205 Agnus
1012 1131 1062 1190 dei
1083 1132 1197 1203 cecidit,
1215 1141 1247 1190 et

92 1231 212 1280 metum
224 1239 259 1278 ac
273 1221 429 1277 horrorem
441 1220 603 1277 celebranti
616 1219 750 1278 incussit.
786 1219 944 1278 Walleuus
955 1221 963 1252 ¹
976 1230 1085 1290 autem,
1098 1222 1153 1278 hoc
1172 1220 1245 1290 viso,

91 1309 164 1368 fusa
182 1309 315 1366 oratione
334 1318 364 1366 et
380 1309 449 1364 data
467 1307 682 1378 benedictione,
695 1307 854 1381 imperauit
865 1317 897 1366 vt
915 1325 1056 1367 araneam
1075 1325 1142 1365 cum
1160 1325 1246 1366 sacro
1261 1325 1293 1362 ro

92 1397 238 1456 libamine
256 1397 288 1454 in
307 1393 429 1453 nomine
448 1393 562 1452 domini
581 1412 703 1454 sumere
722 1413 782 1452 non
800 1395 958 1456 dubitaret.
996 1396 1050 1454 llle
1065 1413 1137 1453 vero
1151 1396 1246 1469 patn's

92 1494 241 1560 precepto
259 1485 369 1542 deuote
387 1483 608 1556 obtemperans,
627 1500 696 1541 cum
715 1499 825 1557 magna
843 1484 1017 1556 constantia,
1038 1485 1117 1557 (cum
1136 1501 1246 1558 magna

92 1572 250 1648 quoquel²
267 1572 328 1629 fide
346 1579 441 1630 totum
459 1587 594 1642 sumens,
612 1571 726 1628 nullam
745 1571 897 1644 sospitatis
915 1572 1059 1630 iacturam
1073 1571 1122 1628 vel
1140 1573 1246 1628 nausie

92 1660 341 1736 prouocationem
366 1656 470 1717 sensit.
519 1657 701 1716 Sedentibus
721 1667 791 1732 post
815 1659 1031 1716 comestionem
1057 1659 1089 1716 in
1116 1658 1245 1716 claustro

92 1749 246 1818 fratribus,
270 1747 431 1804 canonicus
451 1745 501 1804 ille
525 1745 651 1819 digitum
675 1763 762 1804 suum
787 1745 988 1804 confricabat:
1014 1755 1045 1803 et
1064 1755 1164 1803 tumor
1183 1755 1288 1817 tur-15

91 1853 223 1910 gescens
251 1835 280 1891 in
305 1833 397 1908 digito
421 1833 593 1908 apparebat
631 1833 694 1890 Nec
719 1851 812 1904 mora,
831 1851 951 1906 aranea,
970 1843 1058 1908 rupta
1078 1841 1155 1904 cute,
1173 1833 1244 1892 viua

92 1924 255 1998 egreditur,
279 1930 311 1980 et
339 1921 455 1979 cunctis
485 1922 529 1978 rei
559 1929 702 1978 euentum
727 1921 964 1995 obstupentibus,
988 1921 1109 1979 iubente
1140 1921 1242 1994 priore

92 2011 226 2070 nammis
256 2009 460 2068 comburenda
489 2008 623 2066 traditur.
715 1995 849 2068 Sanctus
880 2007 1042 2067 Malachiae
1072 2008 1243 2082 episcopus,

92 2099 215 2158 natione
247 2096 440 2167 Hibemicus,
469 2095 637 2153 Eboracum
660 2097 797 2167 veniens,
821 2113 840 2153 a
868 2096 1004 2169 pluribus
1034 2112 1103 2154 cum
1132 2113 1242 2168 magno

93 2189 209 2246 honore
229 2183 398 2260 suscipitur,
417 2183 574 2259 potissime
592 2183 662 2256 quia
679 2200 699 2241 a
719 2183 824 2257 Sigaro
846 2183 1014 2256 presbitero
1035 2185 1073 2240 de
1096 2183 1242 2255 Neubald‚
1258 2208 1288 2246 ιο

92 2275 144 2332 dei
156 2275 273 2344 famulo,
286 2271 515 2347 predicebatur³
526 2271 674 2328 aduentus
689 2270 763 2328 eius.
800 2269 858 2328 Hic
874 2270 956 2328 enim
971 2271 1122 2342 sacerdos,
1135 2270 1241 2344 spiritu

93 2361 276 2435 prophecie⁴
300 2359 427 2435 pollens,
453 2357 586 2432 episcopi
616 2358 787 2428 aduentum,
812 2359 936 2430 vultum,
961 2367 1114 2430 staturam,
1139 2367 1169 2416 et
1194 2375 1243 2416 so-

93 2451 209 2507 ciorum
243 2463 404 2505 numerum
433 2447 589 2504 euidenter
618 2446 803 2520 designabat.
852 2445 932 2504 Huic
963 2445 1085 2504 sancto'
1109 2444 1242 2520 pontifici

93 2537 196 2612 prior*
214 2534 391 2593 Walleuus¹
410 2550 521 2608 equum
545 2533 723 2608 subnigrum
747 2542 778 2590 et
799 2535 874 2592 dure
894 2543 1064 2608 portantem
1082 2533 1171 2604 dedit,
1190 2534 1242 2609 qui

92 2623 173 2684 infra
199 2639 311 2698 paucos
338 2621 404 2680 dies
429 2628 510 2679 totus
536 2620 622 2678 albus
647 2629 678 2680 et
702 2620 835 2678 suauiter
858 2622 1014 2680 ambulans
1038 2621 1162 2680 effectus
1186 2631 1242 2682 est.
1257 2643 1286 2696 ²⁵

94 2699 271 2772 Deuotione
295 2711 418 2767 demum
441 2707 577 2768 arctioris
597 2708 749 2783 religionis
773 2718 803 2766 et
824 2708 1043 2768 cisterciensis⁷
1062 2709 1175 2767 ordinis
1200 2710 1242 2768 al·

92 2803 198 2868 lectus,
228 2797 294 2856 vir⁸
318 2797 368 2854 dei
391 2795 566 2854 Walleuus¹
593 2798 624 2854 in
645 2796 826 2854 monasterio
849 2798 889 2855 de
912 2797 1087 2855 Wardona'
1108 2797 1242 2858 habitum

92 2887 236 2960 suscepit,
254 2893 285 2941 et
302 2884 373 2942 inde
390 2886 429 2942 ad
450 2879 619 2942 Rieuallem
637 2883 807 2953 translatus,
824 2893 978 2958 postremo
996 2885 1028 2942 in
1044 2885 1182 2942 abbatem
1202 2886 1242 2943 de

94 2974 216 3046 Melros,
240 2971 271 3030 id
296 2979 343 3029 est
367 2970 499 3043 Meuros,
525 2969 651 3044 eligitur.
726 2959 908 3029 Multotiens
932 2971 1013 3030 enim
1037 2989 1170 3029 muscam
1193 2971 1241 3029 vel

92 3061 219 3121 culicem
236 3060 389 3118 ledentem
407 3058 513 3116 faciem
532 3060 599 3117 eius
619 3068 648 3117 et
667 3060 846 3133 quandoque
871 3059 1049 3134 sanguinem
1074 3059 1241 3117 elicientem
1255 3078 1287 3130 ³0

93 3151 120 3210 si
139 3167 194 3224 per
211 3145 427 3222 impatientiam
444 3146 641 3219 percutiendo
661 3147 833 3221 perimeret,
851 3148 1004 3220 virgarum
1022 3163 1093 3203 mox
1113 3149 1241 3206 verbere

92 3239 124 3298 in
143 3239 278 3312 seipsum
293 3234 371 3292 vltor
387 3233 488 3308 grauns
507 3234 675 3308 insurgens,
688 3233 867 3308 sanguinem
885 3233 1040 3308 copiosum
1058 3235 1097 3292 de
1116 3251 1242 3308 corpore

92 3344 148 3386 suo
160 3325 257 3382 traxit
330 3311 408 3380 Eius
420 3320 502 3380 enim
514 3321 655 3378 instinctu
667 3329 697 3378 et
710 3321 828 3379 hortatu
841 3321 967 3395 Symon,
985 3338 1146 3395 germanus
1159 3339 1241 3394 suus,

93 3407 307 3468 monasterium
342 3405 438 3470 sancti
466 3403 591 3462 Andree
618 3404 649 3462 in
681 3403 902 3479 Northampton
913 3405 934 3437 ¹⁰
968 3406 1022 3479 [et]
1031 3405 1051 3439 ¹¹
1082 3405 1241 3464 cenobium

93 3496 266 3556 monialium
285 3502 388 3552 sancte
409 3491 504 3551 Marie
523 3501 608 3550 extra
619 3493 724 3550 vrbem
742 3491 886 3565 fundauit,
899 3510 1017 3551 necnon
1034 3502 1065 3550 et
1082 3492 1240 3551 Saltreiam
1254 3517 1286 3569 35

93 3584 206 3645 ordinis
219 3581 428 3642 cisterciensis.
501 3567 646 3656 Quodam
658 3579 746 3640 famis
758 3589 894 3655 tempore
906 3581 1028 3638 bladum
1040 3581 1190 3639 modicum
1210 3582 1240 3640 in

93 3674 210 3734 duobus
229 3669 355 3742 horreis,
372 3669 425 3728 vix
441 3685 498 3743 pro
516 3668 632 3725 duabus
647 3667 823 3742 septimanis
839 3668 1002 3740 sufficiens,
1020 3668 1088 3726 fusa
1108 3669 1241 3728 oratione

93 3759 265 3820 benedixit:
285 3766 315 3816 et
331 3775 392 3815 non
411 3757 509 3814 solum
527 3755 678 3828 fratribus,
691 3757 746 3814 sed
759 3765 790 3814 et
802 3766 928 3830 quatuor
940 3774 1107 3831 pauperum
1120 3757 1241 3816 milibus

93 3867 150 3927 per
165 3857 229 3906 tres
247 3863 369 3906 menses
389 3845 597 3904 habundanter
614 3844 740 3903 suffecit
811 3833 887 3903 Alio
904 3845 985 3902 enim
1002 3855 1139 3920 tempore
1152 3845 1241 3906 famis

93 3937 200 4012 singuli
222 3935 355 4004 fratrum,
377 3931 504 4008 supplici
523 3941 626 4008 rogatu
646 3932 770 4004 abbatis,
788 3933 942 3991 dimidium
961 3933 1048 4008 panis
1067 3933 1113 3991 sui
1129 3951 1240 4008 paupe-
1253 3955 1287 4007 4ο

94 4027 177 4086 ribus
192 4022 392 4096 errogandum
410 4021 582 4080 sciderunt:
602 4029 632 4078 et
647 4019 770 4094 impleta
783 4020 925 4094 sportella
936 4038 1032 4095 usque
1050 4022 1089 4078 ad
1108 4037 1240 4080 messem

93 4114 159 4173 sine
174 4109 371 4169 diminutione
386 4107 488 4168 multis
507 4108 689 4183 pauperibus
708 4107 899 4167 habundauit
936 4107 975 4168 Et
989 4127 1058 4168 cum
1071 4109 1179 4168 fratres
1191 4110 1241 4170 die

126 4249 181 4301 *Β
192 4249 326 4300 wallenus
431 4245 558 4298 ’amm
569 4262 789 4312 magnaquoque3
804 4245 834 4299 T.
847 4253 881 4298 et.
986 4246 1043 4298 ⁸1¹2.
1055 4247 1240 4312 predicabatur.

93 4319 104 4350 ¹
120 4316 149 4368 E.
161 4315 321 4379 prophetico.
399 4311 409 4344 ⁸
426 4313 455 4365 Ε.
467 4313 556 4364 uncti.
636 4311 647 4342 ⁸
664 4313 693 4364 F„
704 4314 782 4376 prios.
858 4311 868 4342 '
885 4311 915 4364 E.
927 4313 1106 4366 cistersiensis.
1184 4315 1195 4346 ⁸
1210 4315 1242 4368 E.

94 4383 147 4435 uiti.
213 4381 223 4412 ⁸
239 4379 369 4444 Wardon,
380 4379 407 4430 in
419 4378 612 4432 Bedfordshire.
678 4377 697 4410 ¹⁰
712 4379 742 4432 T.
754 4385 927 4444 nortampton.
993 4379 1013 4411 ¹²
1029 4396 1081 4433 om.
