3012 4898
431 301 507 397 Do
530 295 694 392 &antu
721 295 920 398 como
1180 303 1248 398 361

90 497 263 576 episcopus
275 499 518 562 schlrburnensis
532 519 551 560 a
562 501 702 560 iratribus
714 501 890 576 acquisitam
904 499 1068 559 honorifice
1081 499 1111 558 in
1124 500 1253 558 ecclesia

91 606 157 647 sua
177 577 293 660 locauit,
314 591 364 648 vbi
385 591 515 664 gloriosa
539 590 681 647 miracula
702 590 807 648 crebro
830 589 896 647 fieri
920 588 1064 646 solebant.
1101 588 1151 645 Ad
1173 588 1250 645 hanc

91 675 223 749 quidam
236 677 407 751 elephantie
424 679 529 734 morbo
542 695 715 751 percussus,
728 695 789 734 non
806 676 966 734 curationis
984 676 1078 750 gratia
1096 677 1150 734 sed
1163 686 1195 734 vt
1214 676 1252 732 ab

92 764 257 821 orantibus
274 764 305 821 in
318 765 383 822 loco
396 764 591 822 elemosinam
604 765 760 839 acciperet,
773 764 906 822 deuenit.
944 764 1080 837 Cumque
1088 763 1165 820 illic¹
1178 781 1252 837 pau·

93 849 198 908 lulum
210 851 403 922 obdormiret,
410 852 509 910 visum
517 861 564 910 est
570 851 598 909 ei
607 863 742 910 sanctum
754 851 1087 925 Swit[h]unumadesse
1097 859 1127 908 et
1135 851 1251 925 lepram
1266 863 1280 916 5

93 955 190 995 suam
209 956 301 996 manu
321 940 488 1014 detergere,
508 949 538 997 et
557 939 729 996 infirmitate
749 941 881 1013 seposita
899 939 1014 1013 integre
1035 937 1140 996 salutis
1161 941 1250 996 bene-

94 1027 204 1084 ficium
222 1035 349 1101 repente
361 1045 395 1084 sc
408 1027 552 1101 recipere.
594 1027 749 1101 Euigilans
762 1037 871 1097 autem,
885 1027 992 1085 letusa
1009 1043 1137 1101 sompno
1149 1043 1251 1084 coram

95 1115 244 1172 omnibus
256 1115 407 1189 cingulum
420 1115 509 1173 soluit
521 1123 552 1172 et
564 1124 702 1174 sanatum
716 1133 750 1173 se
763 1115 904 1173 ostendit.

711 1291 716 1304 ¹
739 1288 751 1322 Β

136 1337 218 1412 [MS.
231 1339 296 1396 Tib.
309 1340 404 1398 adds:
592 1289 732 1348 Nm
751 1330 758 1346 '

137 1431 248 1516 (Cum)
260 1455 360 1503 autem
371 1444 523 1502 Dorothea
535 1447 620 1518 uirgo
629 1445 710 1519 apud
721 1443 894 1514 Cesa(ream
907 1441 1087 1517 Capadoci)e
1099 1460 1118 1501 a
1129 1443 1251 1517 preside

94 1532 209 1590 tradita
227 1541 309 1590 esset
325 1532 442 1591 duabus
460 1532 613 1590 sororibus
627 1534 697 1606 (que
715 1533 976 1605 apos)tatauerant,
988 1532 1096 1589 iterum
1111 1549 1163 1589 eas
1180 1547 1249 1588 con·
1266 1547 1296 1584 ιο

96 1619 209 1678 uertit:
228 1627 258 1677 et
277 1637 344 1676 cum
363 1621 402 1676 ad
420 1620 629 1677 decollandum
647 1621 816 1691 duceretur,
828 1619 1013 1692 Theophilus
1030 1619 1250 1691 (scholasti)cus

95 1707 160 1764 ait:
181 1705 264 1780 ‘Eya
279 1716 311 1764 tu
328 1724 441 1779 sponsa
453 1707 573 1777 Christi,
587 1709 672 1764 mitte
685 1706 774 1764 michi
791 1724 876 1764 rosas
893 1716 923 1764 et
939 1707 1018 1764 mala
1030 1708 1068 1764 de
1084 1707 1250 1780 paradis[o]

96 1793 206 1867 sponsi
227 1793 287 1850 tui’
323 1793 391 1864 Que
413 1793 586 1867 respondit:
614 1793 725 1852 ‘Plane
746 1794 790 1851 sic
810 1794 934 1851 faciam.²
970 1794 1105 1868 Cumque
1125 1803 1250 1864 orasset,

95 1897 173 1938 ecce
188 1898 264 1955 puer
279 1890 349 1937 ante
366 1898 433 1938 earn
451 1881 588 1954 apparuit
605 1880 707 1939 serens
726 1884 783 1938 tria
800 1882 879 1938 mala
897 1881 1011 1955 optima
1029 1890 1058 1938 et
1076 1891 1139 1938 tres
1156 1898 1250 1938 rosas

96 1967 159 2025 Cui
179 1967 249 2025 illa:
277 1967 428 2025 ‘Obsecro
447 1977 486 2039 te,
504 1967 608 2041 inquit,
627 1976 659 2026 ut
678 1969 734 2026 hec
753 1968 921 2041 Theophilo
939 1968 1094 2026 scolastico
1112 1968 1250 2026 deferas:
1265 1987 1294 2036 ¹5

96 2055 180 2113 Cum
188 2073 260 2129 ergo
267 2055 456 2129 Theophilus
468 2064 604 2113 narraret
613 2055 874 2115 circumstantibus
884 2056 1114 2129 promissionem
1123 2055 1250 2129 uirginis

96 2141 242 2211 irridens,
255 2160 326 2201 ecce
343 2160 419 2217 puer
436 2151 505 2200 ante
521 2159 590 2200 eum
607 2143 690 2201 stetit
706 2145 747 2215 (et
766 2144 824 2202 ait:
845 2146 853 2176 ‘
862 2143 939 2200 Ecce
957 2142 1021 2216 tibi)
1035 2145 1148 2215 petenti
1162 2143 1250 2201 mittit

98 2229 269 2302 (Dorothea
288 2229 374 2303 uirgo
394 2230 595 2288 sacratissima
613 2233 692 2304 quod
711 2231 864 2304 promisit’
902 2230 959 2301 Qui
978 2230 1137 2304 accipiens,
1150 2233 1249 2289 statim

96 2334 266 2376 conuersus
279 2319 375 2375 estad
388 2318 489 2376 fidem.
521 2317 652 2392 Eratque
662 2319 776 2376 mensis
790 2319 970 2376 Februarius
983 2320 1102 2392 quando
1116 2337 1185 2377 rose
1198 2321 1248 2377 ille

96 2406 195 2463 misse
207 2415 287 2477 sunt,
300 2414 330 2463 et
340 2409 445 2479 ttham
459 2406 657 2480 Capadociam
668 2406 792 2480 glaciale
804 2407 898 2482 frigus
911 2409 1032 2482 tegebat
1040 2407 1073 2482 '.]
1121 2479 1124 2485 Ι
1263 2423 1295 2459 20

342 2637 455 2712 tl⁴Dc
473 2667 590 2710 snucro
608 2637 787 2710 Tnarrrso⁸
806 2669 1006 2712 consessores.

104 2781 218 2916 REx
239 2783 361 2860 quidam
384 2787 530 2846 Hibernie
551 2789 674 2846 nomine
693 2789 869 2848 Thatlralius
887 2790 982 2848 filium
1003 2789 1106 2863 ge'nuit
1127 2789 1248 2848 nomine

205 2873 385 2944 Thatheum,
405 2874 525 2948 optimis
545 2876 680 2934 moribus
703 2887 841 2936 ornatum
862 2887 892 2934 et
912 2895 931 2934 a
951 2877 1089 2952 primeua
1109 2886 1189 2934 etate
1209 2880 1248 2935 ab

96 2962 242 3021 omnibus
271 2962 420 3020 illecebris
450 2962 683 3022 immaculatum.
722 2965 797 3023 Cum
829 2967 909 3022 enim
940 2965 1076 3022 viderent
1105 2974 1248 3037 parentes

97 3065 228 3125 puerum
247 3050 392 3107 secularia
410 3050 568 3124 despicere
586 3062 617 3110 et
635 3054 674 3109 ad
691 3053 813 3110 celestia
832 3055 964 3120 tendere,
982 3068 1051 3109 eum
1070 3051 1176 3110 litteris
1194 3053 1247 3109 im-

100 3139 257 3194 buendum
279 3138 474 3196 tradiderunt.
512 3139 547 3195 ln
570 3139 652 3197 omni
672 3141 794 3197 demum
818 3139 926 3196 virtute
948 3140 1053 3197 docilis
1076 3157 1154 3213 puer
1178 3157 1247 3213 pro·
1262 3171 1291 3222 ²⁵

99 3225 215 3296 ficiens,
228 3236 420 3299 percurrente
434 3244 491 3300 per
501 3227 674 3284 uniuersam
689 3226 868 3286 Hiberniam
881 3227 960 3285 sama
972 3229 1045 3298 eius,
1057 3226 1247 3285 confluebant

98 3314 232 3387 vndique
250 3314 375 3372 iuuenes
397 3316 435 3372 ad
459 3315 639 3372 audiendam
660 3315 826 3374 doctrinam
849 3315 923 3371 eius.
961 3315 1046 3389 Rege
1066 3315 1182 3373 interea
1203 3316 1248 3372 in·

99 3401 241 3458 firmitate
259 3403 413 3475 depresso,
432 3404 470 3459 de
488 3401 639 3459 communi
658 3401 791 3459 omnium
811 3402 936 3459 consilio
955 3412 1079 3460 vocatus
1101 3411 1148 3460 est
1168 3403 1248 3459 Tha-

99 3485 190 3543 theus
209 3494 241 3541 vt
264 3503 282 3542 a
305 3495 391 3559 patre
416 3485 571 3560 regiminis
596 3503 698 3543 curam
723 3485 899 3562 susciperet.
945 3486 999 3544 ille
1022 3504 1095 3544 vero
1119 3503 1247 3560 regnum

131 3674 141 3704 ¹
158 3675 187 3726 T.
200 3675 266 3727 illuc.
364 3675 374 3706 ¹
391 3677 432 3727 Ex
441 3677 515 3728 Vinc.
528 3677 594 3729 Bell.
606 3676 667 3728 xli.
678 3691 718 3740 47.

132 3740 143 3773 ⁸
159 3742 221 3792 Aut.
235 3743 286 3792 and
297 3743 397 3794 Collect
408 3745 434 3793 in
446 3744 491 3795 T.:

133 3805 164 3869 0
181 3816 318 3867 swithune
329 3825 410 3880 pater,
423 3817 510 3881 presul
526 3816 660 3867 mitissime
674 3825 773 3880 noster,
786 3816 837 3866 Per
849 3833 926 3880 quem
940 3817 1005 3867 mim
1019 3817 1084 3866 deus
1098 3816 1173 3878 sigua
1189 3815 1248 3866 iacit

98 3883 232 3934 dominus:
251 3883 306 3933 Noe
325 3883 429 3945 fragiles
448 3885 543 3946 animo,
563 3884 680 3946 petimus,
700 3883 813 3933 deiende
836 3891 952 3946 paterno,
973 3883 1075 3933 Sanctia
1096 3890 1174 3944 atquc
1196 3883 1247 3930 tuis

99 3957 207 4012 protege
220 3963 268 3998 nos
280 3949 392 3999 meritis:
410 3949 478 4010 Quo,
490 3955 517 3998 te
532 3964 579 4012 pro
594 3948 669 3998 nobis
684 3947 874 3998 interueniente
890 3957 1008 4011 petrono,
1022 3948 1155 3998 Pessimus
1168 3947 1247 3996 uitam

97 4015 224 4064 condere
236 4021 393 4078 perpetuam.
428 4014 482 4064 Ora
493 4029 542 4078 pro
553 4014 636 4063 nobis.
670 4013 720 4078 (Ci.
732 4015 798 4064 Boll.
810 4014 862 4074 Jul.
876 4014 895 4062 l.
907 4016 975 4076 287.)

134 4079 212 4142 Deus
223 4093 266 4154 qui
278 4092 429 4142 hodiernam
441 4094 508 4142 diem
521 4091 719 4142 sacratissimam
734 4092 809 4141 nobis
824 4093 850 4140 in
866 4091 934 4141 beati
950 4091 1078 4142 Swithuni
1089 4091 1247 4141 confessoris

97 4159 136 4209 tui
145 4165 223 4221 etque
235 4157 364 4221 pontilicis
375 4159 542 4220 deposicione
554 4157 684 4207 celebrare
694 4157 824 4217 concedis,
836 4157 927 4208 edesio
940 4158 1071 4222 propicius
1082 4157 1191 4208 ecclesie
1203 4162 1247 4204 tue

98 4224 225 4289 precibus,
237 4230 265 4273 ut
276 4224 349 4273 cuius
360 4223 484 4284 gloriatur
494 4223 600 4283 meritis,
613 4223 742 4273 muniatur
752 4222 888 4285 suffragiis,
899 4239 953 4286 per.

128 4301 138 4332 ⁴
154 4302 217 4352 Abr.
229 4302 294 4351 irom
305 4301 351 4350 the
361 4300 422 4350 Vita
433 4301 459 4350 in
472 4301 527 4353 tls.
538 4300 617 4364 Vesp.
628 4300 661 4352 A.
675 4299 746 4350 XIV.
758 4302 798 4354 ed.
813 4301 892 4366 Recn,
905 4316 930 4365 p.
942 4315 998 4366 255.
1078 4299 1089 4332 ⁸
1104 4301 1134 4351 T.
1146 4299 1246 4350 Tatheo

99 4367 154 4434 (but
164 4367 229 4418 with
240 4367 280 4416 Th
293 4366 458 4432 elsewhere).
