3008 4904
263 319 333 392 268
575 315 705 402 ilium
732 311 922 417 imatus
948 311 1100 416 anaia

464 581 488 642 tl
510 567 564 638 Da
583 597 698 638 saucro
718 567 868 640 Oswnro¹
887 598 966 639 naor
985 598 1023 638 rr
1042 579 1206 638 uasrmr’.

267 699 415 830 BEatus
433 702 514 760 enim
531 699 674 760 Oswinus
693 719 731 760 ex
751 703 941 778 antiquorum
959 703 1126 761 clarissima
1144 721 1249 777 regum
1269 705 1421 779 prosapia

355 789 524 864 Anglorum
555 790 700 847 oriundus
730 791 836 848 extitit.
886 792 956 848 Post
991 801 1119 848 mortem
1149 791 1300 865 siquidem
1331 794 1422 866 regis

261 875 596 934 Northanhumbrorum
613 877 740 946 Edwini,
753 879 858 951 primis
875 880 941 936 cius
958 879 1191 946 successoribus,
1205 879 1314 936 Osrico
1330 880 1420 937 vide-

259 963 326 1021 licet
345 983 417 1038 rege
437 965 596 1022 Deirorum
615 975 645 1022 et
665 965 808 1022 Eanlrido
828 965 1043 1034 Bemiciorum,
1063 967 1205 1040 apostatis
1223 985 1241 1022 a
1260 967 1421 1024 Cedwalla

230 1063 330 1125 5rege
352 1051 509 1109 Britonum
528 1051 606 1110 iusto
624 1053 672 1108 dei
690 1053 799 1110 iudicio
818 1054 934 1124 deletis,
951 1054 1030 1110 filius
1048 1053 1147 1110 Osrici
1163 1054 1316 1124 Oswinus‚
1336 1073 1378 1112 ne
1398 1073 1421 1112 a

258 1139 410 1196 Cedwalla
422 1140 628 1214 perimeretur,
637 1157 697 1197 non
707 1157 801 1213 paruo
811 1149 948 1214 tempore
961 1141 1041 1214 apud
1053 1141 1263 1200 Occidentales
1272 1142 1419 1200 Saxones

258 1227 399 1298 exulauit,
419 1245 608 1301 regnumque
629 1227 789 1285 Deirorum
815 1237 846 1285 et
872 1228 1077 1286 Bemiciorum
1102 1229 1271 1298 Oswaldus,
1292 1229 1418 1287 Edwini

258 1313 338 1386 regis
361 1331 457 1386 nepos
478 1333 517 1372 ex
540 1332 644 1372 sorore
663 1313 765 1372 Acca⁸
785 1316 970 1389 progenitus,
990 1315 1125 1374 obtinuit.
1160 1316 1227 1387 Quo
1248 1319 1376 1374 tandem
1397 1335 1418 1374 a

258 1402 384 1474 paganis
403 1401 593 1472 martirizato,
606 1403 749 1459 successit
768 1403 861 1460 srater
876 1421 949 1460 suus
965 1403 1059 1475 Oswi,
1072 1413 1102 1460 et
1114 1403 1216 1476 viginti
1235 1413 1304 1460 octo
1322 1406 1416 1462 annis

214 1505 245 1543 ιο
259 1489 408 1546 laboriose
439 1490 584 1561 regnauit.
629 1491 768 1547 Audiens
792 1491 882 1563 igitur
906 1490 1050 1548 Oswinus
1081 1493 1217 1560 exulans,
1242 1491 1323 1548 filius
1347 1493 1416 1549 scil.

258 1574 365 1646 Osrici,
385 1576 455 1649 quia
473 1576 614 1634 defuncto
632 1576 775 1634 Oswaldo
801 1587 944 1651 regnaret
962 1577 1047 1634 Oswi
1067 1597 1122 1652 pro
1141 1579 1232 1635 fratre
1252 1597 1316 1649 suo,
1336 1580 1416 1637 inito

257 1681 325 1720 cum
348 1664 411 1720 suis
433 1664 564 1733 consilio,
583 1665 622 1721 ad
643 1681 770 1738 regnum
791 1665 950 1724 Deirorum
972 1683 1140 1739 regressus,
1158 1666 1196 1722 ab
1216 1667 1298 1723 omni
1320 1667 1416 1740 plebe

257 1750 384 1808 letanter
409 1752 559 1825 recipitur,
584 1763 614 1810 et
640 1753 670 1808 in
696 1770 808 1826 regem,
829 1753 950 1810 nemine
972 1754 1202 1824 contradicente,
1222 1755 1415 1824 sublimatur,

256 1856 335 1896 anno
353 1840 465 1896 domini
483 1840 705 1898 sexcentesimo
721 1840 952 1914 quadragesimo
969 1843 1109 1912 secundo,
1123 1849 1153 1897 et
1169 1841 1326 1914 provincie
1340 1841 1415 1900 Dei-

213 1943 358 1994 15rorum
381 1945 491 1984 nouem
513 1927 600 1984 annis
625 1929 656 1985 in
679 1927 811 1984 maxima
832 1928 967 1985 omnium
989 1946 1091 1985 rerum
1112 1929 1272 2000 affluentia,
1293 1930 1414 2002 etipse

256 2015 390 2072 amabilis
400 2015 548 2084 omnibus,
559 2016 678 2089 prefuit.
717 2015 789 2074 Erat
799 2017 880 2073 enim
892 2017 995 2073 oculus
1005 2033 1084 2086 ceco,
1092 2033 1148 2090 pes
1161 2017 1275 2084 claudo,
1284 2018 1414 2078 baculus

255 2104 393 2174 tremulo,
419 2104 624 2177 orphanorum
654 2111 684 2160 et
707 2103 864 2160 viduarum
890 2103 1084 2176 omniumque
1113 2103 1310 2177 indigentium
1339 2105 1412 2177 pius

255 2199 350 2264 pater.
376 2191 529 2264 Pauperes
542 2200 572 2248 et
586 2191 718 2248 maxime
730 2191 908 2264 peregrinos
917 2191 1049 2264 benigne
1059 2191 1229 2265 recipiebat,
1240 2191 1413 2250 esurientes

255 2278 361 2346 alebat,
387 2279 485 2335 nudos
509 2278 671 2335 vestiebat:
704 2288 734 2336 et
759 2280 899 2336 omnibus
926 2281 991 2337 eius
1017 2279 1163 2336 beneficia
1187 2279 1411 2351 postulantibus

211 2383 242 2419 πο
257 2365 390 2422 hilariter
402 2366 603 2439 impendebat.
676 2354 760 2426 Cum
773 2365 863 2440 igitur
873 2368 920 2424 vir
933 2368 981 2424 dei
994 2366 1114 2440 pietatis
1126 2375 1245 2424 vacaret
1256 2368 1412 2440 operibuS,

256 2454 386 2511 humane
404 2454 508 2510 salutis
525 2453 663 2511 inimicus
680 2453 772 2524 Oswi,
788 2471 890 2528 regem
910 2454 1125 2525 Bemiciorum,
1144 2455 1241 2527 magis
1257 2472 1292 2511 ac
1311 2457 1412 2529 magis

254 2541 401 2597 aduersus
422 2559 492 2598 eum
513 2541 662 2612 excitauit,
681 2551 711 2599 et
732 2544 828 2599 donec
847 2544 1036 2616 congregatis
1055 2541 1237 2598 exercitibus
1258 2544 1296 2599 ad
1315 2544 1412 2616 preli·

254 2629 375 2696 andum,
391 2627 421 2684 in
438 2629 502 2684 loco
519 2628 570 2702 qul
587 2629 845 2687 ‘Wilsaresdoun’
862 2629 969 2687 dicitur
986 2639 1185 2700 occurrerent,
1202 2629 1412 2690 inllammauit.
1502 2639 1503 2703 l

256 2715 414 2774 Piissimus
426 2726 526 2773 autem
540 2734 594 2773 rex
604 2717 747 2774 Oswinus
760 2717 868 2776 videns
880 2735 961 2786 suos,
974 2717 1044 2775 licet
1056 2719 1149 2774 multo
1161 2716 1329 2790 pauciores,
1339 2735 1411 2776 cum

211 2821 240 2872 ²5
255 2803 390 2860 hostibus
409 2805 546 2862 volentes
565 2806 758 2876 contendere,
777 2814 807 2862 et
829 2823 886 2880 pro
907 2823 979 2879 rege
1002 2823 1057 2862 suo
1079 2815 1200 2878 paratos
1218 2806 1411 2874 occumbere,

254 2891 329 2948 dixit
353 2893 390 2948 ad
416 2909 485 2950 eos:
515 2891 742 2966 ‘Congratulor,
764 2911 783 2948 o
805 2893 959 2966 principes
983 2903 1013 2950 et
1037 2893 1143 2950 fideles
1169 2892 1286 2960 milites,
1306 2903 1411 2951 vestre

253 2979 394 3053 probitati
413 2989 443 3037 et
462 2979 579 3051 milicie,
592 2989 623 3037 et
641 2981 752 3053 gratias
772 2998 829 3054 ago
848 2981 926 3038 bone
941 2979 1085 3037 voluntati
1102 2989 1211 3037 vestre.
1248 2980 1311 3036 Sed
1331 2982 1411 3039 absit

254 3085 272 3124 a
291 3085 339 3124 me
351 3076 383 3124 vt
402 3069 463 3124 mei
482 3067 573 3124 solius
592 3084 682 3124 causa
700 3067 770 3125 belli
789 3069 951 3125 discrimen
971 3085 1078 3125 omnes
1096 3067 1265 3134 incurratis
1278 3069 1330 3141 qui
1349 3085 1410 3138 me,

253 3173 437 3229 quamquam
454 3157 519 3212 iure
538 3154 701 3226 dominum,
715 3173 882 3230 pauperem
900 3165 1000 3213 tamen
1018 3165 1048 3213 et
1065 3157 1186 3213 exulem
1198 3155 1286 3212 vobis
1303 3173 1409 3230 regem

253 3305 334 3354 sancti
345 3305 414 3352 serui
426 3303 462 3352 tui
475 3303 591 3352 Oswaldi
605 3302 789 3365 solempnitate
800 3305 966 3363 consecrasti,
978 3305 1011 3353 da
1021 3305 1141 3354 cordibus
1154 3304 1250 3353 nostris
1261 3305 1299 3352 tui
1311 3307 1410 3355 amoris

252 3371 416 3432 caritatisque
425 3377 600 3431 augmentum,
609 3377 636 3418 ut
646 3371 717 3419 cuius
727 3371 752 3418 in
762 3371 837 3419 terris
844 3371 927 3419 sancti
935 3371 1068 3432 sanguinis
1077 3371 1228 3419 effusionem
1237 3369 1408 3435 celebramus,

252 3437 322 3488 illius
335 3436 361 3483 in
372 3435 429 3484 celo
441 3435 533 3484 collata
544 3435 688 3497 patrocinia
699 3436 853 3495 senciamus,
865 3452 919 3498 per.
954 3435 1011 3500 (ΒΓ.
1025 3435 1093 3498 San,
1105 3437 1135 3487 ci
1150 3435 1194 3486 Br.
1205 3434 1316 3500 Aberd.)

285 3503 294 3532 ¹
312 3501 368 3550 MS.
380 3500 420 3562 T.,
432 3508 459 3550 at
471 3501 515 3549 the
527 3501 635 3562 bottom,
647 3501 721 3563 gives
733 3503 778 3551 the
791 3501 924 3564 following
935 3501 1095 3564 genealogy:

511 3583 668 3634 Ethelsridus
811 3583 904 3634 iratres
1050 3583 1150 3634 Elricus

564 3665 612 3698 rex

1032 3757 1109 3830 Osric
1121 3795 1168 3829 rex

416 3863 761 3963 Oswudumfflzantridunx
1088 3847 1111 3948 E

980 3977 1116 4028 Oswinum
1128 3992 1223 4039 regem.

285 4056 342 4105 Elle
358 4071 406 4106 rex
422 4057 559 4105 Deirorum
577 4055 667 4118 genuit
686 4055 822 4106 Edwinurn
840 4070 928 4118 regem
945 4063 973 4105 et
988 4057 1124 4118 martirem,
1142 4063 1169 4106 et
1184 4055 1280 4106 Accam
1298 4065 1405 4106 matrem

253 4123 335 4172 uncti
347 4122 463 4172 Oswxldi
475 4122 551 4182 regis.

285 4187 358 4238 'Ed
372 4189 398 4236 in
410 4189 470 4237 Act.
482 4187 529 4236 SS.
543 4185 610 4237 Boll.
621 4187 688 4249 Aug.
701 4185 746 4239 lV.
757 4203 782 4250 p.
793 4189 834 4249 63.
866 4187 1001 4250 Abridged
1015 4187 1080 4238 from
1091 4185 1189 4242 Vitain
1207 4186 1261 4236 ΜΞ.
1276 4187 1344 4237 Cott-
1358 4186 1405 4236 lul.

251 4253 284 4304 Α.
301 4253 335 4314 Χ,
346 4253 423 4315 Corp.
437 4253 498 4302 Chr.
511 4252 576 4303 Coll.
589 4252 648 4303 Oxi.
663 4267 710 4316 ¹34
723 4251 867 4318 (meent).
879 4254 919 4302 ed.
937 4253 1044 4303 Surtees
1062 4253 1121 4304 Soc.
1138 4252 1210 4302 ldisc.
1227 4253 1316 4315 Biogr.
1330 4255 1402 4315 1834,

252 4334 286 4368 an
308 4319 489 4380 amplification
509 4317 575 4367 irom
594 4318 668 4368 Beda
688 4319 735 4370 111.
759 4335 796 4380 14„
833 4318 859 4368 S.
881 4319 973 4368 Oswiu
996 4335 1052 4371 was
1074 4319 1167 4370 buried
1189 4327 1216 4370 st
1237 4318 1404 4382 Tynemouth

253 4384 407 4450 ltmuatec
426 4385 498 4449 1⁰65,
514 4400 542 4435 11
562 4384 671 4452 unu).
769 4383 912 4436 ’ancta
