<?xml version="1.0" encoding="UTF-8"?>
<!DOCTYPE html PUBLIC "-//W3C//DTD XHTML 1.0 Transitional//EN"
    "http://www.w3.org/TR/xhtml1/DTD/xhtml1-transitional.dtd">
<html xmlns="http://www.w3.org/1999/xhtml" xml:lang="en" lang="en">
 <head>
  <title>
</title>
<meta http-equiv="Content-Type" content="text/html;charset=utf-8" />
  <meta name='ocr-system' content='tesseract 3.04.00' />
  <meta name='ocr-capabilities' content='ocr_page ocr_carea ocr_par ocr_line ocrx_word'/>
</head>
<body>
  <div class='ocr_page' id='page_1' title='image "./novalegendaangl00wordgoog/novalegendaangl00wordgoog_0080.png"; bbox 0 0 3044 4894; ppageno 0'>
   <div class='ocr_carea' id='block_1_1' title="bbox 236 277 1247 384">
    <p class='ocr_par' dir='ltr' id='par_1_1' title="bbox 236 277 1247 384">
     <span class='ocr_line' id='line_1_1' title="bbox 236 277 1247 384; baseline 0.002 -11"><span class='ocrx_word' id='word_1_1' title='bbox 236 280 311 373; x_wconf 63' lang='lat' dir='ltr'>ur</span> <span class='ocrx_word' id='word_1_2' title='bbox 336 277 499 368; x_wconf 67' lang='lat' dir='ltr'>sanun</span> <span class='ocrx_word' id='word_1_3' title='bbox 523 277 714 379; x_wconf 69' lang='lat' dir='ltr'>uubanus</span> <span class='ocrx_word' id='word_1_4' title='bbox 737 285 785 367; x_wconf 78' lang='lat' dir='ltr'>ue</span> <span class='ocrx_word' id='word_1_5' title='bbox 809 279 1110 384; x_wconf 59' lang='lat' dir='ltr'>utrumque.</span> <span class='ocrx_word' id='word_1_6' title='bbox 1199 287 1247 374; x_wconf 87' lang='lat'>69</span> 
     </span>
    </p>
   </div>
   <div class='ocr_carea' id='block_1_2' title="bbox 92 481 1292 4228">
    <p class='ocr_par' dir='ltr' id='par_1_2' title="bbox 92 481 1292 4228">
     <span class='ocr_line' id='line_1_2' title="bbox 95 481 1245 555; baseline 0.002 -19"><span class='ocrx_word' id='word_1_7' title='bbox 95 497 216 553; x_wconf 90' lang='lat' dir='ltr'>ponens</span> <span class='ocrx_word' id='word_1_8' title='bbox 228 481 259 536; x_wconf 92' lang='lat' dir='ltr'>in</span> <span class='ocrx_word' id='word_1_9' title='bbox 271 481 401 550; x_wconf 87' lang='lat' dir='ltr'>vasculo,</span> <span class='ocrx_word' id='word_1_10' title='bbox 415 481 508 538; x_wconf 90' lang='lat' dir='ltr'>noluit</span> <span class='ocrx_word' id='word_1_11' title='bbox 520 481 551 538; x_wconf 93' lang='lat' dir='ltr'>in</span> <span class='ocrx_word' id='word_1_12' title='bbox 566 483 753 540; x_wconf 89' lang='lat' dir='ltr'>stomachum</span> <span class='ocrx_word' id='word_1_13' title='bbox 767 481 912 555; x_wconf 89' lang='lat' dir='ltr'>recipere,</span> <span class='ocrx_word' id='word_1_14' title='bbox 922 500 994 540; x_wconf 90' lang='lat' dir='ltr'>vero</span> <span class='ocrx_word' id='word_1_15' title='bbox 1006 499 1110 539; x_wconf 89' lang='lat' dir='ltr'>amore</span> <span class='ocrx_word' id='word_1_16' title='bbox 1123 481 1245 555; x_wconf 86' lang='lat' dir='ltr'>spiritus</span> 
     </span>
     <span class='ocr_line' id='line_1_3' title="bbox 95 569 1246 643; baseline 0.003 -18"><span class='ocrx_word' id='word_1_17' title='bbox 95 587 219 626; x_wconf 89' lang='lat' dir='ltr'>carnem</span> <span class='ocrx_word' id='word_1_18' title='bbox 240 569 440 627; x_wconf 83' lang='lat' dir='ltr'>maceratione</span> <span class='ocrx_word' id='word_1_19' title='bbox 458 569 615 639; x_wconf 86' lang='lat' dir='ltr'>castigans.</span> <span class='ocrx_word' id='word_1_20' title='bbox 653 570 725 626; x_wconf 84' lang='lat' dir='ltr'><strong>Erat</strong></span> <span class='ocrx_word' id='word_1_21' title='bbox 745 587 875 643; x_wconf 89' lang='lat' dir='ltr'>namque</span> <span class='ocrx_word' id='word_1_22' title='bbox 896 571 928 626; x_wconf 89' lang='lat' dir='ltr'>in</span> <span class='ocrx_word' id='word_1_23' title='bbox 946 571 1047 628; x_wconf 91' lang='lat' dir='ltr'>verbis</span> <span class='ocrx_word' id='word_1_24' title='bbox 1065 571 1246 641; x_wconf 90' lang='lat' dir='ltr'>fructuosus,</span> 
     </span>
     <span class='ocr_line' id='line_1_4' title="bbox 96 658 1246 732; baseline 0.002 -19"><span class='ocrx_word' id='word_1_25' title='bbox 96 675 156 714; x_wconf 92' lang='lat' dir='ltr'>non</span> <span class='ocrx_word' id='word_1_26' title='bbox 176 658 301 714; x_wconf 86' lang='lat' dir='ltr'>friuola¹</span> <span class='ocrx_word' id='word_1_27' title='bbox 316 658 441 715; x_wconf 89' lang='lat' dir='ltr'>audiens</span> <span class='ocrx_word' id='word_1_28' title='bbox 460 660 514 715; x_wconf 90' lang='lat' dir='ltr'>sed</span> <span class='ocrx_word' id='word_1_29' title='bbox 532 659 622 726; x_wconf 88' lang='lat' dir='ltr'>vtilia,</span> <span class='ocrx_word' id='word_1_30' title='bbox 639 659 787 731; x_wconf 87' lang='lat' dir='ltr'>scripture</span> <span class='ocrx_word' id='word_1_31' title='bbox 807 675 892 717; x_wconf 85' lang='lat' dir='ltr'>sacre</span> <span class='ocrx_word' id='word_1_32' title='bbox 911 659 1044 716; x_wconf 91' lang='lat' dir='ltr'>feruidus</span> <span class='ocrx_word' id='word_1_33' title='bbox 1062 661 1246 732; x_wconf 90' lang='lat' dir='ltr'>degustator.</span> 
     </span>
     <span class='ocr_line' id='line_1_5' title="bbox 95 745 1245 820; baseline 0.002 -18"><span class='ocrx_word' id='word_1_34' title='bbox 95 745 354 803; x_wconf 86' lang='lat' dir='ltr'>Consuetudinem</span> <span class='ocrx_word' id='word_1_35' title='bbox 386 763 570 802; x_wconf 87' lang='lat' dir='ltr'>conseruans</span> <span class='ocrx_word' id='word_1_36' title='bbox 600 747 757 819; x_wconf 91' lang='lat' dir='ltr'>completis</span> <span class='ocrx_word' id='word_1_37' title='bbox 787 747 940 804; x_wconf 84' lang='lat' dir='ltr'>matutinis</span> <span class='ocrx_word' id='word_1_38' title='bbox 972 747 1117 820; x_wconf 88' lang='lat' dir='ltr'>reliquam</span> <span class='ocrx_word' id='word_1_39' title='bbox 1150 747 1245 804; x_wconf 88' lang='lat' dir='ltr'>noctis</span> 
     </span>
     <span class='ocr_line' id='line_1_6' title="bbox 95 833 1274 907; baseline 0.002 -19"><span class='ocrx_word' id='word_1_40' title='bbox 95 833 266 905; x_wconf 88' lang='lat' dir='ltr'>portionem</span> <span class='ocrx_word' id='word_1_41' title='bbox 286 833 385 890; x_wconf 91' lang='lat' dir='ltr'>studio</span> <span class='ocrx_word' id='word_1_42' title='bbox 403 833 573 890; x_wconf 89' lang='lat' dir='ltr'>deuotionis</span> <span class='ocrx_word' id='word_1_43' title='bbox 592 835 702 891; x_wconf 90' lang='lat' dir='ltr'>ducere</span> <span class='ocrx_word' id='word_1_44' title='bbox 721 834 909 907; x_wconf 89' lang='lat' dir='ltr'>peruigilem,</span> <span class='ocrx_word' id='word_1_45' title='bbox 923 836 980 891; x_wconf 92' lang='lat' dir='ltr'>deo</span> <span class='ocrx_word' id='word_1_46' title='bbox 999 835 1056 891; x_wconf 90' lang='lat' dir='ltr'>soli</span> <span class='ocrx_word' id='word_1_47' title='bbox 1076 835 1274 900; x_wconf 76' lang='lat' dir='ltr'>mentaliters</span> 
     </span>
     <span class='ocr_line' id='line_1_7' title="bbox 96 921 1245 995; baseline 0.002 -20"><span class='ocrx_word' id='word_1_48' title='bbox 96 921 244 988; x_wconf 91' lang='lat' dir='ltr'>conscius,</span> <span class='ocrx_word' id='word_1_49' title='bbox 263 923 384 978; x_wconf 84' lang='lat' dir='ltr'>assidue</span> <span class='ocrx_word' id='word_1_50' title='bbox 402 931 596 993; x_wconf 90' lang='lat' dir='ltr'>perscrutans</span> <span class='ocrx_word' id='word_1_51' title='bbox 615 931 700 978; x_wconf 89' lang='lat' dir='ltr'>actus</span> <span class='ocrx_word' id='word_1_52' title='bbox 719 923 907 995; x_wconf 88' lang='lat' dir='ltr'>quotidianos</span> <span class='ocrx_word' id='word_1_53' title='bbox 926 922 1036 980; x_wconf 87' lang='lat' dir='ltr'>eiulatu</span> <span class='ocrx_word' id='word_1_54' title='bbox 1056 921 1157 978; x_wconf 90' lang='lat' dir='ltr'>flebili.</span> <span class='ocrx_word' id='word_1_55' title='bbox 1194 921 1245 978; x_wconf 90' lang='lat' dir='ltr'>Sic</span> 
     </span>
     <span class='ocr_line' id='line_1_8' title="bbox 95 1009 1246 1082; baseline 0.002 -18"><span class='ocrx_word' id='word_1_56' title='bbox 95 1009 271 1064; x_wconf 88' lang='lat' dir='ltr'>meditando</span> <span class='ocrx_word' id='word_1_57' title='bbox 294 1017 326 1064; x_wconf 94' lang='lat' dir='ltr'>et</span> <span class='ocrx_word' id='word_1_58' title='bbox 350 1009 580 1081; x_wconf 91' lang='lat' dir='ltr'>contemplando</span> <span class='ocrx_word' id='word_1_59' title='bbox 602 1009 754 1082; x_wconf 86' lang='lat' dir='ltr'>usquead</span> <span class='ocrx_word' id='word_1_60' title='bbox 775 1017 897 1082; x_wconf 90' lang='lat' dir='ltr'>tempus</span> <span class='ocrx_word' id='word_1_61' title='bbox 921 1010 1131 1067; x_wconf 85' lang='lat' dir='ltr'>celebrationis</span> <span class='ocrx_word' id='word_1_62' title='bbox 1153 1010 1246 1066; x_wconf 87' lang='lat' dir='ltr'>misse</span> 
     </span>
     <span class='ocr_line' id='line_1_9' title="bbox 94 1096 1246 1169; baseline 0.003 -18"><span class='ocrx_word' id='word_1_63' title='bbox 94 1097 126 1150; x_wconf 91' lang='lat' dir='ltr'>in</span> <span class='ocrx_word' id='word_1_64' title='bbox 159 1113 266 1152; x_wconf 90' lang='lat' dir='ltr'>aurora</span> <span class='ocrx_word' id='word_1_65' title='bbox 296 1097 436 1153; x_wconf 91' lang='lat' dir='ltr'>nobiliter</span> <span class='ocrx_word' id='word_1_66' title='bbox 462 1105 624 1168; x_wconf 91' lang='lat' dir='ltr'>occupatus</span> <span class='ocrx_word' id='word_1_67' title='bbox 632 1097 650 1164; x_wconf 80' lang='lat'>²,</span> <span class='ocrx_word' id='word_1_68' title='bbox 681 1105 870 1168; x_wconf 89' lang='lat' dir='ltr'>prearmatus</span> <span class='ocrx_word' id='word_1_69' title='bbox 901 1105 1005 1153; x_wconf 91' lang='lat' dir='ltr'>contra</span> <span class='ocrx_word' id='word_1_70' title='bbox 1031 1097 1110 1165; x_wconf 89' lang='lat' dir='ltr'>vitia,</span> <span class='ocrx_word' id='word_1_71' title='bbox 1134 1096 1246 1169; x_wconf 84' lang='lat' dir='ltr'>gratias</span> 
     </span>
     <span class='ocr_line' id='line_1_10' title="bbox 94 1183 1246 1257; baseline 0 -17"><span class='ocrx_word' id='word_1_72' title='bbox 94 1185 231 1241; x_wconf 90' lang='lat' dir='ltr'>omnium</span> <span class='ocrx_word' id='word_1_73' title='bbox 262 1183 409 1240; x_wconf 90' lang='lat' dir='ltr'>conditori</span> <span class='ocrx_word' id='word_1_74' title='bbox 437 1183 596 1256; x_wconf 88' lang='lat' dir='ltr'>insigniter</span> <span class='ocrx_word' id='word_1_75' title='bbox 627 1183 813 1240; x_wconf 88' lang='lat' dir='ltr'>ministrauit.</span> <span class='ocrx_word' id='word_1_76' title='bbox 849 1184 946 1240; x_wconf 89' lang='lat' dir='ltr'>Tante</span> <span class='ocrx_word' id='word_1_77' title='bbox 977 1184 1146 1240; x_wconf 90' lang='lat' dir='ltr'>deuotionis</span> <span class='ocrx_word' id='word_1_78' title='bbox 1176 1184 1246 1257; x_wconf 84' lang='lat' dir='ltr'>igne</span> 
     </span>
     <span class='ocr_line' id='line_1_11' title="bbox 94 1269 1292 1345; baseline 0.001 -18"><span class='ocrx_word' id='word_1_79' title='bbox 94 1289 306 1345; x_wconf 70' lang='lat' dir='ltr'>praemensus,</span> <span class='ocrx_word' id='word_1_80' title='bbox 327 1272 469 1328; x_wconf 89' lang='lat' dir='ltr'>virtutum</span> <span class='ocrx_word' id='word_1_81' title='bbox 491 1271 621 1329; x_wconf 88' lang='lat' dir='ltr'>culmine</span> <span class='ocrx_word' id='word_1_82' title='bbox 641 1272 826 1340; x_wconf 91' lang='lat' dir='ltr'>sublimatus,</span> <span class='ocrx_word' id='word_1_83' title='bbox 846 1270 1030 1328; x_wconf 89' lang='lat' dir='ltr'>orationibus</span> <span class='ocrx_word' id='word_1_84' title='bbox 1049 1269 1245 1328; x_wconf 89' lang='lat' dir='ltr'>solertissime</span> <span class='ocrx_word' id='word_1_85' title='bbox 1262 1285 1292 1321; x_wconf 88' lang='lat'>10</span> 
     </span>
     <span class='ocr_line' id='line_1_12' title="bbox 94 1357 1245 1432; baseline -0.001 -17"><span class='ocrx_word' id='word_1_86' title='bbox 94 1369 268 1431; x_wconf 90' lang='lat' dir='ltr'>occupatus,</span> <span class='ocrx_word' id='word_1_87' title='bbox 287 1359 469 1432; x_wconf 81' lang='lat' dir='ltr'>benignitate</span> <span class='ocrx_word' id='word_1_88' title='bbox 494 1359 636 1432; x_wconf 90' lang='lat' dir='ltr'>repletus,</span> <span class='ocrx_word' id='word_1_89' title='bbox 657 1357 732 1415; x_wconf 86' lang='lat' dir='ltr'>vixit</span> <span class='ocrx_word' id='word_1_90' title='bbox 756 1357 954 1416; x_wconf 80' lang='lat' dir='ltr'>circumfuso³</span> <span class='ocrx_word' id='word_1_91' title='bbox 978 1358 1084 1415; x_wconf 86' lang='lat' dir='ltr'>solatio</span> <span class='ocrx_word' id='word_1_92' title='bbox 1108 1359 1245 1431; x_wconf 91' lang='lat' dir='ltr'>perpetui</span> 
     </span>
     <span class='ocr_line' id='line_1_13' title="bbox 94 1445 1246 1519; baseline -0.001 -17"><span class='ocrx_word' id='word_1_93' title='bbox 94 1447 180 1503; x_wconf 91' lang='lat' dir='ltr'>iubili</span> <span class='ocrx_word' id='word_1_94' title='bbox 211 1447 333 1503; x_wconf 88' lang='lat' dir='ltr'>etheree</span> <span class='ocrx_word' id='word_1_95' title='bbox 364 1446 504 1518; x_wconf 77' lang='lat' dir='ltr'>regionis</span> <span class='ocrx_word' id='word_1_96' title='bbox 555 1446 648 1503; x_wconf 87' lang='lat' dir='ltr'>Cuius</span> <span class='ocrx_word' id='word_1_97' title='bbox 685 1447 853 1503; x_wconf 88' lang='lat' dir='ltr'>modestam</span> <span class='ocrx_word' id='word_1_98' title='bbox 892 1445 1074 1519; x_wconf 89' lang='lat' dir='ltr'>patientiam,</span> <span class='ocrx_word' id='word_1_99' title='bbox 1106 1445 1246 1502; x_wconf 83' lang='lat' dir='ltr'>maximis</span> 
     </span>
     <span class='ocr_line' id='line_1_14' title="bbox 93 1533 1246 1607; baseline -0.002 -16"><span class='ocrx_word' id='word_1_100' title='bbox 93 1534 342 1607; x_wconf 77' lang='lat' dir='ltr'>temptationibus</span> <span class='ocrx_word' id='word_1_101' title='bbox 368 1535 602 1607; x_wconf 85' lang='lat' dir='ltr'>comprobatam,</span> <span class='ocrx_word' id='word_1_102' title='bbox 626 1549 816 1606; x_wconf 90' lang='lat' dir='ltr'>consequens</span> <span class='ocrx_word' id='word_1_103' title='bbox 844 1533 1030 1606; x_wconf 79' lang='lat' dir='ltr'>experientia</span> <span class='ocrx_word' id='word_1_104' title='bbox 1056 1533 1246 1590; x_wconf 87' lang='lat' dir='ltr'>aduersantia</span> 
     </span>
     <span class='ocr_line' id='line_1_15' title="bbox 93 1609 1246 1679; baseline -0.002 -1"><span class='ocrx_word' id='word_1_105' title='bbox 93 1623 263 1679; x_wconf 87' lang='lat' dir='ltr'>certissime</span> <span class='ocrx_word' id='word_1_106' title='bbox 289 1621 459 1678; x_wconf 87' lang='lat' dir='ltr'>declarabit</span> <span class='ocrx_word' id='word_1_107' title='bbox 531 1609 641 1677; x_wconf 75' lang='lat' dir='ltr'>Vnus*</span> <span class='ocrx_word' id='word_1_108' title='bbox 659 1622 698 1677; x_wconf 93' lang='lat' dir='ltr'>de</span> <span class='ocrx_word' id='word_1_109' title='bbox 717 1620 857 1677; x_wconf 85' lang='lat' dir='ltr'>fratribus</span> <span class='ocrx_word' id='word_1_110' title='bbox 879 1620 910 1678; x_wconf 93' lang='lat' dir='ltr'>in</span> <span class='ocrx_word' id='word_1_111' title='bbox 932 1623 1039 1678; x_wconf 89' lang='lat' dir='ltr'>eodem</span> <span class='ocrx_word' id='word_1_112' title='bbox 1064 1620 1246 1678; x_wconf 88' lang='lat' dir='ltr'>monasterio</span> 
     </span>
     <span class='ocr_line' id='line_1_16' title="bbox 92 1708 1289 1782; baseline -0.002 -16"><span class='ocrx_word' id='word_1_113' title='bbox 92 1710 188 1766; x_wconf 87' lang='lat' dir='ltr'>vitam</span> <span class='ocrx_word' id='word_1_114' title='bbox 213 1709 369 1782; x_wconf 89' lang='lat' dir='ltr'>professus</span> <span class='ocrx_word' id='word_1_115' title='bbox 390 1709 566 1782; x_wconf 87' lang='lat' dir='ltr'>regularem,</span> <span class='ocrx_word' id='word_1_116' title='bbox 591 1708 806 1781; x_wconf 87' lang='lat' dir='ltr'>indignationis</span> <span class='ocrx_word' id='word_1_117' title='bbox 831 1709 959 1765; x_wconf 90' lang='lat' dir='ltr'>stimulis</span> <span class='ocrx_word' id='word_1_118' title='bbox 983 1709 1172 1781; x_wconf 89' lang='lat' dir='ltr'>superfluose</span> <span class='ocrx_word' id='word_1_119' title='bbox 1192 1725 1245 1765; x_wconf 85' lang='lat' dir='ltr'>ex·</span> <span class='ocrx_word' id='word_1_120' title='bbox 1261 1721 1289 1772; x_wconf 84' lang='lat'>15</span> 
     </span>
     <span class='ocr_line' id='line_1_17' title="bbox 93 1795 1246 1870; baseline -0.002 -16"><span class='ocrx_word' id='word_1_121' title='bbox 93 1799 225 1870; x_wconf 88' lang='lat' dir='ltr'>agitatus</span> <span class='ocrx_word' id='word_1_122' title='bbox 243 1806 273 1854; x_wconf 90' lang='lat' dir='ltr'>et</span> <span class='ocrx_word' id='word_1_123' title='bbox 289 1807 456 1853; x_wconf 90' lang='lat' dir='ltr'>commotus</span> <span class='ocrx_word' id='word_1_124' title='bbox 469 1797 641 1866; x_wconf 90' lang='lat' dir='ltr'>enormiter,</span> <span class='ocrx_word' id='word_1_125' title='bbox 663 1797 692 1852; x_wconf 95' lang='lat' dir='ltr'>in</span> <span class='ocrx_word' id='word_1_126' title='bbox 714 1797 782 1852; x_wconf 90' lang='lat' dir='ltr'>aula</span> <span class='ocrx_word' id='word_1_127' title='bbox 801 1795 850 1853; x_wconf 90' lang='lat' dir='ltr'>vbi</span> <span class='ocrx_word' id='word_1_128' title='bbox 870 1795 985 1868; x_wconf 87' lang='lat' dir='ltr'>prefata</span> <span class='ocrx_word' id='word_1_129' title='bbox 1006 1795 1246 1852; x_wconf 88' lang='lat' dir='ltr'>mansuetudinis</span> 
     </span>
     <span class='ocr_line' id='line_1_18' title="bbox 93 1882 1246 1956; baseline -0.002 -14"><span class='ocrx_word' id='word_1_130' title='bbox 93 1886 235 1942; x_wconf 90' lang='lat' dir='ltr'>columba</span> <span class='ocrx_word' id='word_1_131' title='bbox 254 1901 322 1941; x_wconf 89' lang='lat' dir='ltr'>cum</span> <span class='ocrx_word' id='word_1_132' title='bbox 342 1884 603 1940; x_wconf 88' lang='lat' dir='ltr'>circumstantibus</span> <span class='ocrx_word' id='word_1_133' title='bbox 622 1883 853 1940; x_wconf 90' lang='lat' dir='ltr'>communicauit</span> <span class='ocrx_word' id='word_1_134' title='bbox 872 1882 1075 1952; x_wconf 83' lang='lat' dir='ltr'>familiaribus,</span> <span class='ocrx_word' id='word_1_135' title='bbox 1094 1892 1246 1956; x_wconf 92' lang='lat' dir='ltr'>protectus</span> 
     </span>
     <span class='ocr_line' id='line_1_19' title="bbox 92 1969 1245 2044; baseline -0.003 -14"><span class='ocrx_word' id='word_1_136' title='bbox 92 1973 233 2030; x_wconf 88' lang='lat' dir='ltr'>ascendit</span> <span class='ocrx_word' id='word_1_137' title='bbox 246 1971 480 2044; x_wconf 89' lang='lat' dir='ltr'>presumptionis</span> <span class='ocrx_word' id='word_1_138' title='bbox 499 1971 604 2044; x_wconf 91' lang='lat' dir='ltr'>clipeo,</span> <span class='ocrx_word' id='word_1_139' title='bbox 622 1981 652 2027; x_wconf 91' lang='lat' dir='ltr'>et</span> <span class='ocrx_word' id='word_1_140' title='bbox 669 1970 802 2027; x_wconf 86' lang='lat' dir='ltr'>inflatiuo</span> <span class='ocrx_word' id='word_1_141' title='bbox 819 1969 981 2028; x_wconf 78' lang='lat' dir='ltr'>inflationis</span> <span class='ocrx_word' id='word_1_142' title='bbox 998 1969 1103 2042; x_wconf 91' lang='lat' dir='ltr'>spiritu</span> <span class='ocrx_word' id='word_1_143' title='bbox 1117 1970 1245 2042; x_wconf 89' lang='lat' dir='ltr'>plurima</span> 
     </span>
     <span class='ocr_line' id='line_1_20' title="bbox 93 2057 1245 2133; baseline -0.003 -17"><span class='ocrx_word' id='word_1_144' title='bbox 93 2061 290 2133; x_wconf 74' lang='lat' dir='ltr'>distorquens</span> <span class='ocrx_word' id='word_1_145' title='bbox 315 2059 458 2128; x_wconf 89' lang='lat' dir='ltr'>conuicia,</span> <span class='ocrx_word' id='word_1_146' title='bbox 484 2058 674 2131; x_wconf 88' lang='lat' dir='ltr'>benignitatis</span> <span class='ocrx_word' id='word_1_147' title='bbox 700 2059 869 2115; x_wconf 89' lang='lat' dir='ltr'>beatificum</span> <span class='ocrx_word' id='word_1_148' title='bbox 896 2066 1055 2131; x_wconf 90' lang='lat' dir='ltr'>patronum</span> <span class='ocrx_word' id='word_1_149' title='bbox 1082 2057 1245 2113; x_wconf 88' lang='lat' dir='ltr'>commina-</span> 
     </span>
     <span class='ocr_line' id='line_1_21' title="bbox 93 2143 1291 2219; baseline -0.008 -14"><span class='ocrx_word' id='word_1_150' title='bbox 93 2148 228 2206; x_wconf 91' lang='lat' dir='ltr'>tionibus</span> <span class='ocrx_word' id='word_1_151' title='bbox 241 2156 271 2203; x_wconf 91' lang='lat' dir='ltr'>et</span> <span class='ocrx_word' id='word_1_152' title='bbox 283 2147 453 2219; x_wconf 88' lang='lat' dir='ltr'>querulosis</span> <span class='ocrx_word' id='word_1_153' title='bbox 466 2146 645 2203; x_wconf 90' lang='lat' dir='ltr'>clamoribus</span> <span class='ocrx_word' id='word_1_154' title='bbox 658 2147 696 2202; x_wconf 88' lang='lat' dir='ltr'>ad</span> <span class='ocrx_word' id='word_1_155' title='bbox 710 2145 894 2202; x_wconf 88' lang='lat' dir='ltr'>iracundiam</span> <span class='ocrx_word' id='word_1_156' title='bbox 910 2161 1074 2218; x_wconf 86' lang='lat' dir='ltr'>prouocare</span> <span class='ocrx_word' id='word_1_157' title='bbox 1087 2143 1244 2201; x_wconf 87' lang='lat' dir='ltr'>nitebatur.</span> <span class='ocrx_word' id='word_1_158' title='bbox 1260 2161 1291 2196; x_wconf 83' lang='lat' dir='ltr'>ao</span> 
     </span>
     <span class='ocr_line' id='line_1_22' title="bbox 93 2232 1245 2307; baseline -0.003 -16"><span class='ocrx_word' id='word_1_159' title='bbox 93 2235 164 2307; x_wconf 83' lang='lat' dir='ltr'>Qui,</span> <span class='ocrx_word' id='word_1_160' title='bbox 185 2233 375 2306; x_wconf 89' lang='lat' dir='ltr'>simplicitate</span> <span class='ocrx_word' id='word_1_161' title='bbox 395 2242 427 2290; x_wconf 88' lang='lat' dir='ltr'>vt</span> <span class='ocrx_word' id='word_1_162' title='bbox 447 2233 543 2290; x_wconf 91' lang='lat' dir='ltr'>fuerat</span> <span class='ocrx_word' id='word_1_163' title='bbox 564 2233 696 2306; x_wconf 90' lang='lat' dir='ltr'>repletus</span> <span class='ocrx_word' id='word_1_164' title='bbox 721 2233 898 2299; x_wconf 87' lang='lat' dir='ltr'>columbina,</span> <span class='ocrx_word' id='word_1_165' title='bbox 918 2233 999 2290; x_wconf 88' lang='lat' dir='ltr'>sellia</span> <span class='ocrx_word' id='word_1_166' title='bbox 1018 2232 1164 2289; x_wconf 83' lang='lat' dir='ltr'>offensiue</span> <span class='ocrx_word' id='word_1_167' title='bbox 1187 2232 1245 2288; x_wconf 91' lang='lat' dir='ltr'>ira-</span> 
     </span>
     <span class='ocr_line' id='line_1_23' title="bbox 92 2318 1245 2396; baseline -0.004 -16"><span class='ocrx_word' id='word_1_168' title='bbox 92 2323 204 2380; x_wconf 91' lang='lat' dir='ltr'>cundie</span> <span class='ocrx_word' id='word_1_169' title='bbox 225 2323 332 2396; x_wconf 88' lang='lat' dir='ltr'>pocula</span> <span class='ocrx_word' id='word_1_170' title='bbox 350 2331 510 2395; x_wconf 89' lang='lat' dir='ltr'>prouocate</span> <span class='ocrx_word' id='word_1_171' title='bbox 533 2321 697 2388; x_wconf 91' lang='lat' dir='ltr'>declinans,</span> <span class='ocrx_word' id='word_1_172' title='bbox 716 2320 831 2377; x_wconf 92' lang='lat' dir='ltr'>cunctis</span> <span class='ocrx_word' id='word_1_173' title='bbox 851 2320 1111 2377; x_wconf 86' lang='lat' dir='ltr'>circumstantibus</span> <span class='ocrx_word' id='word_1_174' title='bbox 1132 2318 1245 2376; x_wconf 88' lang='lat' dir='ltr'>infesti-</span> 
     </span>
     <span class='ocr_line' id='line_1_24' title="bbox 93 2407 1246 2480; baseline -0.003 -12"><span class='ocrx_word' id='word_1_175' title='bbox 93 2419 203 2468; x_wconf 86' lang='lat' dir='ltr'>nanter</span> <span class='ocrx_word' id='word_1_176' title='bbox 222 2410 363 2476; x_wconf 89' lang='lat' dir='ltr'>attonitis,</span> <span class='ocrx_word' id='word_1_177' title='bbox 386 2409 510 2465; x_wconf 90' lang='lat' dir='ltr'>minimo</span> <span class='ocrx_word' id='word_1_178' title='bbox 529 2408 679 2466; x_wconf 90' lang='lat' dir='ltr'>sermonis</span> <span class='ocrx_word' id='word_1_179' title='bbox 695 2408 779 2466; x_wconf 89' lang='lat' dir='ltr'>titulo</span> <span class='ocrx_word' id='word_1_180' title='bbox 797 2425 857 2465; x_wconf 91' lang='lat' dir='ltr'>non</span> <span class='ocrx_word' id='word_1_181' title='bbox 875 2408 1037 2480; x_wconf 91' lang='lat' dir='ltr'>respondit.</span> <span class='ocrx_word' id='word_1_182' title='bbox 1074 2407 1161 2464; x_wconf 91' lang='lat' dir='ltr'>Vnus</span> <span class='ocrx_word' id='word_1_183' title='bbox 1173 2424 1246 2464; x_wconf 88' lang='lat' dir='ltr'>vero</span> 
     </span>
     <span class='ocr_line' id='line_1_25' title="bbox 93 2495 1245 2568; baseline -0.003 -12"><span class='ocrx_word' id='word_1_184' title='bbox 93 2517 163 2556; x_wconf 88' lang='lat' dir='ltr'>cum</span> <span class='ocrx_word' id='word_1_185' title='bbox 189 2509 294 2555; x_wconf 90' lang='lat' dir='ltr'>sancto</span> <span class='ocrx_word' id='word_1_186' title='bbox 313 2496 488 2553; x_wconf 88' lang='lat' dir='ltr'>familiarius</span> <span class='ocrx_word' id='word_1_187' title='bbox 512 2496 542 2551; x_wconf 94' lang='lat' dir='ltr'>in</span> <span class='ocrx_word' id='word_1_188' title='bbox 565 2495 691 2568; x_wconf 89' lang='lat' dir='ltr'>agendis</span> <span class='ocrx_word' id='word_1_189' title='bbox 714 2497 893 2568; x_wconf 86' lang='lat' dir='ltr'>preelectus,</span> <span class='ocrx_word' id='word_1_190' title='bbox 918 2503 1117 2568; x_wconf 88' lang='lat' dir='ltr'>properanter</span> <span class='ocrx_word' id='word_1_191' title='bbox 1141 2496 1245 2552; x_wconf 90' lang='lat' dir='ltr'>subse-</span> 
     </span>
     <span class='ocr_line' id='line_1_26' title="bbox 93 2583 1290 2660; baseline -0.006 -17"><span class='ocrx_word' id='word_1_192' title='bbox 93 2586 219 2660; x_wconf 88' lang='lat' dir='ltr'>quentia</span> <span class='ocrx_word' id='word_1_193' title='bbox 250 2585 386 2658; x_wconf 92' lang='lat' dir='ltr'>prorupit</span> <span class='ocrx_word' id='word_1_194' title='bbox 417 2584 447 2639; x_wconf 93' lang='lat' dir='ltr'>in</span> <span class='ocrx_word' id='word_1_195' title='bbox 477 2584 588 2640; x_wconf 90' lang='lat' dir='ltr'>verba:</span> <span class='ocrx_word' id='word_1_196' title='bbox 621 2584 699 2639; x_wconf 88' lang='lat' dir='ltr'>‘Cur</span> <span class='ocrx_word' id='word_1_197' title='bbox 728 2592 790 2640; x_wconf 90' lang='lat' dir='ltr'>tam</span> <span class='ocrx_word' id='word_1_198' title='bbox 820 2583 921 2657; x_wconf 89' lang='lat' dir='ltr'>grauia</span> <span class='ocrx_word' id='word_1_199' title='bbox 952 2593 1073 2656; x_wconf 91' lang='lat' dir='ltr'>tamque</span> <span class='ocrx_word' id='word_1_200' title='bbox 1109 2583 1245 2655; x_wconf 89' lang='lat' dir='ltr'>patimini</span> <span class='ocrx_word' id='word_1_201' title='bbox 1261 2598 1290 2646; x_wconf 83' lang='lat'>²5</span> 
     </span>
     <span class='ocr_line' id='line_1_27' title="bbox 93 2669 1244 2744; baseline -0.005 -13"><span class='ocrx_word' id='word_1_202' title='bbox 93 2691 234 2744; x_wconf 90' lang='lat' dir='ltr'>onerosa,</span> <span class='ocrx_word' id='word_1_203' title='bbox 259 2674 331 2729; x_wconf 89' lang='lat' dir='ltr'>dum</span> <span class='ocrx_word' id='word_1_204' title='bbox 363 2672 428 2728; x_wconf 91' lang='lat' dir='ltr'>solo</span> <span class='ocrx_word' id='word_1_205' title='bbox 457 2672 550 2727; x_wconf 90' lang='lat' dir='ltr'>verbo</span> <span class='ocrx_word' id='word_1_206' title='bbox 574 2670 685 2727; x_wconf 91' lang='lat' dir='ltr'>vinculi</span> <span class='ocrx_word' id='word_1_207' title='bbox 716 2671 923 2727; x_wconf 90' lang='lat' dir='ltr'>obedientialis</span> <span class='ocrx_word' id='word_1_208' title='bbox 954 2671 1033 2728; x_wconf 93' lang='lat' dir='ltr'>hunc</span> <span class='ocrx_word' id='word_1_209' title='bbox 1061 2672 1099 2727; x_wconf 91' lang='lat' dir='ltr'>ad</span> <span class='ocrx_word' id='word_1_210' title='bbox 1125 2669 1244 2727; x_wconf 88' lang='lat' dir='ltr'>claustri</span> 
     </span>
     <span class='ocr_line' id='line_1_28' title="bbox 92 2756 1245 2836; baseline -0.003 -19"><span class='ocrx_word' id='word_1_211' title='bbox 92 2763 222 2836; x_wconf 90' lang='lat' dir='ltr'>gradum</span> <span class='ocrx_word' id='word_1_212' title='bbox 244 2759 401 2816; x_wconf 84' lang='lat' dir='ltr'>confestim</span> <span class='ocrx_word' id='word_1_213' title='bbox 427 2757 565 2831; x_wconf 90' lang='lat' dir='ltr'>potuistis</span> <span class='ocrx_word' id='word_1_214' title='bbox 591 2759 765 2815; x_wconf 83' lang='lat' dir='ltr'>remittere?</span> <span class='ocrx_word' id='word_1_215' title='bbox 802 2757 847 2814; x_wconf 87' lang='lat' dir='ltr'>En</span> <span class='ocrx_word' id='word_1_216' title='bbox 873 2759 1041 2814; x_wconf 89' lang='lat' dir='ltr'>sententias</span> <span class='ocrx_word' id='word_1_217' title='bbox 1065 2756 1245 2814; x_wconf 89' lang='lat' dir='ltr'>defensoriis</span> 
     </span>
     <span class='ocr_line' id='line_1_29' title="bbox 92 2844 1245 2924; baseline -0.005 -18"><span class='ocrx_word' id='word_1_218' title='bbox 92 2848 329 2924; x_wconf 86' lang='lat' dir='ltr'>propugnaculis</span> <span class='ocrx_word' id='word_1_219' title='bbox 347 2847 483 2919; x_wconf 90' lang='lat' dir='ltr'>palliatas</span> <span class='ocrx_word' id='word_1_220' title='bbox 502 2846 634 2918; x_wconf 87' lang='lat' dir='ltr'>undique</span> <span class='ocrx_word' id='word_1_221' title='bbox 653 2846 869 2902; x_wconf 90' lang='lat' dir='ltr'>circumuoluit.</span> <span class='ocrx_word' id='word_1_222' title='bbox 908 2845 954 2901; x_wconf 87' lang='lat' dir='ltr'>En</span> <span class='ocrx_word' id='word_1_223' title='bbox 976 2847 1013 2902; x_wconf 96' lang='lat' dir='ltr'>de</span> <span class='ocrx_word' id='word_1_224' title='bbox 1036 2844 1122 2902; x_wconf 88' lang='lat' dir='ltr'>fouea</span> <span class='ocrx_word' id='word_1_225' title='bbox 1141 2844 1245 2901; x_wconf 91' lang='lat' dir='ltr'>hericii</span> 
     </span>
     <span class='ocr_line' id='line_1_30' title="bbox 92 2931 1244 3007; baseline -0.006 -13"><span class='ocrx_word' id='word_1_226' title='bbox 92 2936 330 3007; x_wconf 90' lang='lat' dir='ltr'>occulciorisque</span> <span class='ocrx_word' id='word_1_227' title='bbox 362 2934 477 2990; x_wconf 91' lang='lat' dir='ltr'>malicie</span> <span class='ocrx_word' id='word_1_228' title='bbox 507 2934 629 2989; x_wconf 90' lang='lat' dir='ltr'>latibulo</span> <span class='ocrx_word' id='word_1_229' title='bbox 660 2933 860 2989; x_wconf 89' lang='lat' dir='ltr'>innocentiam</span> <span class='ocrx_word' id='word_1_230' title='bbox 892 2943 1089 3005; x_wconf 91' lang='lat' dir='ltr'>prosternens</span> <span class='ocrx_word' id='word_1_231' title='bbox 1126 2931 1244 3004; x_wconf 88' lang='lat' dir='ltr'>perflati</span> 
     </span>
     <span class='ocr_line' id='line_1_31' title="bbox 93 3019 1290 3089; baseline -0.007 -6"><span class='ocrx_word' id='word_1_232' title='bbox 93 3024 223 3084; x_wconf 90' lang='lat' dir='ltr'>tumoris</span> <span class='ocrx_word' id='word_1_233' title='bbox 242 3021 367 3079; x_wconf 75' lang='lat' dir='ltr'>sibilus⁶</span> <span class='ocrx_word' id='word_1_234' title='bbox 385 3021 544 3077; x_wconf 85' lang='lat' dir='ltr'>emanauit</span> <span class='ocrx_word' id='word_1_235' title='bbox 581 3021 643 3078; x_wconf 91' lang='lat' dir='ltr'>Cur</span> <span class='ocrx_word' id='word_1_236' title='bbox 661 3020 850 3077; x_wconf 89' lang='lat' dir='ltr'>dehonestati</span> <span class='ocrx_word' id='word_1_237' title='bbox 871 3019 995 3077; x_wconf 91' lang='lat' dir='ltr'>honoris</span> <span class='ocrx_word' id='word_1_238' title='bbox 1015 3019 1244 3077; x_wconf 90' lang='lat' dir='ltr'>irreuerentiam</span> <span class='ocrx_word' id='word_1_239' title='bbox 1258 3041 1290 3089; x_wconf 79' lang='lat'>30</span> 
     </span>
     <span class='ocr_line' id='line_1_32' title="bbox 93 3105 1245 3185; baseline -0.007 -15"><span class='ocrx_word' id='word_1_240' title='bbox 93 3131 156 3170; x_wconf 93' lang='lat' dir='ltr'>non</span> <span class='ocrx_word' id='word_1_241' title='bbox 173 3111 347 3185; x_wconf 79' lang='lat' dir='ltr'>percipitis?</span> <span class='ocrx_word' id='word_1_242' title='bbox 384 3109 446 3166; x_wconf 90' lang='lat' dir='ltr'>Cur</span> <span class='ocrx_word' id='word_1_243' title='bbox 463 3119 545 3165; x_wconf 90' lang='lat' dir='ltr'>tante</span> <span class='ocrx_word' id='word_1_244' title='bbox 564 3106 680 3164; x_wconf 89' lang='lat' dir='ltr'>malicie</span> <span class='ocrx_word' id='word_1_245' title='bbox 699 3108 834 3164; x_wconf 91' lang='lat' dir='ltr'>sobolem</span> <span class='ocrx_word' id='word_1_246' title='bbox 854 3124 915 3164; x_wconf 91' lang='lat' dir='ltr'>non</span> <span class='ocrx_word' id='word_1_247' title='bbox 934 3107 1151 3179; x_wconf 83' lang='lat' dir='ltr'>expugnatisl’</span> <span class='ocrx_word' id='word_1_248' title='bbox 1189 3105 1245 3164; x_wconf 91' lang='lat' dir='ltr'>Cui</span> 
     </span>
     <span class='ocr_line' id='line_1_33' title="bbox 92 3194 1245 3270; baseline -0.008 -12"><span class='ocrx_word' id='word_1_249' title='bbox 92 3200 261 3258; x_wconf 88' lang='lat' dir='ltr'>veridicum</span> <span class='ocrx_word' id='word_1_250' title='bbox 285 3197 443 3270; x_wconf 82' lang='lat' dir='ltr'>exemplar</span> <span class='ocrx_word' id='word_1_251' title='bbox 467 3197 612 3269; x_wconf 89' lang='lat' dir='ltr'>patientie</span> <span class='ocrx_word' id='word_1_252' title='bbox 634 3197 671 3252; x_wconf 88' lang='lat' dir='ltr'>ad</span> <span class='ocrx_word' id='word_1_253' title='bbox 697 3196 791 3252; x_wconf 86' lang='lat' dir='ltr'>instar</span> <span class='ocrx_word' id='word_1_254' title='bbox 810 3195 974 3252; x_wconf 88' lang='lat' dir='ltr'>beatissimi</span> <span class='ocrx_word' id='word_1_255' title='bbox 998 3195 1059 3263; x_wconf 93' lang='lat' dir='ltr'>Iob,</span> <span class='ocrx_word' id='word_1_256' title='bbox 1082 3194 1245 3267; x_wconf 91' lang='lat' dir='ltr'>spiritualis</span> 
     </span>
     <span class='ocr_line' id='line_1_34' title="bbox 93 3281 1244 3361; baseline -0.006 -17"><span class='ocrx_word' id='word_1_257' title='bbox 93 3287 185 3361; x_wconf 87' lang='lat' dir='ltr'>sigilli</span> <span class='ocrx_word' id='word_1_258' title='bbox 216 3285 358 3359; x_wconf 88' lang='lat' dir='ltr'>ymagine</span> <span class='ocrx_word' id='word_1_259' title='bbox 388 3284 561 3340; x_wconf 85' lang='lat' dir='ltr'>defensorie</span> <span class='ocrx_word' id='word_1_260' title='bbox 591 3283 791 3355; x_wconf 88' lang='lat' dir='ltr'>consignatus,</span> <span class='ocrx_word' id='word_1_261' title='bbox 817 3298 996 3356; x_wconf 89' lang='lat' dir='ltr'>responsum</span> <span class='ocrx_word' id='word_1_262' title='bbox 1023 3283 1159 3355; x_wconf 88' lang='lat' dir='ltr'>regulare</span> <span class='ocrx_word' id='word_1_263' title='bbox 1186 3281 1244 3338; x_wconf 89' lang='lat' dir='ltr'>tale</span> 
     </span>
     <span class='ocr_line' id='line_1_35' title="bbox 92 3372 1245 3445; baseline -0.007 -13"><span class='ocrx_word' id='word_1_264' title='bbox 92 3376 195 3433; x_wconf 90' lang='lat' dir='ltr'>dedit:</span> <span class='ocrx_word' id='word_1_265' title='bbox 216 3373 317 3440; x_wconf 75' lang='lat' dir='ltr'>‘Cum</span> <span class='ocrx_word' id='word_1_266' title='bbox 338 3372 442 3445; x_wconf 91' lang='lat' dir='ltr'>inquit,</span> <span class='ocrx_word' id='word_1_267' title='bbox 464 3373 553 3444; x_wconf 87' lang='lat' dir='ltr'>ignee</span> <span class='ocrx_word' id='word_1_268' title='bbox 573 3373 641 3428; x_wconf 93' lang='lat' dir='ltr'>tede</span> <span class='ocrx_word' id='word_1_269' title='bbox 662 3379 857 3427; x_wconf 82' lang='lat' dir='ltr'>exestuantes</span> <span class='ocrx_word' id='word_1_270' title='bbox 879 3372 1037 3426; x_wconf 91' lang='lat' dir='ltr'>domorum</span> <span class='ocrx_word' id='word_1_271' title='bbox 1062 3377 1140 3426; x_wconf 88' lang='lat' dir='ltr'>tecta</span> <span class='ocrx_word' id='word_1_272' title='bbox 1164 3379 1245 3424; x_wconf 86' lang='lat' dir='ltr'>tran·</span> 
     </span>
     <span class='ocr_line' id='line_1_36' title="bbox 93 3457 1290 3532; baseline -0.006 -12"><span class='ocrx_word' id='word_1_273' title='bbox 93 3463 253 3530; x_wconf 91' lang='lat' dir='ltr'>scendunt,</span> <span class='ocrx_word' id='word_1_274' title='bbox 279 3460 474 3532; x_wconf 74' lang='lat' dir='ltr'>flammigeris</span> <span class='ocrx_word' id='word_1_275' title='bbox 502 3459 559 3515; x_wconf 89' lang='lat' dir='ltr'>alis</span> <span class='ocrx_word' id='word_1_276' title='bbox 584 3459 688 3516; x_wconf 89' lang='lat' dir='ltr'>altiora</span> <span class='ocrx_word' id='word_1_277' title='bbox 715 3459 794 3514; x_wconf 88' lang='lat' dir='ltr'>aeris</span> <span class='ocrx_word' id='word_1_278' title='bbox 821 3458 1057 3530; x_wconf 88' lang='lat' dir='ltr'>penetrantibus,</span> <span class='ocrx_word' id='word_1_279' title='bbox 1089 3457 1246 3529; x_wconf 84' lang='lat' dir='ltr'>nunquid⁸</span> <span class='ocrx_word' id='word_1_280' title='bbox 1259 3475 1290 3526; x_wconf 71' lang='lat'>35</span> 
     </span>
     <span class='ocr_line' id='line_1_37' title="bbox 93 3543 1246 3618; baseline -0.007 -11"><span class='ocrx_word' id='word_1_281' title='bbox 93 3559 212 3608; x_wconf 88' lang='lat' dir='ltr'>mature</span> <span class='ocrx_word' id='word_1_282' title='bbox 243 3547 450 3605; x_wconf 85' lang='lat' dir='ltr'>deliberationi</span> <span class='ocrx_word' id='word_1_283' title='bbox 474 3547 550 3603; x_wconf 90' lang='lat' dir='ltr'>foret</span> <span class='ocrx_word' id='word_1_284' title='bbox 574 3545 792 3618; x_wconf 88' lang='lat' dir='ltr'>imputandum,</span> <span class='ocrx_word' id='word_1_285' title='bbox 820 3546 893 3602; x_wconf 90' lang='lat' dir='ltr'>tanti</span> <span class='ocrx_word' id='word_1_286' title='bbox 924 3545 1030 3602; x_wconf 89' lang='lat' dir='ltr'>caloris</span> <span class='ocrx_word' id='word_1_287' title='bbox 1054 3543 1246 3602; x_wconf 89' lang='lat' dir='ltr'>vehementie</span> 
     </span>
     <span class='ocr_line' id='line_1_38' title="bbox 93 3633 1245 3706; baseline -0.007 -10"><span class='ocrx_word' id='word_1_288' title='bbox 93 3636 301 3696; x_wconf 87' lang='lat' dir='ltr'>combustialia</span> <span class='ocrx_word' id='word_1_289' title='bbox 323 3636 527 3706; x_wconf 85' lang='lat' dir='ltr'>superaddere</span> <span class='ocrx_word' id='word_1_290' title='bbox 546 3634 695 3706; x_wconf 77' lang='lat' dir='ltr'>plurima?</span> <span class='ocrx_word' id='word_1_291' title='bbox 733 3633 881 3706; x_wconf 91' lang='lat' dir='ltr'>Numqui</span> <span class='ocrx_word' id='word_1_292' title='bbox 902 3633 1002 3706; x_wconf 87' lang='lat' dir='ltr'>ignem</span> <span class='ocrx_word' id='word_1_293' title='bbox 1022 3633 1177 3705; x_wconf 90' lang='lat' dir='ltr'>copiosum</span> <span class='ocrx_word' id='word_1_294' title='bbox 1197 3647 1245 3688; x_wconf 92' lang='lat' dir='ltr'>ac·</span> 
     </span>
     <span class='ocr_line' id='line_1_39' title="bbox 92 3722 1244 3794; baseline -0.009 -11"><span class='ocrx_word' id='word_1_295' title='bbox 92 3726 247 3791; x_wconf 88' lang='lat' dir='ltr'>cenderet,</span> <span class='ocrx_word' id='word_1_296' title='bbox 259 3724 383 3779; x_wconf 91' lang='lat' dir='ltr'>domum</span> <span class='ocrx_word' id='word_1_297' title='bbox 396 3723 601 3778; x_wconf 89' lang='lat' dir='ltr'>consumendo</span> <span class='ocrx_word' id='word_1_298' title='bbox 615 3722 824 3778; x_wconf 85' lang='lat' dir='ltr'>combureret?</span> <span class='ocrx_word' id='word_1_299' title='bbox 860 3722 938 3778; x_wconf 88' lang='lat' dir='ltr'>‘lste</span> <span class='ocrx_word' id='word_1_300' title='bbox 951 3722 989 3777; x_wconf 93' lang='lat' dir='ltr'>ad</span> <span class='ocrx_word' id='word_1_301' title='bbox 1002 3737 1131 3794; x_wconf 89' lang='lat' dir='ltr'>presens</span> <span class='ocrx_word' id='word_1_302' title='bbox 1145 3727 1244 3775; x_wconf 89' lang='lat' dir='ltr'>estuo·</span> 
     </span>
     <span class='ocr_line' id='line_1_40' title="bbox 93 3805 1243 3881; baseline -0.01 -11"><span class='ocrx_word' id='word_1_303' title='bbox 93 3813 216 3870; x_wconf 86' lang='lat' dir='ltr'>sissimo</span> <span class='ocrx_word' id='word_1_304' title='bbox 237 3811 280 3866; x_wconf 92' lang='lat' dir='ltr'>ire</span> <span class='ocrx_word' id='word_1_305' title='bbox 302 3809 441 3865; x_wconf 93' lang='lat' dir='ltr'>incendio</span> <span class='ocrx_word' id='word_1_306' title='bbox 466 3809 587 3881; x_wconf 89' lang='lat' dir='ltr'>palliato</span> <span class='ocrx_word' id='word_1_307' title='bbox 612 3809 708 3865; x_wconf 91' lang='lat' dir='ltr'>fronte</span> <span class='ocrx_word' id='word_1_308' title='bbox 734 3809 896 3878; x_wconf 90' lang='lat' dir='ltr'>incanduit,</span> <span class='ocrx_word' id='word_1_309' title='bbox 918 3818 948 3865; x_wconf 90' lang='lat' dir='ltr'>et</span> <span class='ocrx_word' id='word_1_310' title='bbox 973 3808 998 3864; x_wconf 92' lang='lat' dir='ltr'>si</span> <span class='ocrx_word' id='word_1_311' title='bbox 1019 3807 1070 3863; x_wconf 88' lang='lat' dir='ltr'>tali</span> <span class='ocrx_word' id='word_1_312' title='bbox 1095 3805 1243 3863; x_wconf 90' lang='lat' dir='ltr'>adustioni</span> 
     </span>
     <span class='ocr_line' id='line_1_41' title="bbox 94 3891 1291 3974; baseline -0.013 -17"><span class='ocrx_word' id='word_1_313' title='bbox 94 3903 184 3974; x_wconf 91' lang='lat' dir='ltr'>ignee</span> <span class='ocrx_word' id='word_1_314' title='bbox 200 3898 436 3971; x_wconf 87' lang='lat' dir='ltr'>superadderem</span> <span class='ocrx_word' id='word_1_315' title='bbox 457 3897 568 3953; x_wconf 89' lang='lat' dir='ltr'>faculas</span> <span class='ocrx_word' id='word_1_316' title='bbox 586 3899 747 3954; x_wconf 90' lang='lat' dir='ltr'>verborum</span> <span class='ocrx_word' id='word_1_317' title='bbox 767 3897 1021 3964; x_wconf 86' lang='lat' dir='ltr'>comminantium,</span> <span class='ocrx_word' id='word_1_318' title='bbox 1034 3891 1245 3951; x_wconf 89' lang='lat' dir='ltr'>vehementius</span> <span class='ocrx_word' id='word_1_319' title='bbox 1259 3908 1291 3958; x_wconf 81' lang='lat'>⁴0</span> 
     </span>
     <span class='ocr_line' id='line_1_42' title="bbox 92 3979 1244 4045; baseline -0.01 0"><span class='ocrx_word' id='word_1_320' title='bbox 92 4003 241 4045; x_wconf 89' lang='lat' dir='ltr'>accensus</span> <span class='ocrx_word' id='word_1_321' title='bbox 260 3987 290 4042; x_wconf 92' lang='lat' dir='ltr'>in</span> <span class='ocrx_word' id='word_1_322' title='bbox 309 3985 449 4042; x_wconf 88' lang='lat' dir='ltr'>semitam</span> <span class='ocrx_word' id='word_1_323' title='bbox 469 3983 654 4041; x_wconf 89' lang='lat' dir='ltr'>rectitudinis</span> <span class='ocrx_word' id='word_1_324' title='bbox 674 4003 733 4041; x_wconf 92' lang='lat' dir='ltr'>non</span> <span class='ocrx_word' id='word_1_325' title='bbox 752 3995 834 4042; x_wconf 89' lang='lat' dir='ltr'>esset</span> <span class='ocrx_word' id='word_1_326' title='bbox 851 3983 1025 4041; x_wconf 87' lang='lat' dir='ltr'>charitatiue</span> <span class='ocrx_word' id='word_1_327' title='bbox 1046 3979 1244 4037; x_wconf 89' lang='lat' dir='ltr'>reducendus.</span> 
     </span>
     <span class='ocr_line' id='line_1_43' title="bbox 94 4066 1245 4143; baseline -0.01 -10"><span class='ocrx_word' id='word_1_328' title='bbox 94 4076 158 4133; x_wconf 88' lang='lat' dir='ltr'>Sed</span> <span class='ocrx_word' id='word_1_329' title='bbox 171 4073 332 4132; x_wconf 87' lang='lat' dir='ltr'>subtractis</span> <span class='ocrx_word' id='word_1_330' title='bbox 345 4083 406 4129; x_wconf 89' lang='lat' dir='ltr'>tam</span> <span class='ocrx_word' id='word_1_331' title='bbox 419 4071 560 4129; x_wconf 90' lang='lat' dir='ltr'>immensi</span> <span class='ocrx_word' id='word_1_332' title='bbox 575 4073 682 4129; x_wconf 91' lang='lat' dir='ltr'>caloris</span> <span class='ocrx_word' id='word_1_333' title='bbox 694 4073 807 4142; x_wconf 86' lang='lat' dir='ltr'>iaculis,</span> <span class='ocrx_word' id='word_1_334' title='bbox 820 4074 857 4129; x_wconf 87' lang='lat' dir='ltr'>ad</span> <span class='ocrx_word' id='word_1_335' title='bbox 871 4082 1007 4143; x_wconf 89' lang='lat' dir='ltr'>tempora</span> <span class='ocrx_word' id='word_1_336' title='bbox 1025 4066 1245 4125; x_wconf 89' lang='lat' dir='ltr'>reformationis</span> 
     </span>
     <span class='ocr_line' id='line_1_44' title="bbox 93 4155 1244 4228; baseline -0.01 -7"><span class='ocrx_word' id='word_1_337' title='bbox 93 4162 304 4222; x_wconf 86' lang='lat' dir='ltr'>deliberatorie</span> <span class='ocrx_word' id='word_1_338' title='bbox 335 4161 509 4218; x_wconf 69' lang='lat' dir='ltr'>veniemus!</span> <span class='ocrx_word' id='word_1_339' title='bbox 555 4159 592 4216; x_wconf 88' lang='lat' dir='ltr'>Et</span> <span class='ocrx_word' id='word_1_340' title='bbox 622 4161 680 4218; x_wconf 88' lang='lat' dir='ltr'>hiis</span> <span class='ocrx_word' id='word_1_341' title='bbox 710 4159 897 4228; x_wconf 89' lang='lat' dir='ltr'>modificatis,</span> <span class='ocrx_word' id='word_1_342' title='bbox 925 4158 1067 4214; x_wconf 89' lang='lat' dir='ltr'>immotus</span> <span class='ocrx_word' id='word_1_343' title='bbox 1097 4155 1244 4210; x_wconf 89' lang='lat' dir='ltr'>recedens</span> 
     </span>
    </p>
   </div>
   <div class='ocr_carea' id='block_1_3' title="bbox 93 4267 1242 4402">
    <p class='ocr_par' dir='ltr' id='par_1_3' title="bbox 93 4267 1242 4402">
     <span class='ocr_line' id='line_1_45' title="bbox 126 4267 1242 4336; baseline -0.006 -10"><span class='ocrx_word' id='word_1_344' title='bbox 126 4277 184 4326; x_wconf 77' lang='grc' dir='ltr'>ιΕ.</span> <span class='ocrx_word' id='word_1_345' title='bbox 196 4277 295 4327; x_wconf 82' lang='lat' dir='ltr'>friuola.</span> <span class='ocrx_word' id='word_1_346' title='bbox 405 4273 461 4324; x_wconf 68' lang='grc' dir='ltr'><strong>Ἐ</strong></span> <span class='ocrx_word' id='word_1_347' title='bbox 475 4283 618 4336; x_wconf 81' lang='lat' dir='ltr'>occapatus.</span> <span class='ocrx_word' id='word_1_348' title='bbox 728 4273 970 4324; x_wconf 74' lang='lat' dir='ltr'>&#39;acircumfususl</span> <span class='ocrx_word' id='word_1_349' title='bbox 1069 4267 1126 4319; x_wconf 78' lang='lat'><strong>⁴1¹2.</strong></span> <span class='ocrx_word' id='word_1_350' title='bbox 1137 4267 1242 4319; x_wconf 84' lang='lat' dir='ltr'>Vnicua.</span> 
     </span>
     <span class='ocr_line' id='line_1_46' title="bbox 93 4341 559 4402; baseline -0.009 -7"><span class='ocrx_word' id='word_1_351' title='bbox 93 4343 150 4394; x_wconf 77' lang='lat' dir='ltr'>⁵F.</span> <span class='ocrx_word' id='word_1_352' title='bbox 165 4344 270 4394; x_wconf 84' lang='lat' dir='ltr'>sibulus.</span> <span class='ocrx_word' id='word_1_353' title='bbox 370 4341 426 4391; x_wconf 69' lang='lat' dir='ltr'>&#39;E</span> <span class='ocrx_word' id='word_1_354' title='bbox 441 4342 559 4402; x_wconf 89' lang='lat' dir='ltr'>nunquit.</span> 
     </span>
    </p>
   </div>
   <div class='ocr_carea' id='block_1_4' title="bbox 0 0 1526 4894">
    <p class='ocr_par' dir='ltr' id='par_1_4' title="bbox 0 0 1526 4894">
     <span class='ocr_line' id='line_1_47' title="bbox 0 0 1526 4894; baseline 0 0"><span class='ocrx_word' id='word_1_355' title='bbox 0 0 1526 4894; x_wconf 95' lang='lat' dir='ltr'> </span> 
     </span>
    </p>
   </div>
  </div>
 </body>
</html>
