3046 4902
275 317 346 408 598
710 307 912 410 ippum
939 307 993 386 11.

272 513 405 580 smum
425 528 477 567 uec
494 511 570 566 enim
585 511 707 566 decebat
718 521 748 565 vt
765 521 876 564 tantum
894 512 989 565 lumen
1008 510 1170 580 ignorantie
1185 513 1266 566 nube
1283 523 1434 582 tegeretur.

274 597 362 651 Cuius
372 595 498 650 adtrermr
510 611 561 664 per
572 597 669 650 urbem
682 593 867 660 conclamato,
880 593 1080 664 religiosorum,
1088 593 1260 648 clericorum
1275 608 1304 649 et
1319 611 1434 664 magna·

272 689 365 732 torum
385 689 506 742 caterua,
527 677 614 730 immo
637 677 718 747 quasi
740 687 800 730 tota
824 675 926 730 ciuitas
950 675 979 730 in
1000 693 1149 730 occtusum
1168 677 1234 731 eius
1260 677 1435 732 conuolauit

275 760 352 816 Hinc
363 763 453 814 elatus
465 761 493 814 in
506 761 638 824 humeris,
651 777 748 814 versus
759 759 907 814 mesiam
926 759 1001 814 beati
1016 759 1094 814 Pauli
1107 761 1231 829 apostoli
1245 779 1316 814 cum
1333 777 1437 829 magna

245 843 388 909 ,claudum
404 843 564 912 irequemia
582 843 752 912 deponatur.
789 839 908 896 ¹1etare
929 842 985 895 iam
1001 843 1156 908 londonia,
1168 844 1240 897 vrbs
1254 845 1363 913 Anglie
1383 845 1437 897 iam

274 925 494 996 opulentissima,
516 941 620 992 magna
639 923 753 994 quidem
777 923 833 978 tuis
853 925 1041 993 magnatibus,
1067 935 1109 979 set
1134 926 1228 979 maior
1252 945 1291 982 ac
1314 927 1439 981 maxima

275 1008 350 1064 beati
365 1009 509 1062 Edmundi
523 1007 772 1076 magnitudinibus
810 1007 885 1060 Satis
896 1017 924 1060 et
943 1007 1098 1062 admodum
1116 1009 1276 1076 gemuisti¹
1293 1028 1363 1064 cum
1382 1025 1438 1062 non

275 1091 402 1162 pariente
421 1091 526 1145 sterili:
545 1107 642 1144 verum
661 1105 727 1144 ecce
752 1089 854 1144 sterilis
873 1091 960 1144 letare
978 1106 1034 1160 que
1051 1107 1110 1145 nou
1128 1091 1227 1160 paris;
1247 1110 1309 1164 que
1331 1109 1439 1163 patrem

277 1173 398 1244 parturis
420 1175 462 1228 vel
483 1173 571 1228 habes
593 1183 706 1226 sanctos
728 1183 794 1226 ante
815 1173 896 1228 istius
921 1173 1064 1228 Edmundi
1089 1174 1261 1243 ingressum,
1290 1177 1390 1230 clama
1413 1189 1439 1228 et

235 1273 263 1308 ro
275 1273 392 1325 erumpe
403 1255 494 1310 laudis
503 1255 663 1308 uhibendo
675 1255 773 1321 melos,
786 1254 854 1325 quia
863 1255 939 1310 venit
950 1255 999 1310 tibi
1013 1256 1182 1324 suffragator
1195 1259 1235 1312 ab
1251 1259 1411 1325 Estanglia
1421 1256 1438 1322 ³,

277 1335 383 1408 [felix]‘
396 1337 438 1391 sui
452 1337 575 1392 nontinis
587 1337 808 1408 nuncupacione.
832 1339 891 1392 lam
901 1355 997 1393 secure
1007 1339 1271 1394 zacharizabiscum
1282 1342 1438 1396 Zacharia:
1508 1373 1509 1410 ,

276 1419 424 1474 ‘Visitauit
437 1421 644 1475 oriensexalto
657 1421 770 1474 nostra.¹
806 1421 883 1475 Etvt
896 1421 1061 1476 euidencius
1074 1423 1186 1477 noueris
1199 1425 1266 1494 quis
1277 1438 1440 1495 quantusve
1508 1433 1509 1440 ’

276 1515 341 1558 tuas
359 1503 459 1556 subeat
478 1513 583 1572 portas,
598 1503 735 1557 miracula
751 1519 803 1574 per
819 1521 884 1558 eum
903 1504 978 1558 facta
996 1505 1149 1560 declarant.
1188 1507 1292 1574 Egroti
1314 1525 1440 1578 namque

278 1585 362 1640 variis
380 1587 542 1654 hngoribus
558 1597 756 1654 aggregantur,
769 1587 863 1656 platee
879 1587 1013 1642 debilium
1030 1587 1211 1642 multitudine
1224 1591 1439 1660 constipantur.

237 1687 263 1734 ¹5
281 1671 333 1724 Per
350 1679 497 1722 cuntorum
516 1685 566 1722 ora
587 1667 731 1722 Edmundi
752 1685 865 1732 nomen,
886 1670 1032 1724 Edmundi
1054 1671 1124 1736 laus,
1145 1671 1297 1727 Edmundi
1325 1687 1440 1729 resomt

278 1751 448 1822 preconium.
486 1753 568 1806 Cecis
581 1750 728 1821 peregrina
741 1751 839 1806 muudi
853 1753 963 1822 species
974 1763 1042 1807 tunc
1059 1753 1150 1822 primo
1161 1753 1317 1823 serutatur,
1332 1757 1441 1811 claudis

278 1836 356 1890 rudis
366 1835 489 1890 inceste
499 1834 665 1901 innonatur3
680 1835 913 1904 paraliticislluxa
922 1837 1113 1890 membrorum
1122 1836 1238 1892 officina
1248 1839 1441 1910 restringitur,

278 1919 397 1988 leprosis
421 1935 568 1988 corporum
596 1916 741 1971 mundicia
768 1917 940 1986 restituitur3
972 1919 1003 1973 fit
1024 1918 1129 1973 diserta
1154 1919 1253 1988 lingua
1283 1933 1441 1988 mutorum,

280 2013 426 2072 patescunt
457 2018 539 2056 aures
570 1999 726 2054 surdorum
767 2001 878 2071 Sicque,
910 2003 965 2056 deo
994 2011 1171 2072 cooperante,
1203 2003 1317 2058 meritis
1351 2007 1440 2060 sancti

237 2101 267 2138 ro
281 2085 424 2140 Edmundi
436 2101 455 2136 a
464 2084 510 2138 via
518 2100 573 2154 que
586 2082 688 2138 dicitur
699 2085 800 2152 Algate
808 2101 896 2155 vsque
908 2084 946 2138 ad
959 2085 1106 2139 ecclesiam
1119 2085 1196 2139 beati
1210 2087 1348 2156 Gregorii
1359 2105 1440 2159 pape,
1510 2107 1511 2132 ³

280 2167 345 2238 xviij
358 2168 435 2222 varia
450 2165 609 2221 infirmitate
629 2165 735 2220 detenti
757 2166 924 2222 miraculose
943 2177 1009 2222 sunt
1026 2166 1124 2234 curati,
1137 2167 1243 2237 quibus
1259 2170 1441 2226 medicorum

280 2251 412 2306 diuturna
425 2251 558 2305 sedulitas
571 2247 720 2304 sanitatem
732 2249 858 2303 conferre
868 2267 924 2304 non
935 2249 1029 2304 valuit.
1063 2249 1087 2307 tl
1100 2249 1145 2302 De
1156 2251 1280 2304 muliere
1292 2260 1441 2307 conrmctu

280 2334 424 2388 Mndouie
435 2339 546 2386 sanata.
570 2327 685 2386 'Audito
697 2331 792 2401 itaque
805 2332 911 2400 uulgari
925 2333 1042 2402 plausu:
1056 2332 1179 2401 quedam
1192 2343 1286 2388 strato
1299 2339 1440 2391 recubans

280 2427 426 2472 eontracta
438 2415 545 2482 mulier,
558 2431 612 2485 que
625 2430 676 2468 nec
696 2413 826 2470 incedere
844 2429 896 2468 nec
913 2415 1031 2484 grabato
1046 2415 1146 2484 pedem
1164 2416 1323 2472 extendere
1341 2419 1439 2487 potuit,
1511 2452 1512 2484 ,

237 2515 267 2566 ²5
280 2497 444 2554 domesticis
457 2498 513 2552 ait:
533 2497 688 2567 ‘Quisnam
708 2497 755 2551 bic
771 2509 814 2552 est
827 2497 920 2566 fragor
936 2496 1122 2551 multitudinis
1135 2497 1358 2554 vociferantisi'
1396 2503 1439 2557 Ad
1511 2491 1512 2494 ¹

280 2597 366 2651 quam
385 2580 441 2634 illi:
461 2581 524 2633 ‘Au
543 2580 664 2648 ignoras,
682 2579 769 2648 aiunt,
789 2589 916 2634 sanctum
935 2579 1117 2633 Edmundum
1132 2597 1228 2648 regem
1246 2583 1438 2639 Orientalium

281 2665 445 2734 Anglorum,
452 2663 499 2734 qui
510 2663 547 2716 ab
558 2663 716 2717 infidelibus
726 2673 754 2718 et
762 2663 855 2732 impiis
866 2663 983 2732 paganis
993 2663 1127 2716 innocens
1136 2679 1187 2732 pro
1198 2664 1319 2720 Christo
1329 2669 1439 2722 occisus

283 2744 392 2819 [est]³l
429 2746 473 2800 hic
495 2747 591 2800 vrbem
610 2745 693 2800 istam
713 2746 856 2816 ingressus
878 2745 1013 2816 plurimos
1033 2744 1147 2813 langore
1169 2745 1292 2814 depulso
1315 2751 1439 2806 reddidit

282 2829 426 2901 sospitati’
456 2831 538 2884 Tunc
551 2828 616 2882 illa:
636 2830 720 2882 ‘Heu
734 2827 829 2896 michi,
842 2827 888 2897 ait,
901 2825 1004 2900 quam*
1015 2827 1086 2881 deus
1098 2843 1155 2881 non
1168 2826 1307 2884 iudicauit
1323 2832 1439 2902 dignam

237 2930 269 2980 30
283 2915 355 2968 illius
367 2913 491 2968 oblatam
505 2911 650 2983 presencie
663 2910 883 2966 misericordiam
896 2909 1046 2982 promereri
1059 2913 1066 2964 l
1095 2911 1170 2964 Nam
1181 2911 1204 2965 si
1215 2913 1260 2966 vel
1273 2914 1371 2970 feretri
1383 2918 1438 2986 pal-

283 2998 338 3052 lam
352 2997 525 3066 attingerem,
538 2995 575 3049 ab
589 2995 643 3049 boc
656 2992 860 3065 incom[m]odo
873 2994 984 3049 confido
996 3009 1041 3048 me
1053 2993 1186 3048 contiuuo
1199 3011 1251 3064 per
1262 2997 1328 3052 eius
1341 3001 1439 3054 merita

283 3079 474 3136 liberandam!
511 3080 548 3132 Et
565 3078 618 3132 biis
634 3077 733 3132 dictis:
754 3077 902 3132 confestim
914 3077 999 3132 erexit
1013 3093 1043 3130 se
1055 3087 1083 3131 et
1096 3086 1174 3131 stans
1188 3095 1274 3148 super
1286 3081 1380 3150 pedes
1392 3083 1438 3138 diu

284 3164 337 3218 sibi
362 3161 508 3233 peregrine
535 3159 663 3216 sanitatis
688 3177 791 3215 munus
815 3161 933 3230 excepit,
959 3158 1146 3214 nonadecima
1170 3159 1246 3215 iacta
1275 3175 1437 3220 curatorum

284 3247 399 3300 virtutes
418 3245 464 3300 dei
484 3244 511 3299 in
531 3253 630 3299 sancto
649 3243 694 3297 dei
713 3243 968 3312 magnificencium.
1005 3243 1069 3309 Que
1088 3257 1153 3297 cum
1170 3259 1202 3296 se
1221 3245 1339 3300 sanitati
1359 3250 1438 3317 plene

238 3347 270 3399 35
284 3329 423 3384 redditam
440 3326 631 3398 comperisset,
651 3325 726 3381 illico
742 3327 845 3381 cursim
861 3327 972 3382 turbam
989 3325 1156 3394 irrumpens,
1172 3325 1244 3381 fusis
1263 3344 1315 3397 pre
1335 3331 1437 3399 gaudio

284 3411 407 3467 lacrimis
419 3411 512 3468 feretri
526 3411 619 3465 velum
633 3409 713 3480 rigat,
728 3409 916 3480 inpressisque
931 3407 1017 3463 labris
1031 3409 1127 3462 oscula
1140 3419 1239 3463 sancto
1252 3410 1350 3466 dulcia
1361 3413 1437 3468 libat.

283 3495 303 3554 il
332 3497 377 3549 De
400 3495 479 3548 Daca
503 3496 614 3548 cecitate
633 3495 747 3563 pantio,
772 3500 800 3546 et
817 3497 874 3563 per
894 3497 1025 3546 sanctum
1048 3491 1237 3545 Edmundum
1263 3494 1437 3550 illuminato.

286 3580 438 3649 Postquam
452 3577 534 3647 igitur
546 3577 640 3631 diuine
656 3575 818 3645 largicionis
835 3573 981 3630 miseracio
999 3574 1094 3628 famuli
1112 3574 1155 3627 sui
1174 3576 1321 3631 Edmundi
1336 3597 1437 3634 nornen

285 3679 336 3733 per
348 3661 543 3715 miraculorum
555 3658 759 3714 exhibitionem
772 3660 880 3714 celebre
890 3657 1056 3712 reddidisset
1067 3657 1191 3711 -decem
1204 3659 1281 3713 enim
1294 3671 1323 3716 et
1336 3679 1437 3718 nouem

241 3765 273 3814 40
286 3765 304 3801 a
317 3743 435 3801 diuersis
445 3741 659 3812 incom[m]odis
669 3759 704 3796 ea
714 3741 760 3796 die
769 3741 858 3797 curati
871 3741 957 3796 luisse
970 3749 1179 3794 memorantur:
1194 3741 1223 3795 in
1233 3744 1355 3799 ecclesia
1365 3747 1437 3801 beati

288 3827 415 3898 Gregorii
438 3844 518 3897 pape,
538 3843 594 3897 que
616 3825 670 3880 sita
689 3835 732 3880 est
751 3842 839 3896 prope
857 3824 1004 3881 basilicam
1022 3822 1142 3893 apostoli
1163 3824 1254 3893 Pauli,
1267 3829 1436 3885 sanctissimi

287 3910 408 3968 martiris
426 3909 583 3980 preciosum
601 3925 703 3979 corpus
715 3908 872 3979 deponitur.
910 3907 964 3963 Vbi
977 3906 1046 3961 dum
1059 3907 1271 3963 Londonienses
1284 3927 1350 3965 curn
1362 3913 1437 3966 obla·

287 3996 415 4052 tionibus
427 3993 529 4048 votiuis
542 3993 656 4048 beatum
669 3991 812 4047 martirem
825 3992 998 4047 excolerent:
1020 3991 1117 4044 Dacus
1130 3991 1256 4060 quidam,
1269 3994 1437 4064 exploransi

287 4079 416 4150 quisnam
441 4087 517 4132 esset
540 4077 621 4131 cuius
643 4076 719 4130 lama
743 4084 852 4130 tantam
877 4075 972 4146 populi
996 4073 1187 4143 frequenciam
1211 4075 1353 4146 inuitaret,
1374 4095 1435 4134 cum

242 4183 274 4233 45
288 4163 400 4218 deuotis
418 4160 572 4231 ingreditur
588 4158 752 4230 versipellis
790 4161 828 4214 Et
846 4158 945 4214 ceteris
963 4155 1087 4212 oracioni
1104 4159 1364 4226 procumbentibus,
1380 4162 1435 4232 ipse

321 4297 570 4359 refflemfigg
670 4295 875 4347 'risuum
958 4293 1431 4360 ⁸H Eastang1e.⁴ras.=e1ud.

289 4365 366 4418 tom
464 4309 562 4413 ‘MSis
557 4377 639 4428 quem.
738 4360 815 4413 lit.
827 4361 955 4428 explorare
966 4371 1086 4425 satagens.
