3046 4902
290 237 364 308 626
720 229 925 332 Εῃῃῑηῦίι
953 231 1005 308 ll.

288 433 507 491 necessariorum
531 433 761 505 desperacionem
786 432 912 505 pluribus
942 432 1114 504 ingesserat:
1147 435 1271 506 Populus
1296 434 1391 506 igitur
1418 437 1465 492 ab

287 518 420 588 episcopo
441 517 602 588 predicante
624 516 812 572 commonitus
834 527 878 572 est
898 517 1027 588 quatinus
1052 517 1136 572 deum
1157 535 1207 590 per
1230 529 1364 574 sanctum
1390 521 1465 576 Ed-

289 601 424 656 mundum
440 600 581 656 inuocaret
597 599 650 656 sibi
663 600 790 656 misereri
802 609 831 656 et
843 601 917 656 hanc
933 599 1005 655 aeris
1021 598 1185 668 siccitatem,
1196 601 1318 656 futuram
1335 601 1464 658 famem

288 683 508 754 pretendentem,
521 699 572 754 pro
585 699 636 738 sua
648 681 752 755 pietate
764 682 922 738 remediari.
947 681 1096 754 Finitoque
1109 700 1246 751 sermone,
1258 684 1356 754 presul
1371 685 1465 741 intus

259 783 274 830 5
289 765 370 832 redit,
383 767 442 821 uult
454 783 488 820 ac
501 765 618 836 precipit
631 775 660 820 vt
673 775 751 822 extra
762 765 903 821 deferatur
914 775 1037 831 sanctm,
1049 766 1153 836 populo
1165 765 1291 821 fortassis
1303 765 1424 838 aliquid
1442 785 1464 823 a

288 848 537 904 deomisericordie
546 848 713 918 prebiturus.
737 850 858 904 Sanctus
868 848 951 918 igitur
959 847 1057 904 martir
1066 865 1130 903 cum
1139 849 1251 904 decenti
1261 849 1463 918 prooessione

287 929 354 986 foris
364 931 535 1002 deportatus,
544 931 675 986 statuitur
686 931 714 986 in
727 929 818 1001 plebis
827 930 922 986 medio
935 930 963 984 in
972 930 1152 986 eminenciori
1165 933 1235 999 loco,
1244 932 1303 986 eius
1313 941 1379 986 toto
1389 935 1463 990 dis-

289 1025 421 1084 cooperto
432 1015 540 1080 locello,
550 1031 584 1069 ex
594 1013 673 1070 cuius
689 1016 773 1084 longa
780 1015 913 1085 qualitate
926 1013 1042 1083 intelligi
1056 1014 1145 1084 potuit
1156 1014 1346 1070 introiacentis
1358 1033 1462 1074 vene-

288 1097 378 1152 randa
390 1097 551 1168 proceritas.
588 1099 652 1167 Quo
661 1097 743 1162 facto,
755 1098 848 1168 presul
858 1096 947 1152 alcius
959 1097 1148 1152 intermissum
1159 1099 1259 1168 repetit
1270 1113 1459 1166 sermonem,

245 1201 276 1237 ro
289 1182 326 1236 de
346 1190 444 1236 sancto
465 1181 578 1236 martire
600 1180 672 1251 plebi
694 1178 919 1252 [sermocinatur]
940 1180 1032 1235 dulcia
1050 1179 1132 1236 simul
1151 1191 1179 1235 et
1201 1181 1286 1248 utilia,
1306 1181 1460 1250 redigens

288 1263 384 1320 omnia
399 1263 436 1318 ad
454 1263 550 1320 anime
566 1264 745 1335 corporisque
764 1263 964 1332 necessariora,
980 1263 1112 1334 quatinus
1131 1273 1244 1318 sanctus
1260 1263 1335 1334 apud
1356 1265 1460 1321 deum

290 1345 401 1401 veniam
417 1346 593 1416 presentibus
609 1346 737 1418 impetret
752 1356 781 1402 et
797 1347 969 1412 absentibus,
982 1345 1130 1417 pluuieque
1145 1346 1201 1401 iarn
1216 1346 1264 1400 diu
1281 1345 1458 1404 deficientis

288 1427 465 1484 affluentiam
474 1429 624 1484 salutarem
632 1429 831 1500 indigentibus.
857 1429 904 1486 Sic
912 1431 995 1496 fatus,
1003 1429 1060 1484 alta
1068 1433 1230 1486 vocetercio
1239 1429 1394 1500 repetitum
1404 1433 1459 1487 in·

288 1519 370 1566 tonat
383 1511 593 1580 ‘Kirieleyson,'
606 1513 785 1584 subsequitur
800 1522 829 1569 et
842 1515 961 1584 populus
978 1513 1033 1568 hoc
1050 1513 1125 1568 idem
1141 1513 1347 1584 concrepando,
1361 1517 1457 1572 vario

246 1619 275 1671 ¹5
289 1593 403 1666 quidem
418 1605 556 1650 concentu
574 1596 626 1652 sed
644 1612 769 1651 consono
786 1595 895 1652 affectu.
934 1595 1092 1666 Statimque
1108 1595 1242 1651 serenitas
1254 1595 1326 1651 aeris
1339 1595 1458 1653 immu-

289 1687 371 1746 tatur,
396 1687 424 1732 et
445 1677 609 1748 repentinus
632 1677 731 1747 ymber
753 1679 878 1734 forenses
897 1688 971 1735 tecta
992 1679 1086 1734 subire
1106 1679 1206 1748 coegit
1242 1679 1334 1732 Tanta
1355 1677 1457 1748 igitur

289 1763 415 1818 ubertate
429 1777 494 1818 suos
506 1761 679 1818 exhillerauit
691 1763 792 1818 eodem
805 1779 882 1818 anno
894 1764 1019 1827 colonos,
1032 1771 1061 1816 vt
1074 1763 1240 1833 ultraquam
1251 1761 1383 1816 meminit
1398 1763 1455 1819 illa

289 1855 351 1900 etas
370 1845 480 1914 frugum
502 1845 645 1915 protulerit
667 1843 850 1901 incrementa.
886 1845 963 1898 Dum
988 1845 1041 1899 hec
1065 1853 1230 1914 agerentur:
1257 1843 1301 1897 vir
1323 1844 1454 1914 quidam

289 1926 481 1982 londoniensis
505 1929 644 1982 maculam
665 1927 693 1982 in
715 1929 796 1982 oculo
821 1927 929 1982 diucius
953 1927 1069 1994 habens,
1092 1927 1333 1998 procumbensque
1355 1944 1454 1999 super

247 2027 420 2071 aosaxorum
442 2010 598 2065 colliculum
619 2026 675 2081 quo
699 2010 777 2081 prius
797 2009 886 2066 sancti
908 2009 985 2064 stetit
1005 2010 1146 2076 feretrum,
1169 2008 1310 2064 Edmundi
1336 2025 1451 2066 nomen

291 2092 471 2148 deuotissime
485 2091 662 2160 inclamabat,
675 2093 778 2148 deinde
790 2094 929 2164 lapidibus
945 2093 1036 2162 tetigit
1048 2093 1175 2148 oculum:
1194 2103 1222 2148 et
1242 2091 1336 2148 statim
1353 2109 1451 2149 sanus

290 2175 405 2230 effectus
423 2185 474 2232 est.
512 2177 578 2232 Post
591 2175 739 2230 missarum
750 2175 871 2247 denique
885 2176 1058 2246 sollempnia,
1072 2176 1241 2246 sollempnes
1257 2176 1306 2230 dat
1321 2176 1451 2233 antistes

291 2259 395 2328 populo
424 2257 648 2326 benedicciones,
678 2258 844 2314 delictorum
873 2259 976 2314 relaxat
1006 2259 1124 2325 vincula,
1151 2257 1324 2324 mercacium
1354 2261 1448 2316 corda

291 2340 420 2409 letificat3
453 2341 630 2411 presentibus
653 2351 682 2397 et
705 2341 868 2398 absentibus
891 2341 928 2396 de
952 2341 1073 2412 peccatis
1102 2341 1150 2396 dat
1175 2342 1294 2408 veniam,
1318 2353 1349 2397 ut
1377 2343 1446 2412 qui·

246 2449 275 2500 ²5
290 2439 400 2494 cunque
417 2433 545 2478 sanctum
562 2424 703 2479 martirem
724 2425 752 2480 in
770 2424 956 2480 determinato
974 2424 1107 2495 temporis
1127 2423 1222 2494 spacio
1238 2435 1334 2495 postea
1345 2425 1445 2495 requi·

290 2505 396 2572 sierint,
408 2505 484 2560 illam
497 2523 528 2560 se
540 2507 660 2577 adeptos
671 2509 843 2576 gratulentur
856 2505 1070 2576 indulgenciam
1104 2507 1282 2562 Transfertur
1293 2506 1397 2578 itaque,
1410 2518 1443 2562 vt

289 2589 395 2644 dictum
421 2597 472 2656 est,
497 2605 599 2660 corpus
623 2589 698 2644 beati
731 2589 874 2644 Edmundi
899 2589 972 2660 regis
1000 2599 1028 2645 et
1057 2588 1178 2644 martiris
1206 2589 1397 2659 incorruptum
1422 2607 1442 2644 a

288 2671 448 2728 Walkelino
461 2671 636 2728 wintoniensi
649 2671 789 2744 episcopo,
802 2681 831 2728 et
842 2689 860 2726 a
873 2673 995 2727 Ranulfo
1007 2680 1074 2728 tunc
1088 2672 1162 2742 regis
1174 2672 1328 2742 capellano,
1340 2681 1442 2742 postea

289 2755 465 2811 dunelmensi
488 2756 632 2826 episcopo,
656 2757 684 2810 in
709 2765 884 2827 preparatam
909 2755 961 2810 sibi
989 2755 1135 2810 basilicam
1160 2771 1223 2810 curn
1247 2772 1349 2824 magna
1372 2755 1440 2810 cleri

246 2863 278 2912 30
291 2837 436 2910 plebisque
461 2837 561 2904 leticia,
586 2839 631 2892 die
660 2847 687 2893 et
711 2855 787 2893 anno
811 2839 987 2909 supradictis,
1012 2837 1068 2892 iam
1092 2836 1152 2894 vice
1182 2849 1289 2908 quarta,
1313 2849 1340 2894 et
1364 2851 1440 2895 retro

291 2937 425 2990 magnum
438 2921 526 2975 altare
544 2921 678 2976 decenter
697 2921 864 2976 reconditur.
904 2922 999 2976 Primo
1017 2937 1140 2992 namque
1159 2923 1311 2977 translatus
1328 2932 1388 2978 erat
1403 2924 1440 2978 de

290 3006 404 3071 Hoxnc,
417 3003 462 3058 vbi
476 3005 606 3059 occubuit
623 3003 756 3070 martirio,
770 3003 807 3058 ad
826 3003 1096 3058 Beodricesuuorthe
1115 3020 1192 3058 anno
1208 3021 1226 3059 a
1242 3005 1374 3074 passione
1389 3023 1441 3062 sua

290 3086 433 3141 tricesimo
445 3097 541 3150 serto;
558 3085 670 3154 deinde,
680 3098 795 3156 propter
807 3085 1020 3142 infestacionem
1032 3087 1150 3142 Turldlli
1159 3087 1271 3142 comitis
1283 3089 1441 3158 Danorum,

292 3170 453 3224 Londonias
467 3170 503 3224 ab
516 3168 652 3224 Aielwino
668 3170 809 3224 monacho
826 3179 869 3225 est
886 3169 1021 3224 aduectus
1037 3186 1114 3224 anno
1131 3188 1149 3225 a
1165 3169 1297 3240 passione
1313 3171 1441 3228 eiusdem

246 3271 276 3321 35
291 3251 446 3306 centesimo
464 3251 699 3322 quadragesimo;
718 3260 761 3306 set
777 3252 864 3306 tercio
876 3269 952 3306 anno
967 3263 1101 3323 sequente
1118 3253 1155 3308 ad
1171 3253 1441 3312 Beodricesuuorthe

291 3333 328 3388 ab
352 3334 453 3388 eodem
478 3344 520 3389 est
545 3344 690 3400 reuectus;
722 3345 822 3405 postea
844 3329 993 3390 transactis
1013 3346 1121 3405 septem
1139 3334 1220 3392 annis
1244 3353 1293 3392 rex
1315 3339 1441 3395 Canutus

291 3415 387 3471 eiectis
398 3416 505 3472 clericis
515 3417 669 3472 monachos
678 3417 783 3472 ibidem
794 3417 955 3482 introduxit,
966 3434 1041 3473 anno
1053 3417 1181 3474 videlicet
1194 3419 1232 3474 ab
1245 3418 1442 3478 incarnacione

291 3499 398 3554 domini
416 3500 566 3555 Millesimo
581 3507 656 3568 .xx⁰.‚
675 3517 792 3572 quorum
809 3502 846 3556 ab
865 3499 992 3570 ingressu
1009 3501 1113 3556 .lxxv.¹⁰
1127 3519 1211 3568 anno,
1227 3503 1304 3557 facta
1320 3503 1371 3559 fuit
1389 3505 1440 3560 hec

291 3581 443 3638 translacio
456 3591 555 3654 quarta
567 3593 594 3638 et
608 3583 714 3652 vltima,
726 3585 764 3639 ad
777 3600 909 3653 magnam
922 3585 1016 3654 populi
1030 3585 1152 3640 leticiam
1163 3594 1192 3638 et
1209 3585 1283 3640 beati
1297 3587 1439 3645 Edmundi

246 3689 280 3738 40
293 3665 472 3736 omniumque
491 3676 651 3720 sanctorum
669 3665 795 3736 gloriam.
831 3666 972 3722 Translati
992 3677 1056 3722 sunt
1073 3666 1271 3723 nichilominus
1292 3685 1358 3725 cum
1376 3687 1440 3742 rege

292 3749 455 3804 beatissimo
474 3759 503 3804 et
525 3746 647 3820 reliquiis
673 3748 766 3803 multis
791 3759 951 3804 sanctorum
976 3749 1153 3806 deecclesia
1172 3751 1259 3805 veteri
1284 3751 1314 3806 in
1339 3770 1438 3808 nouam

292 3849 410 3902 corpora
421 3833 538 3886 duorum
552 3841 720 3899 sanctorum,
729 3831 859 3887 videlicet
871 3833 1002 3903 Botulphi
1015 3833 1149 3904 episcopi,
1159 3843 1187 3887 et
1202 3833 1320 3889 lnrrnini
1333 3835 1439 3891 clitonis

292 3926 321 3971 et
346 3926 442 3970 sancte
465 3913 581 3986 virginis
607 3913 779 3970 Etheldrede
803 3916 940 3984 germani,
964 3917 1113 3988 amboque,
1138 3926 1168 3972 ut
1192 3917 1373 3990 percipimus,
1396 3919 1438 3975 illo

294 3999 378 4054 delati
391 4008 517 4068 tempore
531 3997 673 4054 Leofstani
686 3996 807 4054 abbatis.
