3008 4904
274 318 347 406 236
586 313 716 399 lioba
742 309 931 414 lmonbt
957 307 1108 414 angla

272 511 370 568 uincie
395 511 571 570 imminente
596 512 782 580 mortalitate,
807 521 838 570 et
861 511 1020 586 impetraui
1045 529 1063 569 a
1086 513 1209 571 domino
1234 529 1306 570 meo
1331 511 1425 570 lhesu

272 599 392 656 Christo
404 609 435 658 vt
447 601 580 658 visitaret
597 601 741 674 populum
754 617 874 658 meum:
894 609 966 656 tunc
978 601 1133 658 domiuum
1146 619 1201 674 pro
1218 610 1249 658 te
1264 602 1383 674 rogaui,
1397 610 1424 655 et

272 687 310 742 ab
327 687 500 746 infirmitate
516 698 567 745 tua
583 689 727 745 liberatus
740 688 799 744 vite
811 688 1042 746 conuersionem
1055 689 1236 762 promisisti:
1256 698 1340 746 etex
1353 699 1425 745 tuuc

272 777 312 831 de
324 776 402 832 malo
415 776 445 832 in
458 777 544 848 peius
556 775 702 833 victitasti
739 776 807 845 Qua
825 775 914 848 igitur
930 775 1036 846 fronte,
1049 777 1161 834 luchris
1177 785 1207 834 et
1224 779 1315 850 nugis
1327 776 1425 833 curia-

245 875 259 926 5
272 861 344 918 lium
362 863 490 933 deditus,
503 879 552 920 me
568 863 710 921 inuocare
726 864 877 936 presumis
887 865 914 919 i'
951 864 1089 936 Cumque
1105 865 1350 922 emendationem
1363 863 1424 919 in'te

272 967 341 1006 cum
361 951 513 1007 lachrimis
530 950 761 1023 spospondisset
769 952 787 1022 ¹,
804 951 855 1007 illa
868 952 952 1008 vultu
972 951 1111 1008 hilariore
1127 951 1210 1008 illum
1226 951 1349 1008 intuens
1366 951 1422 1007 ait:

273 1037 438 1095 ‘Misereor
447 1039 497 1108 tui,
508 1038 533 1096 si
546 1039 588 1096 tui
602 1038 668 1111 ipse
680 1039 821 1096 misertus
834 1040 892 1096 deo
904 1039 1020 1096 seruire
1029 1040 1077 1096 vel
1090 1057 1159 1097 sero
1168 1039 1318 1096 volueris'
1350 1039 1424 1094 Eius

271 1141 345 1182 vero
358 1135 437 1182 tactu
450 1135 582 1197 sanatus,
592 1126 727 1184 habitum
736 1125 888 1198 religionis
902 1126 1043 1199 suscepit,
1052 1137 1082 1184 et
1090 1128 1199 1183 deuote
1209 1127 1267 1184 deo
1280 1126 1423 1183 sentietis

273 1211 303 1268 in
321 1214 453 1286 priorem
471 1213 573 1272 Sancti
592 1213 795 1271 Bartholomei
812 1214 977 1272 Londoniis
994 1215 1107 1272 electus
1124 1223 1180 1272 est.
1254 1203 1425 1270 Mulierem

230 1315 261 1352 ιο
273 1311 455 1358 contractam
468 1304 582 1372 erexit3
601 1302 703 1360 iuueni
722 1311 805 1358 muto
823 1311 854 1358 et
872 1303 964 1359 surdo
983 1302 1134 1375 loquelam
1153 1313 1183 1359 et
1200 1302 1336 1359 auditum
1353 1303 1425 1358 red·

273 1389 355 1458 didit,
368 1399 398 1445 et
410 1389 511 1446 multis
524 1389 589 1446 aliis
602 1405 691 1462 opem
704 1390 769 1446 eius
781 1390 812 1446 in
825 1406 880 1445 sua
892 1389 1066 1447 infirmitate
1078 1390 1307 1463 implorantibus
1327 1391 1425 1446 salute

273 1487 395 1550 recepta
419 1479 567 1534 subuenit.
642 1465 751 1536 Puella
774 1477 903 1558 quedam
929 1477 1025 1534 officio
1048 1478 1161 1534 brachii
1186 1477 1226 1534 ita
1251 1479 1372 1551 priuata
1392 1489 1424 1533 vt

272 1565 357 1620 lateri
377 1564 635 1638 inseparabiliter¹
653 1565 821 1632 adhereret,
839 1582 908 1622 cum
927 1565 1042 1623 meritis
1063 1575 1166 1622 sancte
1185 1566 1292 1622 Osithe
1318 1575 1426 1622 sanata

273 1652 407 1724 perfecte
426 1652 541 1724 suisset,
553 1661 655 1710 votum
675 1653 858 1709 continentie
876 1653 1042 1724 commisit;
1062 1670 1207 1726 processu
1225 1663 1330 1709 tamen
1349 1663 1424 1709 tem-

229 1755 258 1807 ¹5
273 1739 355 1813 poris
368 1757 436 1796 cum
449 1742 579 1813 quodam
593 1743 702 1798 iuuene
712 1741 935 1798 matrimonium
946 1741 1101 1798 contraxit
1131 1741 1187 1797 Cui
1199 1749 1306 1796 sancta
1316 1741 1424 1796 Osithe

272 1844 432 1900 apparens,
443 1845 497 1884 cur
507 1827 668 1888 temerario
680 1845 755 1885 ausu
767 1839 836 1885 vota
850 1846 909 1901 que
918 1828 1120 1885 distinxerunt
1129 1827 1206 1884 labia
1216 1845 1272 1884 sua
1282 1829 1424 1900 rupisset,

273 1915 698 1989 spurcissimum³coniugium
712 1917 944 1988 improperando
958 1915 1117 1987 redarguit,
1126 1917 1348 1988 etcompedum
1358 1915 1425 1972 viu-

274 2004 340 2060 culo
359 2003 500 2061 inuisibili
519 2005 613 2076 pedes
632 2004 697 2060 eius
716 2004 825 2061 arctius
843 2005 1076 2078 constringebat,
1087 2013 1119 2060 vt
1135 2005 1245 2076 pedem
1263 2005 1336 2077 pedi
1353 2006 1424 2060 sub·

273 2093 384 2148 iectum
402 2091 544 2148 diuellere
562 2109 623 2147 uon
636 2092 749 2160 valens,
763 2092 861 2148 officio
875 2093 986 2166 pedum
999 2109 1124 2165 prorsus
1137 2091 1287 2162 destituta,
1300 2092 1423 2149 vltionis

226 2197 260 2235 ro
273 2179 376 2236 diuine
392 2179 561 2251 llagellum⁴
575 2181 732 2238 sentiebat.
770 2179 886 2237 Meritis
904 2183 1025 2237 tandem
1042 2189 1146 2236 sancte
1159 2179 1266 2236 Osithe
1284 2180 1422 2254 sospitati

273 2267 399 2336 reddita,
408 2267 579 2323 correctiori
586 2267 646 2326 vite
656 2269 694 2323 de
705 2267 819 2340 reliquo
830 2266 942 2324 studuit
950 2267 1104 2324 adherere.
1164 2255 1283 2324 Mulier
1291 2271 1421 2340 quedam

274 2357 386 2428 pedum
399 2355 496 2411 officio
509 2355 609 2412 multis
622 2355 710 2412 annis
722 2355 871 2425 destituta,
884 2371 952 2412 cum
965 2373 982 2410 a
994 2355 1168 2412 custodibus
1184 2355 1312 2412 ecclesie
1327 2357 1420 2414 sancti

275 2440 425 2498 Edmundi
442 2451 583 2515 tanquam
603 2443 796 2516 obprobrium
814 2443 969 2499 hominum
986 2451 1016 2500 et
1033 2443 1131 2515 plebis
1150 2443 1278 2499 abiectio
1295 2445 1422 2516 proiice·

272 2538 371 2598 retur;
390 2529 510 2603 quidam
527 2531 626 2586 vultus
644 2531 806 2588 venerandi
825 2530 857 2586 in
872 2531 939 2588 visu
957 2530 985 2588 ei
1004 2547 1155 2603 apparens
1173 2531 1266 2587 dixit:
1287 2531 1423 2600 ‘Mulier,

229 2633 259 2682 ²5
273 2615 344 2688 quid
364 2617 411 2672 hic
431 2617 578 2674 moraris?
615 2617 738 2676 Frustra
756 2618 804 2675 hic
823 2627 966 2690 expectas
983 2619 1063 2690 quod
1082 2617 1169 2690 petis.
1206 2618 1324 2691 Surge:
1350 2621 1423 2676 alias

272 2703 325 2760 tibi
338 2705 492 2776 querenda
505 2714 551 2761 est
564 2705 646 2762 salus
658 2723 748 2778 quam
762 2705 925 2778 efflagitas!
963 2705 1000 2761 Et
1012 2705 1080 2761 illa:
1101 2705 1192 2775 ‘Quis
1210 2723 1254 2776 es,
1267 2708 1391 2764 domine
1400 2711 1424 2763 2¹

273 2791 364 2865 ‘qu
376 2792 480 2864 inquit,
496 2809 564 2849 sum
583 2810 691 2849 seruus
709 2794 757 2850 dei
775 2794 970 2863 Edmundus;
989 2794 1066 2850 vade
1084 2793 1121 2849 ad
1140 2793 1300 2850 eeclesiam
1319 2805 1424 2852 sancte

274 2877 389 2949 Osithe,
408 2889 439 2936 vt
461 2881 617 2937 sanitatem
637 2879 800 2952 perfectam
819 2880 961 2952 consequi
982 2880 1143 2937 merearis!
1178 2881 1337 2951 Quocum
1356 2901 1424 2956 per·

275 2971 417 3038 uenisset,
431 2969 533 3025 dolore
547 2969 752 3025 membrorum
765 2969 938 3041 quiescente
951 2977 1055 3026 sauata
1067 2969 1206 3025 surrexit.

506 3053 515 3080 Ι

311 3158 388 3230 [MS.
402 3158 467 3215 Tib.
480 3161 573 3216 adds:
769 3157 934 3217 Narratiol.
1489 3179 1490 3240 l

230 3302 262 3350 30
312 3267 387 3337 Duo
400 3280 539 3353 religiosi,
554 3281 628 3338 sicut
647 3281 677 3337 in
690 3279 768 3337 Vitis
781 3290 899 3356 patrum
912 3281 1046 3350 habetur,
1059 3281 1144 3354 quasi
1157 3289 1282 3354 propter
1295 3300 1425 3356 regnum

276 3367 407 3424 celorum
425 3385 459 3424 se
477 3379 692 3425 castrauerunt.
730 3370 818 3442 Quod
833 3369 959 3427 audiens
971 3371 1139 3443 episcopus,
1153 3372 1426 3428 excommunicauit

278 3471 339 3510 eos
378 3453 425 3510 Illi
444 3465 544 3512 autem
563 3465 704 3529 putantes
722 3458 792 3530 quia
810 3459 887 3514 bene
907 3457 1056 3526 fecissent,
1069 3457 1213 3530 indignati
1232 3467 1304 3515 sunt
1322 3470 1428 3516 contra
1489 3527 1490 3542 χ

277 3559 356 3612 eum,
370 3542 520 3602 dicentes:
541 3545 621 3601 ‘Nos
639 3555 762 3622 propter
779 3563 872 3617 regna
888 3545 1019 3602 celorum
1036 3545 1233 3602 castrauimus
1251 3563 1317 3615 nos,
1331 3559 1363 3605 et
1379 3549 1426 3604 hic
1489 3591 1490 3628 ,

276 3631 548 3688 excommunicauit
573 3635 667 3690 nosl'
705 3631 742 3689 Et
761 3633 917 3706 conquesti
937 3631 1163 3706 archiepiscopo
1182 3632 1427 3702 ierosolimitano‚
1489 3637 1490 3702 ξ

231 3738 261 3788 35
276 3719 326 3775 ille
345 3719 401 3777 ait:
429 3719 484 3776 ‘Et
503 3738 559 3792 ego
578 3738 633 3776 uos
651 3722 896 3778 excommunico!
934 3719 969 3777 Id
990 3720 1070 3776 idem
1090 3719 1159 3776 lecit
1179 3720 1427 3796 archiepiscopus

276 3806 489 3878 antiochenus3
509 3807 648 3867 similiter
659 3818 689 3865 et
702 3827 789 3882 papa
825 3807 910 3865 Tunc
922 3807 1107 3878 deficientes
1120 3807 1261 3864 dixerunt
1277 3809 1357 3866 intra
1374 3829 1425 3868 se:

276 3895 347 3953 ‘Isti
367 3895 501 3971 episcopi
523 3896 580 3952 sibi
604 3896 732 3957 inuicem
753 3897 966 3954 consenciunt:
996 3906 1042 3954 set
1066 3913 1170 3953 eamus
1194 3897 1233 3952 ad
1255 3896 1355 3954 uirum
1378 3902 1426 3957 dei

277 3995 415 4042 sanctum
438 3983 640 4057 Epiphanium
666 3984 842 4059 episcopum
865 3986 904 4041 de
924 3985 1024 4058 Cipro,
1051 3984 1120 4058 quia
1145 3983 1293 4058 propheta
1314 3997 1371 4056 est,
1398 3997 1427 4045 et
1489 4001 1490 4006 ’

275 4090 438 4146 personam
457 4071 587 4129 hominis
606 4091 665 4128 non
686 4072 808 4146 accipit!
844 4073 922 4130 Cum
939 4083 1039 4130 autern
1057 4073 1334 4146 appropinquarent
1352 4077 1428 4132 ciui-

232 4176 265 4226 40
277 4160 328 4216 tati
347 4161 420 4229 eius,
436 4163 602 4218 reuelatum
619 4170 665 4218 est
682 4161 709 4217 ei
725 4162 763 4217 de
780 4160 862 4234 ipsis.
900 4161 938 4217 Et
956 4160 1079 4218 mittens
1095 4160 1126 4217 in
1143 4177 1302 4217 occursum
1320 4180 1427 4220 eorum

310 4312 365 4362 ¹T.
375 4315 564 4376 spopondisset
652 4312 708 4362 ¹13.
720 4313 932 4375 inseperabiliter.
1017 4311 1283 4376 ³E.spursissimum,
1371 4316 1427 4370 «E
1489 4357 1490 4360 Ἴ

277 4379 409 4441 flagellum.
508 4379 573 4430 ⁵Cf.
583 4377 635 4431 vit.
648 4377 715 4429 Patr.
727 4395 752 4443 p.
764 4380 821 4444 968.
1489 4379 1490 4406 r
