3044 4894
282 319 330 374 πο
591 299 723 387 linha
747 295 939 402 tegatur
963 296 1116 401 ancta.

282 508 362 558 metu
376 498 537 556 iudeorum
555 509 585 556 et
602 499 734 557 recessit.
771 499 839 569 Que
860 497 961 556 omnia
979 497 1152 556 beatissima
1166 497 1286 554 Helena
1304 497 1437 554 deuotis·

281 586 357 644 sime
376 588 514 654 adorans,
530 595 645 656 cuncta,
659 595 786 660 excepto
806 587 955 659 presepio,
973 585 1003 642 in
1021 603 1077 644 suo
1095 603 1216 643 recessu
1239 601 1341 642 secum
1363 601 1438 642 cum

280 674 393 747 ingenti
424 674 532 748 gaudio
557 674 847 746 Constantinopolim
869 674 1028 742 transtulit,
1051 683 1080 730 et
1111 672 1221 730 ibidem
1247 673 1278 729 in
1304 672 1437 730 ecclesia

281 771 384 818 sancte
398 761 512 835 Sophie
530 771 707 819 reuerenter
723 761 888 818 collocauit.
928 760 1103 818 immediate
1121 770 1222 818 tamen
1241 770 1310 833 post
1328 759 1439 815 inuen-

252 867 266 916 5
280 848 393 906 tionem
405 849 529 906 istarum
545 849 745 923 reliquiarum,
759 866 852 922 super
868 849 999 905 eundem
1013 849 1110 906 locum
1122 848 1172 904 vbi
1185 849 1323 906 Christus
1341 847 1438 904 homo

281 945 369 992 natus
381 945 437 1006 est,
449 935 479 993 in
493 955 553 1010 quo
565 937 654 994 etiarn
667 945 729 993 tres
743 937 846 1008 Reges
866 952 991 992 munera
1008 935 1130 991 domino
1146 936 1324 1004 obtulerunt,
1337 934 1388 1006 qui
1404 945 1438 992 et

283 1023 385 1080 iudeis
397 1026 439 1093 (vt
451 1041 544 1097 supra
556 1023 667 1080 dictum
681 1028 739 1092 est)
753 1033 815 1080 tarn
828 1023 881 1078 fuit
893 1023 1024 1090 odiosus,
1038 1023 1105 1095 ipsa
1116 1023 1296 1079 venerabilis
1310 1021 1436 1079 Helena

282 1111 500 1168 nobilissimam
519 1122 549 1168 et
567 1111 800 1183 pulcherrimam
816 1112 947 1168 extmxit
960 1110 1127 1178 ecclesiam,
1140 1127 1233 1182 opere
1245 1109 1387 1178 musaico,
1403 1119 1437 1166 et

281 1198 480 1255 marmoribus
493 1207 523 1255 et
536 1216 610 1254 auro
622 1199 826 1254 diuersimode
839 1197 986 1254 ditissime
1003 1205 1033 1254 et
1047 1199 1186 1270 regaliter
1198 1206 1343 1262 ornatam,
1356 1205 1386 1252 et
1401 1196 1436 1254 in

237 1302 267 1337 ro
281 1286 403 1342 modum
416 1285 506 1342 castri
519 1286 752 1358 propugnaculis
764 1285 889 1355 lactam3
909 1286 1013 1357 inqua
1030 1284 1119 1341 etiam
1137 1284 1265 1341 ecclesia
1283 1283 1437 1355 archiepi-

281 1389 407 1445 scopum
426 1381 456 1430 et
474 1373 642 1442 canonicos,
664 1373 850 1446 presbiteros
874 1389 908 1428 ac
927 1373 1001 1428 alios
1020 1372 1068 1428 dei
1091 1372 1243 1429 ministros
1265 1370 1436 1428 honorifice

280 1459 427 1527 instituit;
445 1459 497 1532 qui
516 1469 546 1516 et
563 1477 602 1516 ex
621 1458 784 1532 preuilegio
801 1458 923 1532 speciali
941 1458 972 1515 in
991 1458 1200 1516 sestiuitatibus
1219 1475 1326 1516 omnes
1340 1458 1437 1516 horas

280 1547 440 1604 canonicas
459 1563 527 1603 cum
543 1547 654 1620 ‘gloria
672 1547 703 1603 in
721 1546 864 1604 excelsis’
878 1546 1068 1619 incipiebant,
1085 1546 1321 1620 quamplurimas
1339 1547 1435 1603 etiarn

280 1632 1436 1707 aliasprerogatiuashabebantdequibuspersingulalongumessetnarrare„

237 1720 438 1794 151mpiisimi
459 1720 580 1794 quidem
602 1721 695 1792 ludei,
717 1737 786 1778 cum
809 1729 891 1776 tanta
910 1722 988 1778 bona
1009 1722 1047 1776 ab
1066 1720 1255 1794 imperatrice
1274 1721 1305 1776 in
1325 1738 1435 1777 eorum

279 1809 475 1881 opprobrium
489 1809 566 1866 sacta
588 1818 757 1877 cernerent,
778 1808 876 1881 ipsam
888 1807 968 1864 inter
982 1825 1017 1864 se
1035 1825 1074 1865 ex
1090 1807 1202 1866 inuidia
1220 1807 1436 1864 stabulariam¹

278 1906 469 1966 vocauerunt,
491 1914 528 1952 eo
549 1897 628 1970 quod
649 1913 740 1968 supra
762 1896 911 1952 stabulum
937 1904 967 1951 et
988 1904 1048 1950 tam
1069 1895 1159 1952 vilem
1180 1896 1288 1964 locum,
1308 1895 1353 1952 eis
1378 1898 1437 1953 ad-

279 1984 401 2041 modum
433 2001 568 2053 exosum,
592 1993 654 2040 tam
686 1983 817 2040 nobilem
842 1983 1000 2040 ecclesiam
1031 1983 1187 2039 edificauit.
1224 1982 1300 2039 Cum
1329 1981 1436 2054 itaque

278 2071 459 2128 venerabilis
475 2071 593 2128 Helena
612 2071 787 2144 imperatrix
800 2069 903 2127 diuino
919 2071 989 2143 igue
1002 2087 1147 2126 succensa
1163 2079 1245 2126 tanta
1257 2071 1295 2126 ad
1308 2069 1435 2128 laudem

235 2175 266 2212 ao
278 2158 327 2215 dei
341 2167 546 2232 perpetrasset
564 2167 594 2214 et
611 2158 642 2214 in
662 2157 736 2230 ipsis
755 2159 889 2231 partibus
907 2157 1142 2214 innumerabiles
1162 2157 1225 2214 lere
1238 2157 1382 2214 ecclesias
1400 2169 1436 2216 et

280 2247 462 2303 monasteria
470 2247 617 2302 erexisset
626 2254 657 2302 et
666 2245 747 2302 ineis
755 2245 845 2302 sedes
853 2243 1435 2318 episcopalesdeuotissimeinstituisset,

280 2351 315 2390 ac
329 2333 431 2390 omnia
444 2333 509 2389 loca
521 2334 558 2388 ad
572 2332 621 2390 dei
634 2332 753 2389 laudern
767 2340 798 2388 et
814 2332 959 2388 honorem
974 2331 1038 2402 rite,
1051 2333 1185 2405 perfecte
1197 2341 1228 2388 et
1240 2331 1436 2391 laudabiliter

279 2419 457 2492 perfecisset
467 2439 475 2491 ;
488 2421 611 2476 tandem
622 2419 742 2492 reliquit
751 2419 840 2476 etiam
850 2420 906 2475 hoc
918 2418 1061 2476 indicium
1069 2420 1079 2450 ²
1087 2421 1178 2476 animi
1186 2419 1317 2492 religiosi
1325 2420 1435 2493 regina

279 2506 479 2564 venerabilis:
499 2524 570 2563 nam
587 2506 723 2579 virgines
742 2523 818 2580 quas
839 2505 1053 2564 Hierosolimis
1077 2507 1190 2580 reperit
1211 2509 1268 2564 deo
1288 2517 1434 2577 sacratas,

234 2604 263 2663 2'5
279 2604 362 2651 tanta
387 2594 546 2652 deuotione
567 2611 690 2652 curasse
712 2593 828 2663 dicitur,
850 2603 881 2650 vt
900 2593 1024 2667 dignum
1043 2597 1179 2652 crederet
1203 2595 1229 2653 si
1249 2595 1432 2654 famulorum

278 2681 537 2739 vtereturofficiis
563 2681 701 2755 Namque
711 2681 777 2754 ipsa
790 2681 929 2738 manibus
937 2682 1003 2738 suis
1017 2681 1131 2752 (habitu
1141 2683 1252 2740 lamule
1265 2683 1433 2754 succincta)

280 2769 324 2827 eis
347 2770 447 2826 cibum
472 2769 620 2842 apposuit,
642 2769 783 2842 poculum
808 2769 950 2842 porrexit,
971 2787 1079 2841 aquarn
1104 2771 1253 2838 manibus,
1275 2770 1372 2828 immo
1400 2783 1432 2830 et

279 2857 409 2930 pedibus
423 2856 539 2924 inludit,
553 2865 583 2914 et
593 2857 675 2913 orbis
688 2855 800 2929 regina,
811 2865 908 2914 mater
919 2856 1117 2929 imperatoris,
1126 2857 1303 2914 famularum
1317 2859 1434 2918 Christi

280 2962 314 3001 se
327 2943 468 3001 famulam
482 2946 644 3016 deputauit.
682 2943 802 3001 Interea
809 2944 889 3001 filius
902 2945 968 3002 eius
977 2945 1192 3003 Constantinus
1200 2947 1311 3018 pietate
1322 2945 1433 3016 fretus,

233 3059 264 3108 30
279 3032 440 3102 Sarmatas,
455 3031 577 3102 Gothos,
591 3031 725 3104 aliasque
744 3032 886 3088 barbaras
905 3032 1042 3090 nationes
1062 3051 1122 3089 non
1141 3041 1203 3090 tam
1222 3033 1323 3103 armis,
1337 3051 1433 3106 quam

278 3118 380 3175 diuina
395 3119 504 3176 virtute
528 3119 679 3176 edomuit:
706 3128 735 3176 et
755 3119 963 3193 quantomagis
985 3137 1018 3176 se
1041 3119 1214 3193 religiosum
1233 3130 1263 3178 et
1283 3120 1434 3180 humilem

279 3207 336 3264 deo
349 3207 528 3276 reddiderat,
539 3215 621 3263 tanto
634 3206 763 3279 amplius
773 3207 801 3264 ei
810 3208 885 3263 deus
892 3203 1033 3265 vni'uersa
1041 3209 1204 3278 subdebat;
1217 3217 1247 3264 et
1256 3224 1316 3264 non
1330 3210 1434 3268 solum

278 3293 393 3351 meritis
401 3311 435 3350 ac
448 3294 593 3367 religione
606 3311 662 3350 sue
672 3293 721 3366 pie
733 3293 838 3352 matris
849 3294 969 3352 Helene
979 3294 1092 3367 regine,
1103 3295 1158 3352 sed
1172 3305 1202 3352 et
1212 3295 1434 3358 intercessione

278 3390 449 3438 sanctorum
468 3399 502 3438 se
515 3383 572 3438 deo
585 3381 651 3438 fieri
670 3381 940 3439 commendabilem
959 3383 1114 3455 gestiebat.
1151 3382 1260 3440 Sancta
1279 3383 1370 3455 igitur
1389 3388 1434 3458 (vt

233 3492 262 3542 35
276 3469 420 3539 diximus)
435 3469 618 3542 imperatrix,
628 3487 697 3526 cum
710 3470 812 3527 omnia
823 3487 882 3543 que
896 3470 1108 3527 Hierosolimis
1125 3487 1215 3544 agere
1232 3471 1434 3532 constituerat

277 3567 486 3614 consumasset
511 3559 548 3613 ad
574 3568 685 3626 votum,
710 3559 832 3615 tandem
854 3557 979 3614 infinitis
1000 3567 1031 3615 et
1058 3557 1311 3632 impreciabilibus
1337 3560 1435 3620 ditata

278 3644 471 3718 reliquiarum
489 3644 647 3716 thesauris,
661 3647 699 3702 ad
715 3646 808 3702 filiurn
826 3663 914 3703 suum
933 3647 1225 3720 Constantinopolim
1244 3653 1433 3721 properauit.

279 3731 416 3789 Prosecta
429 3741 529 3788 tamen
540 3742 701 3805 antequam
715 3733 1004 3807 Constantinopolim
1014 3745 1148 3804 venerat,
1158 3737 1196 3791 ad
1210 3744 1306 3792 terras
1314 3744 1345 3792 et
1357 3755 1434 3809 pro·

277 3821 392 3877 uincias
402 3819 480 3876 circa
501 3819 617 3876 Indiam
630 3837 699 3876 curn
712 3821 844 3878 maximo
859 3839 893 3877 ac
906 3821 998 3878 nobili
1011 3822 1150 3879 comitatu
1163 3841 1198 3880 se
1209 3824 1378 3882 transtulit:
1400 3828 1434 3885 in

232 3928 265 3977 40
277 3909 386 3981 quibus
411 3907 512 3964 omnia
537 3909 651 3982 templa
676 3916 705 3966 et
727 3926 794 3965 aras
816 3908 963 3966 idolorum
989 3918 1078 3982 prout
1102 3909 1198 3983 potuit
1223 3910 1382 3982 destruxit,
1402 3926 1436 3973 et

278 4013 334 4068 pro
346 3996 394 4052 his
407 3996 437 4052 in
449 3997 567 4052 laudem
581 4005 611 4052 et
623 3995 768 4052 honorem
779 3997 827 4052 dei
840 3996 982 4054 ecclesias
993 4006 1022 4053 et
1033 3997 1217 4054 monasteria
1226 4001 1436 4070 sumptuosis-

277 4083 354 4140 sime
366 4101 400 4140 ac
413 4083 608 4141 deuotissime
626 4082 769 4153 fundauit,
783 4093 812 4141 et
830 4084 943 4140 cultum
956 4083 1091 4142 diuinum
1111 4084 1142 4140 in
1160 4085 1274 4141 cunctis
1292 4086 1434 4158 partibus

277 4170 335 4228 illis
357 4189 413 4244 per
432 4171 532 4228 omnia
553 4171 704 4243 reparauit
722 4179 753 4228 et
771 4171 933 4244 ampliauit,
955 4171 1105 4246 fidemque
1133 4171 1326 4229 christianam
1347 4191 1435 4247 pene

485 4351 494 4382 ¹
512 4352 542 4402 E.
556 4353 728 4404 stabularium.
1029 4353 1041 4389 ¹
1059 4353 1229 4406 aradiorum.
