3028 4894
282 323 358 416 Dc
381 320 546 412 sancto
572 273 738 419 mama
763 319 1063 425 attitulatum.
1182 346 1252 421 395

11 561 12 564 η
91 521 247 580 manibus
255 523 373 581 vibrant
384 545 391 592 ;
403 524 452 581 alii
461 523 534 581 ‘Vbi
544 533 591 582 est
599 524 733 599 proditor
742 527 775 595 ?’,
785 524 833 580 alii
842 523 916 580 ‘Vbi
924 533 970 581 est
980 524 1223 598 archiepiscopus
1232 527 1254 581 2'

10 639 16 648 ·
91 611 319 669 acclamabant.
358 612 396 669 Et
414 615 541 670 occurrit
560 613 619 670 illis
636 613 684 670 vir
702 621 833 683 sanctus,
852 612 974 670 dicens:
994 612 1090 669 ‘Ecce
1109 631 1175 686 ego,
1194 629 1255 668 non

93 699 251 770 proditor,
276 701 330 756 sed
356 699 615 774 archiepiscopus!
654 700 691 756 Et
715 701 864 757 accedens
888 699 1004 774 primus
1028 700 1155 770 illorum,
1181 700 1255 757 dixit

9 847 15 852 ,
94 795 231 845 sancto:
261 787 380 861 ‘Fuge:
400 797 536 846 mortuus
558 791 609 846 es!
648 787 686 844 Et
706 788 774 845 ille:
800 787 1013 862 ‘Nequaquam
1033 787 1179 861 fugiam¹.’
1218 786 1255 843 Et

10 909 11 912 =
95 873 216 930 iniecta
239 874 270 931 in
290 875 388 932 virum
413 877 462 933 dei
486 893 586 947 manu,
611 877 795 949 pilleumque
819 893 963 933 mucrone
987 875 1141 945 deiiciens,
1163 875 1284 946 dixit:5

96 963 107 989 ‘
120 960 201 1018 Veni
214 961 289 1020 huc:
310 973 415 1036 captus
427 968 478 1021 es?
515 963 644 1022 Sanctus
661 963 700 1020 ait
712 983 718 1020 :
739 964 824 1020 ‘Non
837 963 974 1021 veniam:
995 964 1043 1020 hic
1056 963 1129 1020 mihi
1141 961 1256 1020 iacietis

9 1089 10 1092 ,
95 1049 247 1122 quicquid
267 1050 366 1108 facere
383 1052 492 1122 vultis,’
510 1052 694 1125 palliumque
712 1052 750 1108 de
769 1068 860 1108 manu
880 1051 945 1108 eius
963 1053 1103 1108 excussit.
1140 1050 1257 1121 Quibus

96 1137 208 1193 verbis
228 1138 313 1196 miles
332 1157 538 1213 repercussus,
551 1140 627 1196 duos
638 1139 687 1196 vel
705 1147 768 1196 tres
786 1155 895 1212 passus
914 1139 1025 1195 resiliit
1063 1139 1101 1196 Et
1116 1140 1154 1196 ad
1166 1139 1256 1196 alium

8 1293 10 1298 Ι
100 1223 234 1281 militem
247 1244 423 1298 conuersus,
435 1228 528 1285 dixit:
548 1227 645 1298 ‘Quid
662 1237 709 1284 est
726 1227 792 1297 hoc,
808 1226 993 1298 Reginaldel
1014 1225 1109 1283 Multa
1120 1225 1172 1282 tibi
1185 1244 1256 1283 con-

97 1312 162 1368 tuli
182 1315 346 1373 beneficia:
371 1325 401 1373 et
419 1317 459 1372 ad
477 1333 527 1372 me
548 1324 681 1372 armatus
702 1315 732 1371 in
752 1314 909 1372 ecclesiam
928 1315 1079 1372 accedisl’
1115 1314 1170 1372 Cui
1187 1315 1255 1372 ille:
1273 1331 1302 1368 ιο

98 1399 189 1458 ‘lam
211 1403 306 1461 scies:
335 1413 471 1460 mortuus
492 1421 535 1460 es.
573 1402 763 1476 Impossibile
783 1411 831 1459 est
852 1403 932 1459 enim
951 1411 983 1460 vt
1004 1403 1134 1476 amplius
1153 1402 1256 1460 viuas!

100 1487 163 1546 Cui
183 1499 304 1548 sanctus
325 1491 383 1549 ait:
411 1491 466 1548 ‘Et
488 1509 545 1564 ego
566 1509 621 1564 pro
643 1492 700 1547 deo
720 1508 790 1547 meo
811 1491 887 1548 mori
908 1501 1030 1564 paratus
1052 1509 1129 1561 sum,
1149 1500 1179 1548 et
1201 1507 1256 1564 pro

101 1577 274 1635 assertione
288 1579 403 1637 iusticie
416 1589 446 1636 et
459 1579 586 1637 ecclesie
599 1579 743 1636 libertate.
781 1578 843 1635 Sed
861 1578 887 1635 si
904 1589 991 1652 caput
1007 1597 1108 1635 meum
1122 1578 1256 1652 queritis,

101 1665 253 1737 prohibeo
274 1685 314 1724 ex
334 1677 419 1740 parte
441 1667 490 1724 dei
511 1667 737 1740 omnipotentis,
755 1675 786 1722 et
808 1666 864 1722 sub
883 1668 1081 1736 anathemate,
1101 1684 1141 1723 ne
1159 1665 1257 1736 alicui,

102 1751 216 1810 minori
228 1754 277 1810 vel
293 1755 406 1824 maiori,
424 1755 455 1812 in
471 1757 570 1829 aliquo
583 1753 724 1824 noceatiS,
738 1754 792 1811 sed
810 1754 871 1810 sint
887 1754 1038 1811 immunes
1055 1770 1073 1809 a
1089 1771 1168 1827 pena
1181 1753 1256 1810 sicut
1274 1775 1302 1826 15

102 1840 270 1898 extiterunt
297 1861 315 1900 a
338 1860 436 1900 causa.
483 1843 612 1900 Mortem
637 1843 718 1900 enim
743 1842 871 1899 libenter
895 1842 1068 1915 amplector,
1093 1842 1256 1898 dummodo

102 1928 235 1986 eeclesia
247 1929 279 1986 in
292 1930 440 1987 effusione
452 1931 606 2004 sanguinis
623 1930 683 1987 mei
695 1947 801 2003 pacem
814 1940 1014 2003 consequatur
1026 1937 1056 1986 et
1072 1930 1257 1986 libertatem*

102 2015 247 2074 Alterum
266 2018 356 2074 etiam
375 2018 499 2075 militem
519 2036 591 2075 mox
610 2035 700 2076 manu
719 2017 961 2091 apprehendens,
977 2033 1034 2090 per
1052 2016 1175 2073 loricam
1193 2025 1255 2074 tam

102 2103 204 2160 valide
225 2105 359 2162 excussit
378 2107 459 2179 quod
481 2106 581 2179 ipsum
604 2106 667 2162 sere
685 2123 782 2178 vsque
803 2107 841 2161 ad
860 2104 1065 2177 pauimentum
1087 2103 1255 2176 prostrauit.

102 2190 281 2248 Willelmus
293 2194 333 2250 de
341 2191 429 2249 Traei
441 2202 505 2251 erat
518 2193 574 2264 hic,
585 2193 661 2250 sicut
673 2203 779 2266 postea
791 2192 947 2250 confessus
960 2201 1015 2248 est.
1053 2191 1091 2248 Et
1103 2191 1257 2247 inclinauit
1272 2213 1303 2250 ιο

102 2279 154 2335 vir
163 2279 210 2334 dei
220 2290 309 2353 caput
322 2281 352 2336 in
363 2281 486 2338 modum
497 2281 616 2351 orantis,
628 2283 683 2338 hec
693 2280 858 2338 nouissima
867 2278 1024 2353 proferens
1034 2280 1143 2336 verba:
1164 2279 1171 2308 ‘
1182 2278 1255 2349 Deo,

102 2375 137 2424 et
157 2367 242 2424 beate
262 2367 365 2438 Marie,
379 2377 408 2425 et
428 2369 540 2426 sanctis
559 2370 648 2426 huius
667 2368 794 2427 ecclesie
812 2367 955 2442 patronis,
968 2377 998 2424 et
1016 2369 1102 2424 beato
1121 2365 1257 2424 Dionisio

104 2457 287 2512 commendo
295 2456 445 2530 meipsum
453 2466 484 2514 et
492 2457 618 2514 ecclesie
627 2459 766 2514 causam!
793 2456 979 2513 Accelerans
988 2473 1061 2528 ergo
1073 2454 1257 2528 Reginaldus

104 2551 138 2598 et
151 2549 213 2598 toto
226 2544 384 2601 conamine
394 2544 481 2618 capiti
495 2555 640 2618 protenso
650 2545 759 2602 vulnus
772 2544 883 2600 inferre
893 2543 1001 2611 nitens,
1010 2541 1119 2599 clerieo
1128 2541 1256 2612 cuidam,

107 2629 259 2687 Edwardo
277 2632 316 2687 de
335 2631 545 2706 Cantebirgia¹
562 2631 650 2703 dicto,
669 2631 823 2689 brachium
848 2631 947 2704 gladio
972 2630 1145 2704 opponenti,
1163 2647 1256 2704 graue
1272 2655 1300 2706 ²5

104 2717 217 2774 vulnus
247 2718 366 2776 inllixit.
401 2718 639 2794 verumptamen
666 2737 733 2776 cum
759 2720 877 2793 pondus
908 2718 984 2776 ictus
1014 2719 1163 2775 sustinere
1195 2735 1255 2774 non

107 2815 220 2879 posset,
239 2807 393 2864 brachium
412 2807 545 2878 retraxit,
564 2817 594 2865 et
616 2808 763 2882 reliquum
782 2807 858 2864 ictus
876 2815 965 2878 caput
984 2807 1095 2880 recepit
1113 2805 1169 2862 viri
1188 2805 1255 2862 dei:

105 2903 137 2952 et
156 2895 279 2967 sanguis
297 2896 375 2968 cepit
394 2913 518 2954 manare
534 2913 590 2968 per
608 2896 722 2953 faciem.
760 2895 798 2953 Et
815 2895 994 2952 exclamauit
1010 2911 1171 2968 percussor
1188 2894 1255 2951 ille:

105 2981 283 3052 ‘Percutite,
302 2983 482 3057 percutitel'
519 2984 559 3041 Et
577 2985 714 3041 attollens
735 2995 856 3042 sanctus
880 2983 1026 3039 inceium
1046 2983 1156 3052 oculos,
1175 2999 1255 3054 genu

105 3069 188 3126 ilexo
200 3069 367 3144 iunctisque
380 3073 517 3130 manibus
524 3072 544 3141 ¹,
556 3081 625 3130 ante
642 3073 735 3129 altare
748 3071 853 3129 obtulit
868 3070 1003 3144 seipsum
1016 3071 1142 3127 hostiam
1154 3071 1254 3126 viuam
1269 3088 1302 3137 30

105 3159 173 3215 deo.
210 3158 352 3216 Secundo
367 3177 441 3217 vero
456 3161 582 3218 vulnere
601 3160 690 3234 capiti
709 3160 775 3217 eius
793 3159 913 3227 inflicto,
926 3169 1008 3216 recto
1027 3175 1152 3231 corpore
1170 3156 1256 3230 quasi

104 3246 144 3302 ad
164 3246 329 3304 orationem
348 3257 515 3320 prostratus
533 3248 563 3304 in
582 3257 693 3306 terram
713 3247 830 3304 conuit.
866 3246 986 3304 Tertius
1000 3263 1072 3303 vero
1091 3254 1167 3303 teste
1186 3262 1255 3319 por·

105 3334 219 3392 tionem
232 3335 422 3407 amputando,
430 3337 538 3392 vulnus
550 3337 718 3410 precedens
732 3335 911 3392 horribiliter
923 3335 1083 3408 ampliauit„
1115 3334 1254 3404 Quartae,

105 3437 175 3478 cum
199 3421 288 3478 ferire
316 3423 455 3492 tardaret,
479 3433 643 3495 correptus,
669 3423 700 3480 in
723 3423 803 3480 idem
827 3423 936 3480 vulnus
963 3423 1093 3496 gladium
1117 3423 1254 3490 vibrauit,

104 3508 264 3583 gladioque
289 3509 320 3566 in
344 3509 515 3583 pauimento
537 3529 705 3568 marmoreo
727 3511 884 3579 confracto,
904 3520 966 3568 tam
988 3510 1143 3584 cuspidem
1165 3527 1254 3583 quam
1268 3531 1300 3580 35

104 3597 197 3672 gladii
217 3597 355 3670 capulum
374 3598 491 3671 reliquit
512 3599 648 3658 ecclesie.
686 3599 749 3656 Nec
771 3600 896 3656 sathane
917 3598 978 3656 filio
998 3607 1114 3655 tanturn
1137 3597 1254 3655 suffecit

106 3695 297 3760 perpetrasse
317 3685 470 3760 flagitium,
483 3685 549 3758 nisi,
562 3688 641 3760 quod
662 3687 741 3745 dictu
760 3685 901 3744 horribile
920 3696 975 3758 est,
988 3686 1097 3742 iniecto
1116 3685 1146 3742 in
1166 3693 1254 3758 caput

104 3774 213 3848 gladio,
226 3773 382 3830 cerebrum
402 3773 523 3832 eiicerct
541 3783 572 3832 et
589 3791 646 3848 per
663 3775 868 3848 pauimentum
890 3790 1036 3848 spargens
1054 3773 1253 3831 exclamaret:

105 3861 261 3918 ‘Mortuus
285 3863 346 3918 est’
392 3861 431 3918 Et
456 3872 602 3920 exeuntes
626 3863 783 3921 dixerunt:
816 3861 964 3935 ‘Regales
994 3861 1111 3930 milites,
1136 3861 1254 3934 regales

105 3950 253 4006 militest'
291 3949 353 4006 Alii
374 3967 446 4007 vero
467 3951 649 4008 insultabant
669 3951 821 4008 dicentes:
848 3949 964 4007 ‘Voluit
988 3965 1057 4008 esse
1078 3965 1141 4020 rex,
1160 3947 1253 4006 voluit
1266 3969 1299 4018 40

104 4055 175 4095 csse
195 4038 265 4111 plus
283 4053 374 4109 quam
395 4055 468 4095 rex:
495 4041 584 4096 modo
603 4041 641 4096 sit
666 4056 730 4110 rex,
749 4039 838 4095 modo
857 4038 895 4096 sit
913 4038 985 4095 rex!
1021 4036 1071 4093 Ab
1089 4036 1163 4092 hora
1180 4052 1253 4093 vero

104 4127 219 4200 quavir
227 4124 276 4180 dei
286 4123 416 4197 primum
426 4125 535 4184 vulnus
544 4127 671 4201 excepit,
682 4144 738 4184 nec
747 4127 874 4182 verbum
884 4125 1015 4199 protulit,
1025 4142 1081 4181 nec
1091 4124 1253 4182 clamorem

105 4213 213 4282 emisit,
227 4231 282 4270 nec
299 4212 443 4286 gemitum
457 4214 557 4287 edidit,
570 4233 626 4274 nec
645 4231 767 4272 manum
783 4213 901 4274 ferienti
918 4213 1078 4288 opposuit:
1097 4214 1152 4270 sed
1164 4223 1253 4288 caput

137 4389 194 4440 ¹F.
208 4387 319 4452 fugem
368 4385 425 4440 ¹2.
437 4389 603 4454 cantibirgia;
620 4389 653 4442 ai.
664 4389 828 4453 cantebrige.
879 4387 935 4439 ⁸13.
947 4389 1115 4451 manibusque
1128 4387 1228 4438 iunctis.
