3046 4902
263 267 335 364 568
695 258 897 364 appennis
924 261 976 339 11.

261 467 351 524 mam
364 465 464 522 sabato
476 475 505 522 et
516 463 660 522 dominico
671 464 718 520 die
729 463 842 521 modico
853 481 938 520 caseo
946 478 1021 534 aqua
1030 461 1164 531 decocto;
1181 479 1304 534 paucos
1316 477 1427 536 qnoque

261 551 290 606 in
303 559 402 606 sancta
413 545 643 620 resursr]eecione
656 547 805 620 pisciculos
816 549 953 603 sumebat.
991 549 1077 602 Potus
1089 557 1183 602 autem
1195 547 1267 604 eius
1282 549 1358 602 talis
1373 555 1428 601 erat

261 632 352 704 qualis
364 649 398 688 ex
414 648 489 703 aqua
503 641 531 687 et
543 631 675 687 arborum
688 630 779 686 suecis
794 631 968 685 malorumve
979 627 1151 699 agrestium¹
1164 629 1227 685 siue
1243 631 1429 686 siluestrium

261 715 369 772 eondiri
385 724 502 786 posset;
521 715 570 770 tali
588 713 672 784 igitur
689 723 749 768 tam
766 711 832 768 ille·
848 729 933 783 quam
944 713 987 769 sui
1000 711 1157 783 putacionis
1168 730 1286 782 genere
1301 712 1429 769 contenti

233 798 464 864 arenciebantur.
501 799 657 869 Nunquam
675 814 709 852 os
726 797 787 852 eius
805 813 823 852 a
842 795 1032 867 spiritualibus
1050 795 1174 850 ociosum
1193 796 1301 852 visum
1322 807 1370 852 est
1388 795 1430 849 rel

262 898 390 936 vacuum.
428 879 511 936 Multi
523 879 607 950 igitur
618 881 656 934 ad
669 879 746 934 illum
761 879 829 948 ceci,
841 879 918 934 surdi
935 889 1020 949 atque
1035 879 1146 949 leprosi,
1159 879 1268 948 claudi,
1284 877 1430 950 paralitici

261 973 347 1036 atque
371 963 538 1030 demoniaci,
561 973 590 1018 et
615 962 740 1018 omnium
764 961 958 1018 infirmitatum
985 970 1072 1031 atque
1099 961 1288 1018 debilitatum
1321 977 1430 1032 genera

262 1047 479 1102 conferebantur
505 1056 534 1102 et
562 1062 662 1102 omnes
690 1045 820 1100 redibant
846 1047 884 1100 ab
910 1045 958 1099 illo
988 1044 1085 1100 curati.
1134 1045 1196 1098 Iam
1226 1063 1287 1116 per
1313 1061 1430 1100 omnem

264 1131 408 1186 Britannie
426 1129 569 1200 regionem
588 1131 671 1199 longe
692 1129 802 1200 lateque
823 1129 980 1184 celebratur
998 1144 1103 1182 nomen
1124 1127 1184 1183 eius
1209 1146 1282 1183 cum
1308 1129 1430 1184 meritis

221 1229 251 1268 ιο
264 1213 352 1269 Cuius
364 1213 471 1268 vultum
487 1223 621 1283 tanquam
636 1212 729 1280 angeli
747 1212 945 1282 splendentem
961 1211 1001 1264 ita
1018 1209 1093 1266 cumi
1110 1211 1279 1266 nitebantur
1298 1223 1430 1266 contern-

263 1297 343 1368 plari,
365 1307 393 1353 et
418 1297 475 1352 iam
498 1313 556 1351 non
580 1297 736 1350 monachus
761 1295 955 1365 appellabatur
979 1303 1022 1348 set
1045 1295 1161 1363 angelus
1185 1293 1262 1350 inter
1291 1295 1429 1350 homines

263 1389 454 1436 conuersatus.
474 1377 484 1448 ΙΙ
504 1379 569 1435 iliis
582 1397 650 1448 ergo
665 1379 706 1434 ita
722 1377 895 1448 compositis,
911 1377 1074 1432 nunciatum
1090 1387 1133 1431 est
1151 1377 1265 1432 nudam
1281 1377 1429 1448 discipulo

264 1459 334 1518 κου’
354 1471 474 1516 nratrem
495 1479 576 1516 suam
595 1471 739 1532 egrotare:
766 1461 900 1531 quidum
925 1459 1023 1516 anxius
1044 1460 1161 1515 relaxari
1180 1477 1211 1516 se
1233 1460 1428 1532 depredando

264 1545 414 1612 videretur,
444 1545 561 1600 tandem
602 1543 797 1615 proficiscendi
831 1544 940 1614 aceepit
972 1542 1135 1612 licenciam
1169 1554 1291 1600 sanctus
1328 1552 1427 1598 autem

222 1647 251 1698 15
265 1629 370 1684 sciebat
390 1628 465 1684 illam
484 1629 541 1682 iam
557 1644 620 1684 esse
635 1636 783 1696 mortuam,
795 1626 891 1682 diuina
907 1626 1088 1697 prouidencia
1104 1625 1337 1682 demonstrante.
1378 1626 1428 1679 Ille

264 1711 386 1783 denique
397 1711 532 1780 concitus,
540 1727 595 1766 vno
607 1710 731 1781 quodam
741 1727 827 1780 puero
838 1709 942 1765 comite
954 1719 1112 1776 contentus,
1122 1719 1241 1779 accepta
1250 1728 1269 1764 a
1278 1710 1426 1780 magistro
1503 1769 1504 1772 Ἴ

264 1812 339 1866 aqua
356 1795 505 1850 benedicta
523 1794 576 1849 iter
592 1804 705 1850 acturus
723 1793 850 1864 perrexit
888 1795 927 1848 Et
944 1809 1008 1848 cum
1024 1793 1062 1846 ad
1078 1791 1171 1847 locum
1188 1792 1216 1847 in
1234 1810 1296 1864 quo
1310 1803 1426 1848 mortua

265 1876 374 1934 iacebat
393 1877 561 1944 deuenisset,
573 1893 671 1932 omnes
688 1876 736 1948 qui
754 1885 833 1931 erant
845 1875 921 1931 cirea
937 1893 1002 1930 eam
1017 1875 1217 1930 tumultuantes
1231 1876 1320 1932 eiecit
1337 1877 1423 1940 foras,
1502 1911 1504 1922 1

265 1961 413 2032 increpans
431 1971 460 2016 et
478 1959 592 2015 dicens:
618 1960 786 2028 ‘Recedite3
812 1975 861 2014 cur
883 1959 968 2014 stulte
985 1957 1090 2028 agitis?
1127 1957 1224 2012 Niehil
1250 1960 1332 2014 enirn
1359 1975 1422 2028 pro·

222 2067 253 2104 ao
266 2043 365 2100 licitis!
402 2044 523 2100 Putabat
535 2050 630 2098 autern
647 2041 772 2096 animam
787 2041 847 2097 eius
859 2041 953 2097 adhuc
967 2041 1041 2096 intra
1052 2041 1180 2096 membra
1192 2043 1347 2097 contineri.
1384 2039 1422 2094 Et

265 2143 380 2198 aspersa
394 2144 476 2198 super
491 2124 613 2180 cadauer
630 2123 687 2179 iarn
705 2125 829 2194 gelidum
848 2139 922 2196 aqua
940 2123 1121 2190 sanctificata,
1134 2124 1304 2192 ‘Dominus
1318 2123 1421 2194 inquit,

267 2211 366 2266 llresus
375 2211 502 2266 Christus
511 2209 538 2263 in
551 2207 630 2264 cuius
640 2207 755 2263 nomine
764 2207 898 2278 magister
906 2225 986 2262 meus
995 2207 1128 2278 plurimas
1141 2206 1198 2262 iam
1210 2209 1279 2263 lecit
1288 2209 1419 2271 virtutes,

266 2293 326 2363 ipse
338 2301 367 2348 te
374 2310 473 2348 sanare
485 2291 631 2361 dignetur!
659 2290 703 2346 1111
717 2301 811 2346 autem
822 2290 870 2362 qui
882 2290 949 2346 ioris
962 2292 1074 2346 stabant
1083 2289 1251 2346 deridebant
1263 2309 1342 2358 eunt,
1355 2289 1418 2360 quia

266 2375 392 2432 sciebant
410 2393 474 2432 eam
493 2375 548 2430 iam
566 2373 653 2430 luisse
675 2383 815 2429 mortuam
839 2375 1001 2446 priusquam
1023 2373 1068 2430 ille
1088 2374 1260 2430 aduenisset.
1306 2377 1349 2430 Ar
1373 2373 1417 2427 illa

222 2481 252 2532 ²5
265 2458 346 2529 quasi
358 2458 393 2514 de
407 2475 526 2529 sompno
538 2456 658 2512 excitata
670 2456 795 2525 surrexit,
803 2466 832 2512 et
844 2475 929 2528 super
940 2459 1043 2512 lectum
1054 2474 1135 2512 suum
1145 2457 1274 2513 residens
1284 2459 1415 2513 sudorem

266 2557 348 2596 suum
360 2541 495 2610 tergebat,
508 2541 589 2612 quasi
602 2541 639 2596 de
651 2541 774 2611 quodam
790 2557 847 2594 non
861 2539 915 2595 leui
930 2541 1027 2595 labore
1041 2551 1191 2596 reuertens
1230 2541 1276 2595 1111
1290 2557 1359 2596 vero
1370 2535 1415 2609 qui

265 2639 330 2678 eum
348 2623 424 2694 prius
444 2623 597 2679 deriserant
616 2623 777 2678 oeciderunt
796 2623 876 2693 proni
896 2622 925 2678 in
944 2631 1046 2678 terram
1061 2633 1127 2678 ante
1144 2623 1232 2693 pedes
1247 2623 1319 2694 eius,
1332 2623 1415 2678 deum
1502 2691 1503 2696 η

266 2705 463 2774 glorificantes,
476 2716 559 2776 atque
572 2705 719 2762 dieentes:
739 2707 828 2762 ‘Vere
845 2707 987 2777 proximus
1003 2705 1058 2761 deo
1073 2717 1125 2775 est,
1138 2705 1217 2762 cuius
1232 2723 1285 2777 per
1302 2707 1415 2762 inuoca-
1502 2697 1503 2704 '

266 2789 377 2844 cionem
390 2788 543 2859 discipulus
557 2790 610 2843 hoc
628 2789 781 2844 maximum
798 2789 862 2846 lieet
880 2789 927 2843 illo
943 2789 1062 2844 absente
1077 2789 1167 2859 potuit
1179 2789 1273 2844 lacere
1286 2785 1414 2860 signum!

221 2887 254 2938 30
269 2873 321 2928 Illa
342 2873 444 2929 deinde
463 2871 635 2941 interrogata
653 2873 690 2928 ad
709 2889 763 2944 que
782 2873 844 2926 loca
862 2873 906 2927 uel
923 2889 941 2926 a
959 2873 1060 2943 quibus
1079 2889 1110 2927 se
1129 2872 1194 2927 duci
1214 2871 1343 2940 vidisset,
1362 2873 1414 2925 hoe

267 2957 352 3013 modo
376 2957 501 3013 dicebat:
531 2955 688 3010 ‘Videbam
709 2955 784 3010 circa
804 2972 850 3011 me
859 2951 879 3022 ¹,
900 2964 1055 3010 extremum
1076 2955 1240 3026 priusquam
1259 2955 1413 3011 anhelitum

265 3041 432 3107 amitterem,
444 3038 582 3109 quosdam
590 3037 773 3094 homunculos
782 3037 809 3092 in
818 3037 933 3094 modum
942 3039 1095 3092 carbonum
1102 3039 1259 3107 gelidorum
1271 3034 1412 3109 niger[r]i·
1505 3089 1506 3094 ,

267 3141 339 3193 mos,
357 3125 394 3178 ad
413 3122 605 3178 deuorandum
623 3137 670 3176 me
687 3132 811 3191 paratos,
830 3121 875 3192 qui
894 3121 1102 3176 circumdantes
1120 3139 1166 3177 me
1182 3131 1209 3176 et
1227 3123 1318 3192 pedes
1337 3135 1412 3177 meos

266 3224 331 3262 curn
343 3205 472 3262 manibus
485 3205 719 3274 circumligantes,
728 3222 778 3274 per
789 3221 890 3275 aspera
902 3205 1050 3260 trahebant
1063 3205 1101 3259 ad
1113 3204 1258 3275 superiora
1270 3206 1341 3262 loca.
1377 3205 1412 3258 At
1504 3265 1506 3278 ἱ

222 3303 253 3356 ³5
266 3289 379 3360 quidem
398 3305 462 3343 curn
480 3287 635 3342 exultantes
654 3304 699 3341 rne
718 3305 768 3357 per
789 3287 912 3342 inmania
932 3287 1035 3342 vellent
1059 3287 1255 3343 miserabiliter
1275 3297 1412 3344 tonnenta
1505 3337 1506 3360 ,

266 3372 386 3438 trahere,
406 3379 518 3426 sanctus
537 3370 662 3426 obuiauit
680 3370 878 3438 winwaloeus,
897 3369 1058 3426 terribiliter
1071 3387 1226 3441 personans
1244 3389 1279 3426 ac
1298 3373 1410 3429 dicens:
1505 3363 1506 3398 1

267 3453 434 3508 “Dimittite
446 3453 520 3508 banc
532 3453 636 3520 michi;
655 3463 685 3509 vt
698 3452 765 3524 quid
779 3453 855 3508 enim
871 3462 930 3507 tam
948 3454 1083 3509 audacter
1100 3454 1155 3509 hoe
1170 3455 1261 3509 scelus
1279 3456 1309 3510 in
1322 3471 1411 3511 meam

265 3545 426 3609 perpetrare
450 3535 594 3606 temptatis
613 3536 789 3591 lamulam?”
828 3536 872 3590 1111
897 3536 1069 3591 consternati
1088 3546 1173 3608 atque
1194 3539 1355 3607 stupefacti,
1373 3553 1411 3592 re·

266 3635 390 3692 pugnare
402 3618 528 3674 volentes
545 3629 587 3674 set
606 3618 703 3674 diuino
718 3629 839 3675 terrente
857 3618 975 3690 imperio
990 3636 1047 3674 nou
1064 3620 1209 3688 audentes,
1223 3622 1340 3676 taudem
1356 3621 1411 3676 viro

221 3721 255 3770 4ο
266 3704 313 3759 dei
328 3699 396 3774 [me]
415 3701 594 3773 reliquerunt,
612 3701 661 3773 qui
679 3720 744 3757 mox
762 3704 800 3758 ab
817 3703 947 3758 hostibus
964 3719 1010 3758 me
1030 3703 1185 3772 liberatam,
1205 3703 1234 3758 in
1253 3705 1309 3760 boe
1329 3702 1410 3760 voluit

267 3788 321 3844 deo
338 3785 512 3859 propiciante
530 3787 666 3840 collocare
684 3785 867 3856 corpusculo.’
905 3787 943 3840 Et
961 3785 1061 3841 exinde
1078 3786 1168 3856 magis
1190 3787 1339 3858 magisque
1358 3789 1410 3842 iam

266 3887 324 3926 non
336 3871 506 3926 monachum
520 3878 562 3923 set
575 3869 706 3938 angelum
725 3869 886 3925 vocitabant
898 3869 1111 3925 winwaloeum.
1150 3869 1202 3924 llia
1220 3888 1288 3926 vero
1301 3885 1410 3926 reuersa

267 3963 357 4010 totum
369 3953 398 4008 in
412 3969 497 4023 opere
510 3953 586 4007 bono
597 3951 777 4020 fructificans,
785 3953 904 4008 mutauit
917 3953 1040 4008 studium
1052 3951 1225 4008 suum—⁶
1230 3953 1409 4010 Consuetudo

266 4046 361 4092 autem
379 4046 439 4092 erat
457 4035 531 4091 beati
551 4035 724 4103 winwaloei,
741 4036 890 4092 ecclesiam
909 4053 963 4106 que
984 4037 1039 4092 sita
1056 4047 1116 4092 erat
1135 4055 1154 4092 a
1171 4039 1345 4094 monasterio
1363 4053 1409 4094 suo
1505 4035 1506 4056 ¹

222 4137 253 4189 45
267 4119 386 4175 miliario
404 4136 469 4188 vno,
489 4118 602 4174 visitare
623 4129 652 4174 et
672 4117 709 4174 ibi
729 4119 837 4176 hostias
856 4131 915 4176 tam
934 4136 985 4190 pro
1007 4120 1079 4176 uiuis
1100 4137 1186 4192 quam
1205 4138 1256 4192 pro
1275 4121 1408 4177 defunctis

299 4255 381 4308 ι1118.
393 4257 554 4323 aggrestium.
659 4254 740 4308 ¹MS,
758 4256 804 4307 illi.
908 4255 1122 4308 'seS.Riocbo.
1229 4257 1407 4315 ‘truncum

522 4321 585 4373 'LE
598 4337 645 4374 me
710 4321 720 4350 ⁸
736 4322 775 4374 Cl.
785 4321 846 4373 Vita
857 4321 968 4388 Etbbini,
982 4323 1047 4374 Boll.
1062 4336 1091 4390 ¹9
1102 4323 1160 4376 Oet.
