3064 4888
281 311 356 388 500
594 289 724 377 mota
750 285 940 390 mmuh
965 285 1118 392 finalia.
1222 291 1263 368 [ι.
1279 306 1425 357 Textint-

278 489 374 566 patris
398 487 561 564 unigenito,
586 489 745 547 benedicte
767 488 893 562 virginis
916 488 1011 547 Mario
1037 490 1147 548 dilecto
1177 491 1338 548 coniuncte
1368 491 1427 547 lilio

277 577 375 636 leticia
393 577 584 634 inenarrabili
602 587 633 634 et
651 576 833 634 exultatione
851 579 1017 650 gaudentes
1034 587 1141 636 eterna
1158 579 1224 636 sine
1241 579 1304 636 fine
1323 595 1427 652 regna·

277 666 360 734 bunt,
372 664 423 738 qui
442 673 489 722 est
506 683 566 721 vna
578 682 646 722 cum
665 674 760 721 matre
777 681 839 734 sua,
852 665 1004 738 virginum
1021 683 1176 724 sacrarum
1194 667 1242 740 pia
1259 676 1291 724 et
1308 667 1427 740 perpeti

277 753 390 827 regina,
403 752 579 810 benedictus
593 753 623 808 in
637 753 737 810 secula
749 752 858 809 Amen.
872 783 907 793 -
919 783 955 794 -

292 931 311 992 1
328 931 457 988 Explicit
468 931 588 980 historia
598 945 675 980 noua
686 932 817 980 nudantia
828 931 939 980 milium
950 933 1103 991 stannum,
1115 938 1145 981 et
1155 933 1284 991 multus·
1299 934 1359 981 alia
1375 935 1411 981 do

556 1016 675 1070 andana
686 1015 838 1062 amdam
850 1015 971 1062 historia
980 1013 1136 1072 amma

247 1140 261 1192 5
348 1110 424 1168 Uale
436 1111 493 1167 hoc
507 1111 555 1166 die
569 1109 599 1166 in
612 1109 677 1166 celo
690 1108 798 1166 sactum
812 1118 859 1166 est
872 1109 1042 1183 tripudium,
1053 1111 1149 1184 qualis
1161 1127 1305 1168 occursus
1317 1129 1426 1184 super-

382 1215 488 1254 norum
511 1197 638 1253 ciuium!
658 1213 718 1268 que
738 1198 881 1253 exultatio
905 1199 1119 1271 apostolorum,
1139 1215 1229 1271 quam
1253 1201 1425 1256 communis

274 1285 368 1358 gloria
393 1288 548 1343 martirum
570 1294 803 1358 sanctarumque
822 1286 980 1358 virginum,
999 1288 1037 1344 de
1059 1297 1220 1360 augmento
1241 1287 1359 1344 ordinis
1378 1291 1425 1344 sui

274 1373 474 1444 gloriantium,
505 1374 615 1445 ‘quam
646 1373 756 1429 deuota
785 1374 1000 1446 congratulatio
1031 1375 1267 1446 patriarcharum
1292 1384 1324 1431 et
1354 1393 1425 1431 con·

274 1459 461 1517 fessorum¹t
510 1459 550 1516 Vt
580 1460 670 1517 etiam
697 1460 747 1516 illa
771 1459 895 1517 Colonia
922 1463 1018 1532 beata,
1049 1471 1079 1518 et
1110 1461 1336 1535 incomparabili
1367 1463 1424 1519 hoc

230 1563 260 1600 10
273 1547 417 1604 thezauro
441 1547 563 1618 beatior,
585 1547 675 1604 sciret
697 1556 841 1620 quantum
865 1549 1073 1606 sacratissimis
1096 1550 1246 1622 virginum
1271 1549 1424 1606 cineribus
1514 1579 1515 1586 κ

275 1635 410 1706 [honoris
429 1634 674 1707 et]⁸reuerentie
695 1651 818 1708 semper
835 1636 968 1706 deberet,
985 1635 1015 1692 in
1034 1653 1090 1694 sua
1107 1636 1285 1694 liberatione
1303 1647 1352 1694 est
1370 1656 1424 1694 ex·

272 1732 358 1795 perta
374 1741 463 1797 quam
477 1725 630 1796 ‘preciosa
648 1722 679 1778 in
700 1733 863 1795 conspectu
883 1723 996 1780 domini
1016 1741 1098 1781 mors
1116 1728 1236 1781 earum’
1255 1723 1373 1792 fuisset,
1393 1735 1424 1782 et

272 1828 361 1885 quam
386 1811 544 1884 magnifice
564 1811 594 1866 in
621 1811 744 1868 consilio
765 1819 937 1868 sanctorum
958 1811 1095 1868 viuerent
1114 1829 1241 1885 quamm
1263 1813 1345 1868 nuda
1365 1813 1426 1870 lor-

272 1899 350 1956 sitan
370 1915 495 1973 corpora
512 1907 627 1955 tantum
647 1897 823 1970 potuissent
872 1899 949 1956 Nam
968 1908 1088 1972 peracta
1107 1910 1169 1955 tam
1191 1899 1310 1956 beluina
1330 1901 1424 1968 rabie,

228 1999 258 2053 13
272 1988 357 2060 quasi
370 1987 530 2044 tortoribus
542 1986 599 2043 illis
617 1985 774 2043 manifeste
793 1987 868 2042 deus
883 1986 1006 2043 calicem
1020 1986 1072 2054 ire,
1085 1986 1240 2060 vertiginis
1256 1995 1287 2042 et
1304 1989 1425 2044 insanie

272 2074 449 2142 miscuisset,
468 2073 545 2130 ‘dati
565 2082 634 2130 sunt
653 2073 683 2129 in
703 2073 866 2146 reprobum
884 2075 1027 2143 sensum,’
1043 2074 1241 2147 videruntque
1257 2083 1301 2130 tot
1324 2091 1424 2132 arma·

271 2170 369 2218 torum
388 2163 476 2232 acieS,
495 2171 567 2234 quot
585 2161 734 2233 virginum
761 2161 930 2234 [corpora]⁸
948 2161 1179 2230 trucidauerant,
1200 2171 1424 2234 persequentes

271 2265 314 2317 se,
324 2249 362 2305 ad
376 2266 501 2322 quarum
514 2249 658 2322 impetum
671 2247 763 2305 effera
777 2247 826 2304 illa
836 2249 998 2318 barbaries,
1010 2257 1041 2305 et
1053 2259 1122 2321 post
1141 2249 1347 2322 triumphum⁴
1361 2252 1423 2306 iam

270 2335 340 2409 fuge
350 2335 361 2368 ⁸
373 2335 485 2405 nescia,
498 2352 558 2391 non
573 2338 698 2393 auderet
710 2336 884 2393 subsistere.
923 2335 1044 2409 Fugatis
1057 2336 1167 2409 igitur⁸
1179 2337 1261 2408 pacis
1275 2336 1423 2405 hostibus,

225 2443 257 2480 ao
270 2424 419 2480 conclusis
442 2423 559 2480 ciuibus
583 2423 736 2496 insperata
756 2440 815 2496 pax
835 2424 953 2481 reddita
973 2433 1030 2493 est,
1050 2424 1200 2496 longoque
1224 2424 1304 2480 luctu
1331 2427 1420 2481 soluti

269 2508 467 2567 Colonienses
485 2509 581 2582 portis
599 2520 780 2582 eruperunt:
799 2519 830 2567 et
841 2527 912 2567 ecce
925 2511 1039 2585 passim
1058 2529 1151 2584 super
1164 2512 1275 2568 nudam
1294 2513 1422 2570 humum

269 2596 424 2654 inhumata
441 2598 590 2670 virginum
609 2599 757 2655 cadauera
775 2598 966 2656 inuenerunt.
1009 2600 1072 2656 Nec
1093 2599 1219 2657 multum
1238 2617 1292 2656 eos
1310 2617 1362 2657 res
1381 2600 1422 2656 se·

269 2684 352 2756 lellit,
366 2685 478 2759 quippe
491 2685 542 2758 qui
561 2686 620 2741 iam
638 2685 757 2757 pridem
775 2687 997 2744 transeuntium
1016 2687 1127 2744 ibidem
1146 2696 1317 2744 sanctarum
1335 2690 1422 2760 puel-

269 2772 366 2830 larum
385 2783 496 2845 vestes,
516 2773 634 2830 habitus
652 2783 682 2830 et
700 2790 794 2830 naues
814 2783 969 2832 nonerunt.
1015 2775 1078 2832 Sed
1097 2775 1166 2847 quia
1184 2775 1269 2832 facile
1287 2775 1422 2833 animad-

223 2879 254 2930 ²5
269 2870 422 2918 uerterant
438 2862 563 2918 deuotas
582 2862 638 2918 deo
650 2863 783 2934 virgines
799 2879 856 2934 pm
871 2863 1095 2919 conseruando⁷
1108 2863 1249 2935 pudicitie
1265 2862 1421 2935 signaculo

268 2949 299 3005 in
319 2967 415 3023 agone
435 2949 559 3007 martirii
581 2949 764 3018 occubuisse,
784 2965 878 3022 seque
895 2965 999 3006 earum
1025 2949 1277 3022 patrocinantibus
1300 2951 1420 3008 meritis

268 3054 329 3093 non
355 3039 444 3096 modo
469 3047 597 3094 mortem
622 3038 677 3094 sed
703 3038 793 3093 etiam
819 3037 967 3094 cruciatus
992 3038 1187 3094 barbarorum
1212 3037 1295 3094 omni
1320 3047 1420 3096 morte

267 3125 422 3197 grauiores
434 3127 585 3182 euasisse:
605 3124 738 3180 vnanimi
753 3142 913 3194 consensu,
926 3143 987 3181 non
1001 3125 1086 3198 quasi
1105 3125 1243 3182 homines
1261 3126 1317 3182 sed
1332 3125 1419 3198 quasi

267 3213 356 3269 deum
376 3213 561 3269 inhumanis
580 3213 754 3285 corporibus
771 3223 960 3282 venerantes,
980 3229 1040 3268 non
1058 3211 1192 3284 priuatis,
1206 3229 1266 3268 non
1287 3214 1419 3285 publicis

222 3315 254 3366 ³0
267 3301 435 3372 sumptibus
454 3308 663 3371 pepercerunt,
681 3302 753 3358 dum
775 3317 835 3356 non
855 3302 944 3356 modo
963 3300 1156 3356 humanitatis
1179 3299 1286 3368 officio,
1307 3317 1419 3358 verum

267 3387 355 3442 etiam
370 3388 535 3444 humillime
548 3388 750 3444 venerationis
764 3389 862 3445 studio
876 3405 931 3461 pro
944 3403 978 3444 se
992 3388 1146 3460 qui[s]que
1158 3388 1418 3460 ‘satagentesalii

266 3473 406 3532 dilaniata
434 3475 617 3547 disiectaque
648 3478 803 3532 martirum
829 3476 965 3532 membra
989 3485 1155 3548 congerunt
1165 3475 1184 3544 ⁹,
1208 3475 1258 3531 alii
1279 3475 1418 3534 vestibus

265 3562 448 3634 cooperiunt,
461 3562 509 3618 alii
521 3571 633 3619 terram
646 3563 797 3631 effodiunt,
810 3563 859 3619 alii
872 3562 1064 3636 sarcophagis
1077 3563 1251 3634 imponunt;
1269 3564 1418 3636 breuique

264 3659 410 3724 tempore,
424 3651 499 3706 sicut
520 3650 610 3707 hodie
627 3651 686 3708 illic
705 3661 751 3708 est
768 3668 902 3728 cernere,
920 3651 1108 3708 sanctissime
1120 3650 1271 3723 virginum
1289 3651 1417 3724 reliquie

220 3757 251 3808 35
265 3739 302 3794 ad
329 3747 464 3796 eternam
495 3738 720 3796 coloniensium
748 3739 873 3812 gloriam
898 3747 1102 3810 pausauerunt
1126 3737 1157 3794 in
1182 3754 1265 3812 pace.
1304 3737 1352 3794 Ex
1375 3757 1416 3796 eo

264 3825 324 3883 iam
343 3835 497 3883 crescente
516 3826 617 3882 diuina
635 3826 779 3898 religione
796 3843 856 3881 non
876 3827 965 3882 modo
981 3826 1175 3894 consuetudo,
1194 3826 1248 3882 sed
1265 3843 1322 3898 pro
1341 3843 1417 3882 con·

264 3915 422 3971 suetudine
441 3922 662 3970 sacramentum
681 3915 797 3970 ciuibus
817 3913 949 3984 inoleuit,
961 3923 993 3970 vt
1008 3913 1086 3970 intra
1103 3913 1247 3970 ambitum
1258 3913 1417 3986 virginalis

263 4003 418 4076 sepulture
437 4018 525 4058 nemo
537 4019 633 4074 vsque
651 4002 739 4058 hodie
758 4002 932 4082 cuiusquam
950 4000 1058 4058 mortui
1074 4017 1184 4074 corpus
1202 4001 1311 4057 audeat
1325 4019 1417 4074 sepe·

294 4217 303 4247 ¹
320 4217 384 4266 This
395 4218 417 4266 is
429 4217 513 4266 added
523 4217 587 4264 from
599 4217 643 4265 the
656 4215 746 4265 Passio
758 4215 878 4265 undecim
890 4214 996 4264 millium
1008 4216 1144 4278 virginum,
1156 4215 1220 4277 Cap.
1233 4230 1249 4276 3
1260 4223 1286 4264 et
1295 4230 1320 4278 4,
1331 4217 1371 4266 ed.
1386 4217 1415 4266 iu

260 4283 643 4344 Act.SS.Boll.p.161,17ll.
703 4281 800 4330 '-²om.
815 4282 841 4328 in
855 4281 884 4331 B.
942 4281 1013 4330 ⁸om.
1083 4282 1131 4330 ⁸3.
1143 4282 1294 4343 triumphos.
1360 4283 1414 4334 ³13.

261 4349 358 4409 lugere.
419 4348 477 4397 ⁸13.
490 4363 561 4409 ergo.
620 4347 678 4397 ¹13.
691 4348 879 4397 conseruando.
939 4346 996 4398 ⁸E.
1008 4348 1111 4410 quique.
1171 4346 1230 4397 'E.
1243 4348 1414 4410 collegerunt
