3036 4878
260 237 331 320 702
679 222 882 323 appennis·
910 223 986 299 111.

256 425 332 498 apud
344 443 443 483 omnes
455 425 592 496 optinuit:
611 425 760 482 eratenim
774 427 853 481 uultu
870 425 1094 496 iucundissimus,
1106 425 1220 483 humilis
1233 425 1262 483 in
1274 437 1372 499 gestu,
1387 428 1420 484 in

256 511 364 578 babitu,
385 509 413 564 in
436 509 556 578 incessu,
575 509 604 564 iu
626 507 757 580 operibus
776 508 933 574 timoratus,
955 509 1011 564 lide
1032 509 1218 578 firmissimus,
1238 527 1289 580 spe
1310 512 1420 581 longa·

256 593 349 656 nimis,
362 593 478 648 caritate
490 593 628 662 pertusus,
641 602 804 648 mansuetus
818 601 847 647 et
864 592 948 659 mitis,
962 593 1079 648 consilio
1092 593 1235 664 prouidus,
1246 605 1275 648 et
1288 594 1419 648 circum·

256 687 368 746 spectus
391 675 420 731 in
441 674 636 746 verbis-quia
659 673 736 730 iuxta
759 676 876 730 uerbum
901 677 1038 746 prophete
1063 676 1198 732 ‘dederat
1222 676 1248 731 ei
1272 677 1418 732 domiuus

228 759 380 829 elinguem
394 759 551 826 eruditam,’
566 769 597 815 ut
615 757 700 814 sciret
718 758 831 829 quando
847 759 962 814 deberet
980 759 1103 829 proferre
1121 775 1290 816 sermonem.
1328 761 1417 816 Sicut

255 857 323 912 ergo
341 841 370 898 in
389 843 484 898 seculo
499 841 678 899 differencius
696 842 796 898 ceteris
815 843 909 898 titttlos
926 842 1028 898 milicie
1040 843 1173 899 secularis
1186 844 1357 914 optinuerat,
1372 845 1416 900 ita

255 924 284 981 in
297 928 396 984 castris
409 926 560 998 spiritualis
576 925 679 982 milicie
695 926 853 982 sanctitatis
871 927 967 996 gracia
984 925 1085 982 ceteris
1104 926 1289 998 preminebat.
1327 927 1414 1002 Licet

254 1021 349 1066 autern
371 1011 428 1066 iarn
449 1009 522 1065 inter
541 1009 612 1065 alios
630 1009 749 1078 gradum
771 1009 948 1080 perfectionis
969 1010 1130 1080 attingeret,
1149 1009 1292 1064 humiliter
1309 1019 1412 1066 tamen

256 1095 389 1162 sentiens,
407 1095 576 1149 causabatur
593 1092 786 1163 imperfectum
805 1109 886 1148 suum
904 1109 967 1148 cum
986 1094 1122 1164 apostolo,
1138 1101 1220 1148 utens
1238 1085 1327 1148 uerbo
1346 1093 1412 1149 eius

213 1187 244 1226 ¹0
255 1187 283 1234 et
304 1177 418 1233 dicens:
446 1177 530 1232 ‘Non
548 1177 624 1247 quod
643 1174 698 1230 iam
716 1175 959 1246 apprehenderim,
979 1186 1028 1230 aut
1045 1176 1184 1248 perlectus
1202 1177 1276 1244 sim3
1302 1193 1412 1248 sequor

254 1270 357 1329 autem,
372 1259 394 1316 si
407 1260 478 1314 sorte
490 1259 726 1329 comprehendam
738 1259 767 1314 in
780 1275 836 1329 quo
848 1260 1068 1329 comprehensus
1082 1277 1153 1314 sum.
1190 1261 1286 1315 Vnum
1299 1271 1409 1328 autem,

254 1360 309 1415 que
321 1353 396 1398 retro
409 1353 473 1398 sunt
485 1343 663 1412 obliuiscens,
672 1343 710 1397 ad
722 1343 863 1397 anteriora
874 1359 920 1397 me
929 1342 1059 1410 extendo,
1069 1353 1097 1399 et
1109 1359 1212 1415 sequm
1222 1342 1260 1398 ad
1273 1343 1409 1400 brauium

254 1443 374 1498 superne
386 1425 549 1494 uacationis,
562 1441 617 1498 que
628 1436 670 1482 est
683 1425 711 1480 in
725 1425 838 1482 Christo
852 1427 933 1482 lesu!

520 1651 684 1722 Quouooo
702 1661 820 1710 sacrus
839 1663 895 1708 asr
912 1651 1134 1708 Auscuoarrn

253 1787 262 1816 ‘
320 1781 405 1842 Ciens
423 1801 490 1856 ergo
508 1783 625 1841 saturari
644 1795 672 1840 et
690 1782 802 1852 esurire,
820 1783 983 1840 habundare
1001 1794 1030 1840 et
1048 1783 1193 1856 penuriam
1211 1783 1405 1855 pati-omnia

212 1876 242 1930 ¹5
353 1870 430 1926 enim
448 1879 558 1940 poterat
577 1867 720 1939 incoqui
739 1868 913 1924 confortabat
933 1867 1031 1936 eum';
1054 1876 1082 1923 et
1102 1868 1223 1923 sentiens
1243 1868 1271 1923 in
1290 1887 1321 1924 se
1341 1871 1404 1940 ipso

253 1953 330 2025 quod
355 1963 383 2009 et
411 1952 440 2007 iu
466 1953 578 2008 Christo
604 1953 684 2008 lesu:
715 1950 879 2008 humilitatis
904 1951 991 2022 ipsius
1015 1961 1043 2006 et
1068 1951 1207 2021 pacientie
1230 1952 1403 2008 documenta

253 2047 397 2107 sequutus,
421 2053 451 2091 se
475 2033 567 2106 ipsum
589 2033 721 2090 abdicare
746 2045 774 2090 et
798 2035 939 2090 exinanire
964 2034 1087 2089 decreuit
1112 2034 1184 2089 intra
1208 2035 1400 2091 conditionem

252 2119 406 2188 hominum,
419 2117 566 2174 cenobium
586 2129 697 2174 mutans
712 2135 763 2189 pro
781 2119 903 2186 heremo,
916 2116 1013 2173 uolens
1030 2116 1066 2172 ibi
1081 2117 1139 2172 fieri
1155 2117 1294 2188 reptilium
1309 2120 1401 2174 socius

252 2203 417 2260 etserarum.
443 2203 516 2258 Sane
526 2201 597 2258 inter
605 2218 655 2258 eos
663 2201 711 2274 qui
721 2211 920 2257 conuertuntur
929 2201 967 2256 ad
976 2217 1033 2269 cor,
1043 2200 1234 2256 cenobitarum
1244 2202 1303 2256 uita
1312 2203 1400 2259 multo

208 2294 295 2342 west
317 2285 456 2354 securium
481 2295 571 2342 status
589 2302 657 2342 uero
676 2285 902 2340 anachoritarum
922 2283 1004 2354 longe
1025 2285 1180 2355 perfectior.
1218 2285 1251 2340 ln
1270 2287 1399 2353 cenobio,

251 2369 318 2442 quia
334 2369 373 2424 ibi
391 2369 450 2424 uita
467 2369 624 2424 communis
641 2379 685 2426 est
704 2379 732 2424 et
751 2369 928 2424 conuersatio
950 2367 1068 2434 socialis,
1086 2367 1238 2423 maximum
1257 2369 1400 2426 inuenitur

250 2461 348 2508 contra
365 2451 460 2506 omnia
477 2452 605 2523 nequicie
625 2461 829 2522 temptamenta
847 2453 989 2508 solacium,
1027 2452 1123 2506 Habet
1142 2452 1274 2507 cenobita
1292 2453 1397 2508 bonum

250 2533 421 2600 obediencie,
438 2551 585 2588 censuram
605 2533 721 2604 silencii,
738 2552 838 2605 pacem
854 2534 957 2602 anime,
975 2534 1217 2604 contemplationis
1235 2536 1397 2604 archanum,

250 2615 398 2674 consilium
411 2616 440 2672 in
456 2616 632 2687 hesitatione,
645 2617 674 2672 in
691 2618 874 2688 temptatione
889 2617 1052 2686 remedium,
1066 2627 1094 2672 et
1110 2617 1208 2672 efficax
1225 2618 1253 2672 in
1269 2620 1398 2676 omnibus

208 2715 239 2768 ²5
251 2701 418 2758 beneficium
440 2699 588 2757 medicine.
625 2701 669 2757 lbi
693 2701 826 2758 uirtutum
851 2701 927 2756 scola
951 2711 1002 2770 est,
1026 2699 1164 2756 modestie
1187 2717 1263 2768 usus,
1287 2719 1395 2758 morum

250 2783 423 2854 regularitas,
434 2783 616 2840 fraternitatis
632 2783 751 2851 affectio,
764 2783 890 2840 omnium
906 2781 1131 2851 communicatio,
1147 2783 1294 2854 discipline
1308 2784 1396 2856 uigor,

250 2867 393 2922 uinculum
411 2867 543 2936 caritatis,
564 2878 593 2923 et
618 2878 714 2922 mutua
738 2867 897 2938 obsequela
935 2866 1021 2920 Porro
1043 2866 1071 2920 iu
1093 2867 1250 2935 solitudine,
1271 2867 1334 2923 licet
1358 2871 1394 2924 sit

250 2951 466 3022 temptationum
482 2969 577 3022 pugna
592 2950 764 3022 suspectior:
792 2966 895 3004 corona
912 2959 1006 3004 tamen
1023 2959 1066 3004 est
1082 2949 1234 3018 gloriosior,
1246 2961 1275 3005 et
1292 2951 1394 3007 fructus

250 3033 307 3089 uite
327 3033 454 3102 suauior;
473 3035 541 3088 dum
560 3051 590 3088 se
609 3033 700 3104 ipsum
719 3033 819 3104 perdit,
836 3042 866 3086 ut
884 3031 1026 3088 Christum
1044 3031 1215 3100 lucrifaciam
1239 3050 1270 3088 se
1286 3034 1352 3102 odit,
1364 3046 1394 3090 ut

206 3133 239 3183 30
251 3117 394 3172 Christum
415 3117 530 3186 diligat3
557 3126 682 3172 mortuus
701 3132 720 3171 a
743 3115 828 3171 corde
853 3132 912 3182 suo,
936 3113 1082 3184 iactusque
1103 3113 1156 3170 sibi
1178 3126 1323 3187 tamquam
1343 3135 1391 3173 uas

249 3201 406 3270 perditum
428 3200 560 3256 deficiens
578 3218 597 3254 a
613 3199 732 3271 seipso,
750 3209 780 3254 ut
799 3207 905 3254 crescat
923 3196 952 3252 in
972 3196 1133 3266 Christum;
1155 3207 1185 3252 ut
1202 3198 1230 3253 ei
1248 3199 1392 3268 adherens,

249 3300 321 3338 vnus
340 3283 376 3338 sit
394 3283 506 3353 spiritus
525 3299 589 3339 cum
605 3299 656 3350 eo;
675 3293 705 3337 ut
723 3283 751 3338 in
771 3279 918 3337 desideriis
938 3279 1031 3334 anime
1046 3297 1096 3334 sue
1112 3279 1293 3351 liquescentis
1311 3283 1391 3338 affec·

249 3364 326 3420 tione
344 3365 436 3421 dilecti
452 3367 554 3436 psallat
570 3377 598 3421 et
614 3366 706 3422 dicat:
729 3365 822 3435 ‘Quid
838 3363 924 3420 michi
937 3373 979 3419 est
992 3363 1020 3418 iu
1036 3363 1104 3432 celo,
1117 3372 1145 3418 et
1158 3380 1177 3419 a
1192 3374 1220 3420 te
1237 3365 1304 3435 quid
1320 3367 1389 3422 uolui

249 3451 467 3518 superterram?
504 3448 613 3504 Deiecit
631 3466 696 3504 caro
710 3465 774 3504 mea
786 3457 815 3504 et
833 3464 881 3502 cor
895 3462 1005 3512 meum;
1025 3445 1094 3500 deus
1106 3443 1200 3500 cordis
1212 3447 1277 3513 mei,
1289 3458 1317 3503 et
1328 3465 1389 3520 pars

205 3539 236 3593 ³5
249 3548 321 3598 mea,
340 3531 418 3599 deus,
439 3531 468 3586 in
490 3531 634 3587 eternum!
671 3532 717 3588 ab
739 3531 787 3587 illa
807 3531 891 3600 igitur
911 3527 970 3584 uita
988 3537 1133 3598 tamquam
1150 3528 1188 3582 ab
1209 3529 1344 3600 inferiore,
1362 3533 1390 3588 lit

248 3631 384 3672 ascensus
402 3615 439 3670 ad
460 3615 551 3670 istam.
588 3615 658 3670 Ideo
682 3615 826 3685 propheta,
851 3611 898 3684 qui
924 3609 1002 3680 prius
1026 3609 1141 3665 domiuo
1162 3612 1341 3682 profitebatur
1362 3615 1388 3670 in

249 3697 368 3754 consilio
380 3698 514 3754 iustorum
526 3708 555 3754 et
568 3697 795 3768 congregatione,
807 3705 906 3767 postea
923 3691 1022 3751 similis
1038 3692 1128 3748 iactus
1144 3695 1282 3762 pellicano
1299 3697 1388 3754 solitu·

247 3781 331 3850 dinis,
345 3781 509 3852 ‘Elongaui
520 3781 617 3852 inquit,
626 3781 743 3851 lugiens,
753 3790 781 3836 et
793 3781 884 3835 mansi
897 3779 925 3834 in
935 3781 1100 3837 solitudine-¹
1125 3783 1171 3839 De
1183 3779 1287 3835 talibus
1298 3781 1388 3836 beatus
1476 3787 1477 3803 ¹

250 3865 302 3920 iob
313 3862 399 3920 dicit:
419 3863 486 3920 ‘Hii
500 3876 564 3920 sunt
576 3853 623 3936 qui
640 3865 770 3920 edificant
788 3862 841 3918 sibi
859 3864 1029 3931 solitudines,
1043 3875 1073 3920 nt
1090 3881 1147 3920 non
1165 3863 1282 3919 audiant
1298 3881 1387 3920 uocem
1475 3879 1476 3891 ¹

203 3947 402 4014 meracioris:
421 3947 450 4003 id
469 3959 522 4017 est,
541 3948 687 4020 strepitum
710 3947 813 4002 milicie
837 3947 980 4002 secularis.
1017 3949 1170 4018 Propterea
1193 3947 1297 4002 clanrat
1319 3949 1386 4002 Iere-
1474 3959 1475 3977 ¹

248 4029 336 4085 miae:
357 4029 484 4100 ‘Surgite
500 4029 615 4100 surgite,
628 4031 735 4087 saluate
752 4030 862 4085 animas
879 4041 997 4097 uestras,
1009 4040 1038 4085 et
1054 4031 1131 4085 eritis
1151 4030 1179 4084 in
1194 4030 1306 4086 deserto
1323 4030 1384 4085 sicut
1473 4045 1474 4065 ¹

247 4112 366 4167 humiles
390 4112 503 4168 mirice!
542 4115 622 4168 idem
645 4114 731 4169 etiam
756 4114 792 4170 de
815 4131 845 4170 se
871 4113 949 4184 ipso:
979 4113 1135 4169 ‘Sedebam
1159 4113 1308 4181 solitarius,
1327 4113 1383 4184 quia

247 4193 432 4250 amaritudine
447 4196 559 4265 replesti
577 4196 640 4251 me'
677 4196 789 4251 Deserti
806 4196 944 4267 siquidem
961 4195 1137 4252 mansionem
1152 4196 1238 4251 beato
1255 4197 1381 4251 Guthlaco

247 4271 462 4332 desiderabilem
482 4277 604 4335 iaciebat
625 4277 692 4350 quia
713 4280 813 4335 Helias
834 4279 873 4336 ibi
895 4280 1082 4350 habitauerat,
1098 4279 1163 4352 quia
1181 4279 1320 4336 iohaurnes
1334 4295 1381 4334 uor
