3008 4904
282 305 352 397 178
595 302 726 390 mila
751 297 942 404 mmm
967 297 1119 404 angla

280 503 369 559 etiam
389 501 477 576 panis
496 501 664 572 sanctioni
618 501 736 560 cuiille
754 501 958 575 participabat,
977 517 1046 558 esse
1067 499 1237 574 participes.
1274 499 1308 556 Si
1332 511 1444 556 autem

279 589 452 647 lauachrum
462 592 522 647 vite
534 589 754 662 contempnitis,
767 589 938 646 nullatenus
950 607 1060 662 panem
1070 589 1129 646 vite
1142 588 1300 687 percipere
1309 589 1445 644 valetis·

281 677 319 734 Et
334 677 394 735 illi:
414 677 588 746 ‘Nolumus‚
605 677 750 750 inquiunt,
766 677 878 734 sontem
895 677 978 733 illum
995 677 1106 734 intrare
1108 677 1199 749 ,quia
1214 693 1269 732 nec
1286 693 1370 748 opus
1392 677 1444 732 illo

279 781 335 822 nos
354 765 466 822 habere
489 765 636 834 nouimus,
662 767 716 822 sed
737 774 838 822 tamen
861 782 939 838 pane
964 765 1015 820 illo
1039 764 1138 822 refici¹
1159 763 1315 820 volumua’
1358 764 1442 820 Cum

251 871 266 922 5
279 870 352 926 ergo
361 854 467 910 beatus
477 852 608 910 Mellitus
618 853 734 910 infestis
747 852 803 910 sibi
814 853 933 926 regibus
943 853 1094 909 idolatris¹
1103 853 1208 910 crebra
1216 851 1444 908 ammonitione

279 941 441 1010 resisteret,
454 940 557 998 dicens
577 941 691 998 nullum
710 959 801 1014 posse
820 940 929 998 diuinis
948 942 1144 997 sacramentis
1161 939 1364 1013 participant
1381 941 1443 998 nisi

280 1045 365 1086 sacro
378 1028 460 1086 sonte
475 1030 625 1096 ablutum;
645 1029 683 1084 ad
696 1029 831 1085 ultimum
845 1027 945 1084 furore
957 1030 1107 1098 commoti,
1119 1028 1301 1101 expulerunt
1314 1045 1390 1084 eum
1405 1047 1442 1085 ac

278 1118 317 1174 de
330 1134 386 1173 suo
398 1133 493 1188 regno
505 1133 573 1172 cum
586 1115 649 1172 suis
661 1115 744 1172 abire
756 1117 917 1174 iusserunt.
955 1115 1166 1173 Discesserunt
1183 1116 1284 1188 itaque
1300 1115 1443 1172 Mellitus

278 1213 308 1261 et
329 1204 428 1261 iustus
448 1205 485 1260 ad
505 1213 607 1276 partes
625 1203 729 1272 Gallie,
749 1203 789 1260 ibi
808 1221 910 1260 rerum
932 1204 1024 1261 tinem
1042 1213 1204 1278 expectare
1225 1203 1443 1276 disponentes.

235 1311 266 1348 10
280 1293 347 1348 Non
369 1292 462 1348 multo
486 1299 554 1364 post
578 1300 714 1364 tempore
738 1291 790 1348 filii
815 1291 943 1362 siberti,
965 1293 1081 1364 egrossi
1102 1301 1205 1348 contra
1228 1300 1353 1363 gentem
1377 1292 1440 1348 Ge·

278 1380 438 1436 wissorum
462 1378 493 1436 in
519 1378 654 1451 prelium,
679 1395 785 1436 omnes
810 1379 922 1452 pariter
947 1397 1015 1436 cum
1039 1397 1094 1436 sua
1118 1378 1222 1436 militia
1246 1389 1440 1436 corruerunt.

280 1466 435 1524 intereunt
464 1484 560 1538 reges,
584 1475 721 1538 pastores
751 1467 909 1536 eicientes;
941 1467 1091 1524 intereunt
1120 1475 1235 1540 gentes,
1259 1467 1439 1523 doctoribus

278 1555 462 1612 insidiantes.
501 1554 556 1611 Dei
574 1554 672 1627 itaque
689 1554 894 1612 misericordia
910 1572 965 1612 rex
979 1553 1140 1623 Edbaldus‚
1154 1556 1232 1612 beati
1246 1554 1326 1610 Petri
1343 1573 1438 1628 apos·

278 1643 330 1699 toli
347 1642 607 1699 animaduersione
625 1659 681 1716 per
697 1642 817 1699 beatum
832 1636 1034 1711 Laurentium,
1047 1644 1122 1700 sicut
1138 1642 1168 1698 in
1180 1644 1241 1699 vita
1257 1642 1323 1698 eius
1340 1661 1438 1716 supra

236 1749 264 1799 ¹⁵
279 1729 428 1798 inseritur,
441 1731 616 1803 baptizatus,
630 1739 659 1786 et
677 1731 767 1786 rebus
780 1731 906 1788 ecclesie
919 1733 949 1788 in
963 1731 1101 1788 omnibus
1114 1730 1281 1798 consulens,
1294 1731 1380 1787 misit
1397 1733 1436 1788 ad

279 1817 423 1874 Galliam⁴
441 1827 470 1874 et
489 1817 639 1874 reuocauit
654 1816 800 1876 Mellitum
819 1827 848 1874 et
869 1817 993 1888 lustum,
1011 1835 1124 1890 eosque
1141 1819 1179 1875 ad
1198 1835 1268 1874 suas
1287 1817 1438 1876 ecclesias

279 1905 377 1962 redire
402 1904 544 1978 precepit.
581 1904 640 1974 Qui
665 1914 732 1977 post
758 1922 870 1962 annum
895 1923 935 1962 ex
959 1923 1020 1979 quo
1043 1905 1188 1974 abierunt,
1211 1905 1324 1963 reuersi
1352 1919 1436 1962 sunt.

280 1992 379 2050 iustus
393 1991 518 2063 [enim]¹
530 1994 567 2048 ad
581 1991 730 2050 ciuitatem
743 1993 915 2062 roffensem,
928 1994 976 2050 cui
989 1994 1148 2066 prefuerat,
1158 1993 1261 2062 rediit;
1282 1993 1436 2050 Mellitum

278 2097 350 2136 vero
364 2080 593 2136 Londonienses
612 2080 747 2153 recipere
766 2081 924 2138 noluerunt
931 2081 950 2148 ¹,
964 2081 1107 2154 ydolatris
1125 2083 1220 2154 magis
1239 2080 1437 2155 pontificibus

235 2167 394 2225 inseruire
412 2169 586 2240 gaudentes.
622 2167 736 2224 Verum
759 2169 845 2225 beato
867 2167 1029 2226 Laurentio
1050 2172 1087 2226 ad
1107 2169 1217 2226 celeste
1236 2185 1364 2240 regnum
1384 2187 1436 2226 as·

278 2264 408 2327 sumpto,
434 2254 565 2311 Mellitus
589 2255 694 2311 sedem
716 2256 948 2314 dorobernensis
971 2255 1098 2314 ecclesie
1120 2257 1268 2330 suscepit;
1294 2265 1324 2313 et
1347 2261 1434 2330 apud
1500 2249 1501 2280 ¹

278 2351 414 2400 sanctum
436 2341 663 2414 Augu[stinum]
684 2343 869 2400 consecrauit
891 2343 1047 2401 ecclesiam
1068 2344 1099 2400 in
1123 2345 1234 2400 honore
1255 2351 1361 2400 sancte
1384 2347 1435 2402 dei

277 2429 430 2502 genitricis
457 2429 558 2498 Mane,
584 2445 674 2502 quam
703 2430 733 2486 in
760 2432 942 2488 monasterio
967 2431 1111 2505 principis
1140 2431 1340 2504 apostolorum
1377 2451 1435 2490 rex

280 2516 433 2574 Edbaldus
455 2517 594 2574 condidit.
632 2517 699 2587 Que
720 2535 810 2591 quam
831 2529 916 2591 grata
937 2521 1024 2577 beate
1043 2519 1149 2592 virgini
1171 2519 1267 2576 Marie
1287 2518 1435 2588 extiterit,

234 2625 263 2675 ²5
278 2621 332 2661 sua
357 2621 616 2677 supernorumque
638 2605 747 2661 ciuium
770 2605 924 2663 laudisona
944 2607 1112 2680 frequentia
1133 2607 1345 2679 signorumque
1367 2611 1435 2664 eui·

278 2691 378 2748 dentia
391 2694 494 2764 sepius
507 2691 619 2749 claruit.
695 2681 772 2750 Erat
785 2704 884 2751 autem
898 2695 1003 2751 beatus
1017 2694 1148 2751 Mellitus
1160 2695 1293 2768 corporis
1305 2695 1433 2767 quidem

278 2779 458 2849 infirmitate,
479 2778 508 2835 id
534 2789 581 2837 est
602 2781 736 2854 podagra
759 2791 910 2854 grauatus,
935 2783 990 2838 sed
1010 2782 1120 2839 mentis
1144 2783 1298 2854 gressibus
1324 2799 1433 2855 sanus,

278 2867 414 2924 alacriter
438 2877 557 2925 terrena
581 2885 699 2941 queque
724 2869 906 2938 transiliens,
931 2870 970 2926 ad
995 2869 1117 2926 celestia
1145 2887 1266 2942 semper
1289 2873 1433 2940 amanda,
1498 2867 1499 2874 ’

277 2955 409 3029 petenda
426 2965 456 3012 et
476 2956 629 3028 querenda
648 2957 827 3028 peruolans;
847 2959 946 3014 camis
964 2957 1079 3030 origine
1096 2957 1212 3026 nobilis,
1226 2959 1280 3014 sed
1296 2957 1432 3016 culmine

233 3063 265 3113 ³0
278 3044 387 3099 mentis
410 3043 545 3099 nobilior.
619 3031 764 3116 Denique
785 3044 835 3100 ut¹
856 3061 948 3100 vnum
968 3046 1111 3102 virtutum
1131 3046 1205 3114 eius,
1223 3046 1303 3102 vnde
1328 3057 1432 3102 cetera

277 3131 400 3203 intelligi
425 3138 561 3202 possunt,
586 3132 791 3188 testimonium
815 3131 962 3190 referam:
993 3132 1144 3206 Tempore
1168 3133 1296 3205 quodam
1323 3133 1432 3190 ciuitas
1497 3129 1498 3144 ¹

277 3219 511 3274 dorobernensis
542 3235 597 3291 per
627 3219 745 3292 culpam
773 3220 887 3276 incurie
911 3221 972 3292 igni
997 3229 1143 3292 correpta,
1168 3221 1431 3277 crebrescentibus

278 3305 409 3361 ssammis
431 3306 567 3361 consumi
589 3305 676 3378 cepit.
714 3306 850 3378 Cumque
875 3324 947 3379 pars
971 3306 1099 3364 ciuitatis
1119 3325 1181 3364 non
1201 3309 1324 3364 minima
1345 3321 1431 3365 esset

277 3401 400 3462 vastata,
413 3393 500 3448 iussit
516 3410 549 3448 se
563 3393 723 3466 episcopus
736 3395 854 3451 obuiam
868 3395 1053 3452 seuientibus
1065 3395 1197 3468 ignium¹
1209 3395 1306 3468 globis
1319 3395 1430 3453 efferri.

233 3489 263 3541 35
279 3479 316 3536 Et
334 3496 402 3536 cum
418 3495 525 3536 manus
542 3481 580 3536 ad
593 3483 682 3538 deum
695 3481 809 3538 orando
827 3483 966 3551 leuasset‚
979 3492 1088 3539 ventus
1090 3484 1160 3556 ‚qui
1177 3501 1195 3540 a
1211 3483 1336 3539 meridie
1350 3483 1430 3540 ssans

277 3567 359 3624 vrbis
383 3565 521 3623 incendia
550 3578 709 3640 sparserat,
735 3578 838 3625 contra
862 3571 1018 3626 meridiem
1043 3569 1186 3640 reflexus,
1211 3587 1228 3626 a
1252 3569 1368 3628 lesione
1396 3590 1430 3628 se
1495 3645 1496 3650 η

277 3656 401 3710 retraxit
424 3663 453 3710 et
476 3671 546 3710 mox
566 3654 700 3712 funditus
720 3656 912 3728 quiescendo,
932 3657 1061 3714 flammis
1081 3658 1192 3730 pariter
1211 3659 1316 3756 sopitis
1339 3669 1430 3731 atque

277 3743 425 3811 extinctis,
442 3743 632 3815 compescuit.
708 3730 875 3816 Postquam
894 3753 993 3802 autem
1012 3744 1144 3818 quinque
1162 3745 1251 3802 annis
1269 3746 1428 3804 ecclesiam

277 3839 397 3886 rexerat
419 3831 685 3899 dorobernensem,
705 3831 743 3888 ad
765 3832 857 3901 celos,
875 3841 980 3888 octauo
1004 3833 1062 3888 kal
1082 3831 1160 3900 maii,
1180 3833 1327 3905 migrauit,
1346 3851 1428 3891 anno

232 3934 265 3985 40
277 3917 419 3991 [gracie]¹
432 3917 653 3976 sexcentesimo
670 3917 813 3975 vicesimo
830 3929 945 3992 quarto,
964 3919 1159 3992 sepultusque
1177 3929 1224 3976 est
1242 3938 1311 3977 cum
1331 3921 1428 3978 iratri-

279 4007 333 4063 bus
348 4007 411 4064 suis
427 4006 458 4063 in
478 4004 659 4062 monasterio
679 4005 759 4063 Petri
778 4006 914 4080 apostoli
915 3995 1130 4064 —-¹⁰Anus¹¹
1149 4008 1280 4080 quedam
1300 4008 1428 4068 honeste
1494 3989 1495 4060 1

310 4164 317 4193 ¹
337 4164 366 4215 E.
378 4165 464 4215 reieci.
576 4163 586 4192 ¹
604 4163 632 4214 E
645 4163 786 4214 nidolatris.
896 4163 906 4192 ⁸
924 4163 953 4216 E
967 4165 1090 4229 participa
1092 4181 1127 4216 re.
1240 4167 1297 4217 ¹E.
1310 4168 1426 4220 Gallium.
1493 4199 1494 4230 1

277 4229 447 4292 ¹E.;autem
463 4231 578 4282 T.enim.
661 4229 872 4281 ¹E.voluerunt.
958 4230 1072 4289 'Eam
1088 4232 1161 4282 T.ut.
1248 4233 1322 4284 'n'
1315 4251 1426 4298 igninum

276 4295 343 4410 :1⁵ss
345 4296 396 4410 TAu
397 4310 457 4411 ιι(ειμιιι.
471 4296 540 4346 ιιιΕ.
699 4296 718 4326 ¹⁰
736 4295 812 4346 ιἰοιιι
825 4298 887 4348 here
899 4298 979 4348 edin
990 4298 1047 4349 Act.
1060 4297 1109 4349 SS.
1121 4297 1187 4349 Boll.
1199 4298 1262 4362 Apr.
1279 4251 1362 4365 lump
1372 4303 1426 4364 285„
