3036 4878
299 307 371 384 730
722 279 924 382 appennis
952 281 1028 358 ΙΙΙ.

294 487 489 559 baptisterium
509 503 570 542 sese
588 486 742 556 inmergere
759 503 794 542 ac
815 486 881 542 inde
901 484 1031 542 alacriter
1054 484 1092 540 ad
1112 499 1143 540 se
1162 493 1367 554 properantem,
1385 491 1442 536 tam

296 572 387 643 ipsam
412 589 496 642 quam
521 570 643 625 martiris
668 571 844 641 sepulchrum
868 571 967 640 plausu
989 571 1099 624 alarum
1122 585 1235 624 suarum
1259 569 1307 622 illo
1331 583 1392 621 rore
1411 582 1440 620 a·

296 671 434 728 sporgere.
471 657 551 708 Tunc
568 653 616 709 illa
629 653 777 709 confestim
792 647 929 722 exurgens
940 653 1027 710 erexit
1038 670 1070 710 se
1082 663 1111 708 et
1127 650 1213 718 stetit,
1225 661 1255 706 et
1271 650 1440 706 consolidate

295 749 359 794 sunt
376 741 457 794 bases
474 737 535 792 eius
552 747 581 792 et
600 738 704 808 plante,
716 747 745 792 et
762 736 925 792 ambulabat
943 747 1026 802 recte,
1038 735 1116 808 quod
1130 745 1248 792 eatenus
1265 754 1283 790 a
1299 734 1439 790 natiuitate

267 837 351 892 gnon
367 822 479 876 fecerat.
517 819 655 876 Mirandis
673 819 803 875 miranda
820 821 984 876 succedunt.
1021 821 1087 876 Duo
1104 817 1221 876 ecclesie
1239 818 1322 888 signa
1336 818 1438 872 eminis

295 904 367 960 inira
387 904 476 976 ipsam
496 904 645 960 ecclesiam
666 903 831 975 pendencia,
850 921 904 974 que
922 905 1016 959 adhuc
1034 903 1173 974 hodieque
1192 902 1298 958 ibidem
1315 903 1438 958 dicuntur

294 988 401 1056 haberi,
421 988 459 1044 ita
477 987 652 1044 concorditer
668 987 706 1042 ad
726 987 848 1043 inuicem
866 987 963 1044 diuina
981 986 1083 1042 uirtute
1102 987 1241 1042 sonabant
1262 986 1343 1056 quasi
1362 982 1436 1056 periti

294 1070 468 1141 cuiuis]libet
492 1072 621 1127 manibus
645 1071 828 1126 traherentur.
877 1072 1005 1140 Quorum
1035 1069 1232 1140 intempestiue
1262 1069 1356 1126 sonitu
1382 1084 1437 1138 pes-

295 1157 422 1210 turbatus
437 1155 575 1226 presbiter
590 1165 618 1210 et
635 1154 677 1210 sui
694 1155 795 1218 clerici,
809 1153 970 1224 perterritus
987 1153 1073 1210 etiam
1091 1154 1220 1223 populus.
1229 1154 1315 1222 urbia,
1328 1153 1437 1209 exiliunt

253 1257 283 1294 ro
296 1238 397 1306 stratis,
407 1250 554 1294 accurmnt
566 1255 673 1306 omnes,
686 1238 781 1294 uidere
794 1238 937 1308 cupientes
949 1237 1084 1308 quidnam
1098 1236 1180 1292 fuerit
1193 1237 1269 1308 quod
1282 1233 1436 1292 acciderit¹.

297 1323 413 1394 lamque
433 1323 612 1392 respicientes
633 1323 670 1376 ad
688 1321 854 1376 ecetesiam:
876 1321 973 1376 uident
992 1339 1040 1391 per
1057 1321 1195 1376 fenestras
1212 1337 1276 1376 eam
1296 1331 1383 1376 totam
1400 1319 1436 1372 in·

294 1405 379 1460 terius
401 1405 567 1460 inflammari
588 1415 616 1460 et
637 1404 732 1460 celesti
754 1405 860 1460 lumine
880 1405 1060 1460 uehementer
1080 1401 1217 1460 illustrari.
1254 1405 1336 1458 Tunc
1355 1403 1437 1458 multo

294 1487 385 1556 magis
403 1489 490 1544 territi
508 1498 537 1543 et
553 1488 748 1558 obstupefacti,
766 1488 900 1543 uelociter
918 1498 1078 1558 properant,
1097 1497 1209 1542 curmnt
1228 1496 1257 1542 et
1280 1487 1393 1554 irruunt,
1412 1496 1437 1540 et

295 1570 355 1625 sine
367 1585 446 1624 mora
457 1570 562 1626 loribus
574 1570 703 1627 reseratis
718 1571 791 1626 intro
804 1569 962 1642 respiciunt.
998 1570 1103 1626 Vident
1116 1570 1210 1640 itaque
1222 1571 1346 1640 puellam
1357 1587 1437 1641 quam

253 1669 263 1706 r
269 1671 282 1722 5
295 1653 333 1709 ihi
344 1665 514 1710 contractam
524 1654 700 1726 reliquerant,
711 1653 767 1708 iam
777 1665 900 1709 erectam
909 1665 937 1710 et
947 1671 1046 1710 sanam
1055 1664 1185 1720 stantem,
1194 1653 1321 1723 pellicem
1331 1671 1437 1725 quoque

295 1735 436 1792 illiusiam
448 1738 486 1793 ad
498 1737 622 1808 poplices
634 1737 679 1792 uix
692 1737 875 1807 attingentem
887 1753 941 1808 que
953 1737 1072 1792 duorum
1084 1738 1140 1793 fere
1151 1736 1247 1806 spacio
1260 1737 1365 1807 pedum
1377 1747 1436 1808 post

295 1821 371 1876 illam
392 1821 464 1876 trahi
489 1821 597 1877 solebat
618 1821 685 1876 dum
706 1821 799 1876 adhuc
822 1821 882 1876 solo
904 1831 984 1876 tenus
1004 1821 1119 1876 incurua
1137 1831 1247 1890 reptare
1268 1822 1353 1875 solita
1371 1832 1437 1875 erat.

296 1905 403 1960 Pauent
416 1921 482 1974 ergo
494 1903 576 1958 nimis
587 1915 616 1960 et
628 1913 740 1974 stupent
752 1902 882 1972 uniuersi,
896 1913 974 1960 tanta
989 1915 1018 1960 et
1036 1915 1095 1960 tam
1113 1903 1223 1958 insolita
1235 1904 1282 1958 dei
1299 1905 1437 1974 magnalia

295 1988 352 2042 suis
376 1989 464 2044 oculis
482 1997 637 2056 oernentes,
655 2005 710 2058 que
727 1987 780 2042 nisi
800 1987 853 2057 ipsi
872 1987 1016 2054 uidissent,
1034 1989 1070 2044 ab
1088 1986 1150 2044 aliis
1167 1988 1242 2042 dicta
1261 1989 1307 2042 uix
1328 1989 1437 2044 credere

252 2074 465 2140 aopotuissentr
494 2081 523 2127 et
547 2071 689 2144 inquirunt
713 2071 750 2126 ab
774 2087 809 2126 ea
830 2071 976 2140 diligenter
999 2070 1237 2142 quemadmodum
1261 2083 1371 2140 gestum
1394 2073 1437 2126 sit.

296 2155 404 2223 Quibus
429 2155 476 2210 illa
497 2155 623 2225 gaudens
640 2165 725 2226 atque
742 2157 870 2210 exultans
888 2171 1001 2210 omnem
1021 2155 1060 2210 rei
1082 2155 1207 2210 ordinem
1225 2154 1297 2210 sicut
1316 2155 1437 2225 superius

294 2239 427 2309 scriptum
441 2248 483 2294 est
501 2237 624 2292 seriatim
641 2237 763 2308 exponit.
799 2239 931 2294 Gaudent
950 2237 1033 2307 igitur
1051 2238 1171 2294 uniuersi
1189 2249 1217 2296 et
1236 2239 1321 2294 deum
1340 2240 1436 2294 iunctis

294 2323 410 2378 uocibus
422 2323 589 2388 collaudant,
602 2321 668 2392 quia
680 2321 740 2392 ipse
755 2332 798 2376 est
814 2332 916 2392 potens
934 2321 964 2376 in
981 2323 1043 2378 celo
1059 2331 1087 2378 et
1107 2322 1135 2376 in
1152 2335 1232 2390 terra,
1246 2321 1348 2394 quique
1365 2323 1436 2378 solus

293 2403 359 2459 lacit
389 2405 535 2460 mirabilia.
583 2405 698 2460 Talibus
723 2405 807 2474 igitur
830 2405 941 2460 indiciis
965 2405 1130 2462 uenerabilis
1155 2407 1287 2462 sacerdos
1312 2407 1368 2462 uoti
1394 2406 1435 2462 sui

250 2503 280 2552 25
294 2503 409 2558 compos
424 2489 556 2544 effectus:
576 2491 705 2544 estuabat
721 2490 814 2546 adhuc
827 2489 914 2544 nimio
926 2488 1066 2544 desiderio
1078 2489 1170 2546 cordis
1185 2500 1315 2544 mactum
1331 2490 1435 2560 aperire

293 2571 469 2641 sepulchrum
486 2581 514 2625 et
531 2571 626 2626 uidere
642 2572 804 2628 thesaurum
821 2572 898 2626 illum
915 2572 1163 2642 incomparabilem
1178 2571 1223 2643 qui
1240 2572 1270 2628 in
1282 2589 1317 2628 eo
1329 2575 1435 2628 clausus

292 2655 447 2710 tenebatur.
484 2654 541 2710 Sed
557 2655 650 2711 sciens
666 2665 694 2711 et
711 2658 837 2712 recolens
853 2673 883 2711 se
899 2671 961 2710 esse
978 2665 1161 2725 peccatorem,
1174 2665 1203 2712 et
1215 2657 1281 2726 quia
1298 2657 1327 2710 in
1344 2659 1434 2712 multis

291 2739 458 2796 offendimus
476 2753 582 2804 omnes,
602 2755 657 2794 non
676 2741 853 2810 presumebat
871 2755 986 2794 manum
1002 2740 1112 2796 mittere
1128 2739 1158 2794 in
1176 2739 1312 2796 christum
1330 2741 1433 2796 domini

292 2823 344 2878 nisi
369 2823 445 2892 prius
469 2821 570 2877 faciem
592 2822 697 2878 domini
721 2824 868 2893 placasset.
907 2822 1008 2877 Indicit
1033 2821 1127 2892 itaque
1151 2823 1311 2878 triduanum
1335 2825 1434 2894 populo

249 2905 434 2972 solemnium,
453 2907 528 2976 quod
545 2917 574 2960 et
593 2905 653 2975 ipse
672 2923 736 2961 cum
754 2905 915 2976 presbiteris
933 2905 980 2976 qui
1000 2922 1064 2964 eum
1084 2906 1113 2962 in
1136 2922 1220 2976 opere
1238 2905 1286 2961 illo
1305 2907 1435 2962 adiuuare

291 2989 440 3056 debebant,
462 2989 560 3044 ceteris
584 2989 671 3044 anius
692 2989 720 3044 in
742 3005 816 3060 pane
836 2999 864 3044 et
887 3005 962 3059 aqua
985 2989 1135 3045 obscurare
1155 2989 1273 3046 curauit.
1309 2991 1434 3060 Tandem

291 3075 401 3142 expleto
413 3073 516 3127 ieiunio
529 3073 661 3128 sacerdos
672 3091 737 3128 cum
752 3074 809 3128 suis
825 3072 1071 3130 consacerdotibus
1084 3085 1196 3144 sumpta
1208 3073 1314 3132 maimo
1326 3073 1433 3143 fiducia,

292 3166 320 3211 et
337 3157 374 3210 de
393 3156 438 3210 dei
457 3173 618 3226 presumens
636 3157 834 3223 misericordia,
852 3157 962 3212 accedit
980 3156 1017 3211 ad
1035 3157 1211 3228 sarcolagum
1230 3173 1295 3212 cum
1314 3169 1388 3213 metu
1405 3169 1433 3214 et

292 3239 460 3296 reuerentia.
496 3240 601 3296 Aderat
620 3251 713 3296 autern
736 3251 764 3295 et
786 3239 893 3296 infinita
915 3241 997 3296 turba
1018 3239 1151 3296 debilium
1170 3251 1198 3296 et
1218 3241 1386 3296 infirmorum
1405 3254 1433 3298 et

247 3333 279 3383 ³5
292 3323 404 3378 diuerso
415 3340 518 3393 genere
529 3325 735 3394 langrencium,
748 3323 836 3395 quos²
853 3342 887 3379 eo
903 3325 979 3380 launa
994 3325 1147 3396 supradicti
1164 3325 1298 3392 miraculi,
1312 3337 1340 3382 et
1355 3345 1431 3382 recu·

292 3407 416 3476 perande
424 3423 488 3476 spes
501 3408 606 3476 salutis,
615 3408 800 3479 undecunque
812 3409 985 3479 perduxerat
1017 3408 1147 3479 Denique
1158 3410 1336 3479 sepulchrum
1346 3411 1431 3466 sancti

291 3489 422 3559 aperitur,
439 3499 467 3544 et
486 3491 607 3546 martiris
626 3493 787 3547 ueneranda
804 3508 868 3546 osas
886 3501 1056 3559 cernuntur;
1080 3491 1217 3563 scriptura
1232 3509 1344 3563 quoque
1360 3493 1432 3550 iuxta

291 3573 382 3644 posita
400 3572 546 3640 inuenitur,
559 3593 614 3646 que
627 3576 734 3632 dioeret
751 3577 841 3646 ipsum
860 3592 924 3632 esse
941 3575 1129 3645 Rngeneriutn
1148 3585 1275 3632 sanctum
1294 3577 1431 3634 martirem

293 3657 413 3725 Christi;
433 3667 564 3728 nepotem
575 3659 660 3714 etiam
679 3658 847 3716 sanmissimi
861 3658 934 3729 regis
946 3669 974 3714 et
991 3659 1113 3716 numus
1126 3659 1286 3714 Eadmundi
1300 3660 1391 3727 luisse,
1403 3671 1430 3718 et

246 3742 329 3810 qoab
352 3741 459 3796 eisdem
484 3742 706 3812 persecutoribus
730 3743 874 3814 aquibus
900 3743 947 3797 ille
971 3759 1069 3813 passum
1099 3752 1152 3810 est,
1176 3759 1227 3814 pro
1250 3743 1355 3800 Christi
1379 3745 1430 3800 fide

291 3825 440 3879 crudeliter
462 3825 586 3882 occisum
607 3825 780 3882 occubuisse.
816 3829 923 3896 Aperto
944 3843 1010 3883 uero
1035 3825 1215 3882 secerdotum
1237 3828 1367 3884 manibus
1389 3846 1430 3884 se-

290 3909 415 3978 pulchro,
433 3925 498 3964 mox
522 3919 600 3965 tante
618 3909 726 3966 uirtutis
747 3909 830 3980 copia
848 3909 982 3966 diuinitus
1000 3927 1085 3980 super
1107 3920 1219 3979 egrotos
1238 3912 1386 3978 emanauit,
1403 3921 1431 3968 ut

289 4009 389 4047 omnes
407 3992 454 4062 qui
472 3991 592 4048 diuersis
612 3994 793 4064 languoribus
814 3993 973 4064 pregrauati
991 4003 1188 4060 conuenerant,
1206 4003 1317 4050 astante
1335 3996 1430 4066 populo

291 4086 457 4131 sanarentur
472 4094 490 4131 a
503 4093 669 4148 quacunque
685 4076 883 4132 detinebantur
900 4076 1068 4133 infirmitate.
1106 4078 1168 4148 Que
1184 4077 1283 4136 uidens
1301 4079 1387 4134 clerus
1403 4089 1430 4132 et

244 4176 276 4224 45
291 4159 418 4227 populus,
437 4159 580 4228 ingentem
599 4177 698 4215 omnes
717 4162 836 4216 tulerunt
854 4161 1007 4216 clamorem
1025 4161 1063 4216 ad
1082 4163 1200 4231 sydera3
1225 4160 1307 4231 signa
1327 4178 1429 4232 quoque

290 4243 436 4308 pulsantur
452 4253 480 4298 et
499 4253 599 4298 sonant
616 4245 729 4311 ethera;
754 4243 850 4300 diuina
868 4245 1045 4300 declarantur
1062 4244 1213 4314 magnalia,
1230 4255 1259 4300 et
1278 4244 1308 4300 in
1325 4245 1429 4302 laudem

565 4339 574 4370 ¹
591 4339 646 4389 Ma
658 4339 787 4392 ιοοεᾱεῐὶῑ.
999 4339 1010 4370 ¹
1026 4340 1081 4392 MS.
1093 4340 1170 4407 quod.
