3046 4902
253 307 327 394 624
692 289 895 394 &penult
922 291 975 366 11.

257 501 334 557 Hinc
357 499 471 556 laudem
495 497 636 568 adaugent
659 495 782 551 martiris
807 493 959 562 Edmundi,
981 493 1113 550 virtutem
1133 489 1264 550 videntes
1284 493 1332 549 dei
1350 511 1419 549 om·
1502 539 1503 570 ,

254 581 405 655 nipotentis
413 579 431 637 ¹.

320 763 348 818 p.
361 745 422 812 648.
457 743 483 805 fl
502 745 552 799 Du
569 751 810 798 maxsmcroxa
828 751 938 796 sxucn
958 741 1116 795 Enuuuor
1135 751 1178 795 na
1196 751 1348 796 accrasrx

334 840 451 884 varani
471 839 506 883 ιιι
524 839 639 882 xouau
658 835 822 880 axsrcrcxu
840 837 860 877 x
879 824 1073 878 Branawnro
1091 835 1334 879 cousraucrrrrr.

776 941 907 1010 Egnante
931 957 996 1010 rege
1020 939 1162 995 willelmo
1190 941 1320 995 secundo
1345 959 1414 996 cum

809 1023 898 1077 abbas
928 1023 1105 1078 Baldewinus
1132 1041 1236 1078 nouam
1260 1023 1415 1078 basilicam

228 1127 242 1180 5
256 1109 332 1180 apud
346 1107 623 1172 Beodricesuuorthe,
636 1107 728 1178 priore
742 1105 860 1163 basilica
872 1116 998 1174 tempore
1012 1107 1114 1162 Canuti
1133 1105 1206 1176 regis
1220 1106 1327 1161 ibidem
1341 1125 1415 1163 con-

257 1203 363 1247 structa
386 1190 561 1262 pulcriorem,
580 1189 827 1262 artifici[osi]orem
848 1200 877 1244 et
900 1189 1125 1255 eminenciorem,
1144 1189 1181 1243 ad
1205 1189 1295 1243 instar
1312 1192 1414 1260 templi

256 1274 414 1332 Salomonis
427 1272 642 1328 construxisset:
661 1291 755 1344 regem
768 1273 835 1328 adiit
848 1283 995 1343 rogaturus
1007 1283 1035 1326 vt
1049 1273 1108 1326 eius
1121 1273 1222 1338 edicto,
1235 1273 1415 1343 principum-

257 1375 311 1430 que
325 1357 430 1424 fauore,
441 1355 492 1426 [et]
502 1355 617 1411 basilica
629 1357 813 1424 dedicaretur,
827 1367 855 1410 et
868 1367 983 1410 sanctus
1008 1356 1176 1410 Edmundus
1189 1355 1217 1410 in
1231 1355 1309 1410 illam
1322 1355 1415 1425 digno

256 1457 321 1495 cum
340 1441 445 1494 honore
462 1439 664 1494 transferretur.
703 1439 788 1496 Cuius
801 1439 933 1511 peticioni
952 1457 999 1494 rex
1014 1437 1105 1509 primo
1123 1439 1240 1493 faciliter
1258 1457 1415 1493 assensum

214 1545 245 1583 ιο
257 1522 375 1593 prebuit.
406 1523 455 1576 Set
466 1521 576 1576 interim
585 1522 657 1592 cepit
669 1521 742 1577 inter
754 1523 872 1578 curiales
885 1523 920 1578 de
932 1539 1048 1592 corpore
1057 1521 1183 1576 eiusdem
1196 1521 1285 1576 sancti
1295 1525 1415 1594 questio

256 1603 392 1672 ventilari,
411 1614 512 1671 vtrum,
532 1613 562 1658 ut
587 1606 753 1674 perhibetur,
776 1605 968 1675 incorruptum
988 1607 1158 1674 perduraret,
1179 1621 1215 1658 arr
1234 1623 1314 1660 more
1334 1623 1413 1662 mor·

256 1697 367 1744 tuomm
377 1685 551 1758 corrupcioni
565 1687 729 1744 subiaceret.
751 1689 876 1758 Quorum
889 1705 955 1758 pars
967 1687 1056 1742 maior
1067 1697 1095 1742 et
1108 1687 1212 1754 sanior,
1225 1687 1370 1760 integrum
1384 1702 1414 1743 et

257 1770 457 1842 incorruptum,
470 1769 545 1841 quod
563 1771 657 1840 sepius
675 1772 880 1842 exploratorum
899 1771 1055 1841 probauere
1074 1787 1186 1838 manus,
1199 1769 1227 1824 in
1244 1789 1296 1826 suo
1316 1773 1415 1828 iacere

257 1855 400 1909 mauseolo
418 1863 545 1908 sanctum
568 1869 668 1923 corpus
686 1855 1052 1924 asseuerabat.-·Tempore
1070 1871 1192 1924 namque
1210 1855 1414 1910 translacionis

215 1959 244 2011 ¹5
257 1935 346 2008 ipsius
358 1937 394 1991 de
406 1937 469 1991 loco
480 1935 597 1990 martirii
615 1936 657 1990 sui
671 1937 746 2006 apud
763 1939 874 2002 Hoxne,
886 1935 933 1991 vbi
953 1951 1003 2006 per
1019 1935 1133 2004 triginta
1150 1953 1197 1991 sex
1211 1953 1303 1992 annos
1321 1938 1414 1994 iacuit

258 2019 286 2074 in
305 2031 378 2075 terra
396 2020 530 2088 sepultus,
547 2019 584 2073 ad
605 2019 880 2086 Beodricesuuorthe,
899 2035 954 2090 que
971 2035 1046 2073 nunc
1065 2019 1132 2074 villa
1153 2021 1242 2074 sancti
1261 2021 1413 2076 Edmundi

258 2111 444 2174 nuncupatur,
458 2118 559 2172 corpus
573 2101 646 2156 illius
665 2101 706 2157 ita
723 2101 861 2172 integrum
877 2111 906 2157 et
926 2102 1115 2172 incorruptum
1132 2113 1174 2158 est
1191 2113 1333 2172 repertum
1349 2105 1413 2159 acsi

258 2185 358 2240 eodem
383 2185 429 2240 die
453 2185 549 2242 fuisset
574 2186 723 2254 sepultum.
767 2187 854 2240 Cuius
878 2185 1097 2255 incorrupcionis
1120 2195 1219 2255 postea
1242 2185 1323 2240 testis
1347 2199 1414 2242 erat

258 2269 380 2340 quedam
401 2269 504 2324 deuota
525 2267 624 2322 mulier
642 2268 743 2324 Oswen
764 2267 886 2335 nomine,
904 2284 959 2339 que
980 2269 1120 2339 patefacto
1141 2269 1267 2338 sepulcro
1288 2269 1415 2337 singulis

215 2372 247 2410 ro
259 2351 340 2407 annis
354 2351 499 2407 consueuit
512 2351 540 2406 in
553 2367 622 2406 cena
638 2351 746 2406 domini
761 2352 875 2423 capillos
892 2361 920 2406 et
934 2368 1039 2420 vngues
1055 2349 1116 2406 eius
1130 2351 1318 2420 proscindere,
1330 2361 1361 2406 et
1382 2351 1411 2404 in

258 2437 382 2504 capsella
404 2435 507 2490 deuote
535 2435 694 2490 recondere.
732 2435 882 2504 Progressa
905 2450 973 2489 vero
1004 2433 1137 2504 temporis
1161 2432 1275 2504 quidam
1303 2435 1414 2492 nobilis

260 2516 426 2572 Leofstanus
438 2517 551 2572 nomine
563 2527 726 2588 arroganter
735 2517 815 2574 iussit
827 2517 957 2572 locellum
969 2517 1078 2587 aperiri,
1091 2533 1147 2587 quo
1160 2527 1265 2586 aperto,
1275 2529 1412 2573 sanctum

258 2615 358 2668 corpus
375 2599 444 2653 vidit
459 2609 486 2654 et
503 2599 624 2670 repperit
638 2601 838 2670 incorruptum,
850 2611 877 2655 et
891 2601 985 2654 statim
999 2609 1125 2669 arreptus
1137 2617 1155 2653 a
1167 2599 1307 2667 demonio,
1320 2601 1411 2656 mise·

258 2681 382 2736 rabiliter
398 2681 542 2751 expirauit.
579 2683 691 2738 Deinde
710 2693 823 2738 sanctus
837 2683 1022 2738 Theodredus
1036 2683 1233 2752 Estanglorum
1245 2682 1413 2752 episcopus,

215 2785 245 2838 ²5
259 2763 333 2818 circa
351 2781 455 2818 annum
472 2765 508 2818 ab
521 2764 648 2820 eiusdem
662 2764 751 2820 sancti
770 2765 892 2820 martiris
906 2763 1062 2836 [passione]
1074 2765 1286 2834 octogesimum,
1299 2777 1411 2824 tractus

258 2847 412 2902 deuocione
425 2847 552 2902 locellum
567 2847 676 2918 aperuit
692 2859 720 2902 et
739 2864 842 2918 corpus
859 2849 997 2917 integrum
1014 2847 1133 2917 repperit
1152 2857 1180 2902 et
1198 2847 1411 2918 incorruptum

258 2929 358 3000 tetigit,
369 2930 448 2998 lauit,
460 2940 488 2985 et
506 2947 615 2985 mrsum
629 2929 711 2986 nouis
727 2931 851 2986 vestibus
872 2931 1025 2986 inuolutum
1047 2931 1144 2985 locello
1160 2929 1292 3001 reposuit.
1329 2932 1412 2988 Alel-

259 3012 346 3066 winus
370 3012 460 3068 eciam
484 3014 639 3067 monachus
666 3013 702 3067 ad
731 3014 885 3068 custodiam
914 3013 1004 3068 sancti
1034 3013 1178 3068 Edmundi
1207 3016 1244 3069 ab
1273 3015 1411 3086 episcopo

270 989 457 1044 Hmrannus
468 993 496 1042 et
507 983 671 1057 Sa[m]dson
678 983 697 1040 ².

258 3094 409 3150 diocesano
421 3097 570 3166 deputatus
584 3113 633 3166 per
645 3111 734 3150 annos
748 3095 861 3166 triginta
869 3105 935 3150 ante
948 3095 1184 3150 introduccionem
1194 3098 1411 3165 monachorum,

214 3198 246 3248 ³0
258 3180 305 3248 pia
317 3189 458 3250 pennotus
470 3179 588 3234 audacia
601 3178 794 3233 intemeratum
807 3195 908 3249 corpus
920 3179 981 3234 eius
994 3177 1075 3233 certis
1087 3177 1197 3233 vicibus
1211 3195 1285 3248 aqua
1297 3181 1412 3235 solebat

258 3261 373 3329 diluere,
397 3262 507 3332 pectine
530 3260 664 3317 cesariem
688 3278 865 3332 componere,
885 3271 914 3316 et
938 3260 1092 3316 defluentes
1117 3260 1234 3330 capillos
1259 3262 1287 3316 in
1313 3263 1409 3332 pixide

259 3345 417 3400 recondere.
455 3345 617 3398 Leofstanus
637 3343 750 3414 insuper
771 3344 869 3410 abbas,
890 3343 1024 3398 dubitans
1045 3343 1080 3397 de
1101 3343 1162 3398 eius
1183 3342 1411 3414 incorruptione,

257 3427 388 3482 locellum
412 3425 521 3496 aperuit
544 3438 573 3482 ct
594 3425 654 3481 eius
675 3425 825 3496 gloriosum
847 3443 947 3497 corpus
968 3426 1029 3481 sine
1050 3425 1270 3496 incorrupcionis
1294 3430 1410 3483 macula

258 3508 388 3580 repperit,
406 3509 576 3580 cupiensque
595 3509 740 3565 certiorari
760 3509 782 3563 si
802 3509 895 3580 capud
914 3510 1030 3564 firmiter
1047 3509 1157 3564 hereret
1175 3510 1296 3579 corpori,
1313 3513 1410 3581 capud

214 3611 245 3664 35
259 3591 349 3659 traxit,
370 3603 398 3647 et
416 3592 488 3646 alius
509 3594 613 3662 pedes;
641 3593 716 3664 quod
737 3592 850 3663 quidem
874 3592 967 3662 capud
991 3593 1030 3646 ita
1054 3592 1170 3646 firmiter
1193 3592 1340 3648 inuentum
1364 3606 1410 3650 est

258 3675 366 3731 unitum
387 3675 493 3744 corpori
515 3675 574 3730 acsi
593 3676 670 3730 nullo
689 3676 762 3730 ferro
783 3675 1006 3746 percuciencium
1024 3684 1131 3730 tactum
1152 3686 1236 3740 esset,
1255 3675 1309 3730 nisi
1328 3679 1410 3748 quod

258 3758 379 3830 quedam
392 3758 505 3813 cicatrix
520 3759 598 3829 quasi
615 3759 644 3814 in
658 3759 772 3813 modurn
790 3758 828 3812 fili
845 3758 968 3814 coccinei
986 3758 1061 3814 circa
1077 3758 1179 3812 collum
1196 3758 1300 3813 rubens
1318 3776 1410 3830 appa-

258 3841 328 3910 ruit;
359 3841 434 3897 vnde
458 3843 637 3896 vehementer
668 3841 840 3912 stupefactus
870 3851 922 3911 est,
948 3851 976 3896 et
1004 3841 1032 3895 in
1063 3839 1201 3896 ulcionem
1232 3851 1312 3896 tante
1343 3859 1409 3912 pre-

291 4003 301 4032 ¹
318 4004 388 4054 After
398 4003 448 4053 this
457 4003 543 4052 follow
554 4005 579 4053 in
592 4003 665 4054 Budl.
678 4010 730 4054 two
741 4004 854 4068 chapten
865 4003 947 4054 which
959 4004 993 4054 do
1005 4010 1049 4054 not
1061 4002 1152 4066 belong
1160 4009 1187 4052 to
1200 4001 1243 4052 the
1255 4003 1299 4053 life
1307 4021 1351 4055 :-

292 4079 335 4130 C¹
347 4095 386 4145 39.
420 4080 577 4131 Incidencia:
596 4081 737 4130 Amalarius
748 4081 779 4130 de
791 4081 917 4146 obsequiis
928 4089 1089 4140 mortuorunt,
1101 4097 1126 4146 p.
1139 4079 1196 4144 647.

422 4147 486 4196 item
500 4147 538 4195 W.
553 4147 683 4196 Duraudus
693 4163 723 4196 ex
735 4147 852 4196 racionali
865 4162 917 4196 suo.

292 4209 334 4260 cn
346 4225 386 4272 40.
420 4211 553 4261 Reuelacio
566 4227 641 4275 quam
661 4213 767 4262 ostendit
785 4213 900 4261 dominus
917 4211 994 4262 Esdre
1013 4211 1135 4276 prophete
1149 4218 1176 4260 rt
1192 4212 1335 4266 ostenderet
1350 4213 1410 4264 tiliis

357 4275 501 4338 qualitatem
513 4277 569 4325 anni
584 4292 629 4341 per
641 4277 768 4326 introitum
782 4277 952 4328 Kalendarum
964 4277 1082 4338 Ianuarii,
1094 4293 1122 4342 p.
1131 4275 1187 4342 64⁸.

292 4335 303 4368 ²
321 4337 359 4388 Cf.
372 4340 449 4389 Titi.
464 4353 519 4402 ιιι,
531 4342 587 4392 Tib.
602 4341 619 4392 f.
634 4343 674 4406 78.
