3028 4894
257 305 329 378 472
571 281 703 368 uma
728 276 919 382 [mum
942 273 1094 378 finali&
1203 277 1243 352 [1-
1260 289 1417 340 ΜΕ

328 493 353 554 il
374 489 480 565 Incipit
493 491 636 550 reuelatio
647 508 727 574 noua
738 489 854 547 itineris
866 499 897 548 et
908 491 1059 574 passionis
1069 489 1210 548 undecim
1223 488 1344 545 milium

647 578 794 635 virginum
810 572 841 618 et
856 573 1018 620 mmmm.

266 681 394 812 DEus
410 684 448 741 ab
461 693 568 740 eterno
582 693 689 740 cuncta
706 684 859 758 sapienter
874 684 1048 758 disponens,
1061 682 1218 740 occasione
1237 681 1421 754 nuptiarum

366 770 552 828 nobilissime
569 771 692 845 virginis
705 771 815 828 Vrsule
828 771 935 844 suique
950 771 1055 844 sponsi
1071 770 1189 826 iuuenis
1204 769 1284 841 regii
1303 779 1334 824 et
1347 785 1423 840 pre-

261 857 429 928 clarissimi,
447 860 538 916 totius
556 859 638 916 orbis
656 859 820 916 nobiliores
838 859 1012 916 domicellas
1029 859 1162 932 virgines
1186 867 1218 913 et
1235 855 1423 912 iuuenculas

261 945 388 1020 sapienti
408 964 463 1003 suo
483 947 607 1003 consilio
625 965 659 1004 ac
671 947 861 1019 prouidentia
873 947 911 1002 ad
924 947 1050 1003 celestes
1062 945 1189 1002 inuitare
1201 945 1352 1016 dignatus
1373 953 1422 998 est

233 1053 247 1104 5
263 1033 391 1107 nuptias,
405 1035 465 1091 lilio
478 1051 533 1090 suo
546 1035 608 1108 regi
625 1045 730 1092 eterno
748 1034 977 1107 desponsandas
994 1043 1200 1107 perpetuoque
1220 1049 1331 1088 secum
1349 1047 1423 1104 per·

264 1139 428 1180 mansuras.
478 1122 641 1192 Quocirca¹
666 1123 820 1178 beatarum
844 1121 984 1178 vndecim
1010 1120 1124 1177 milium
1147 1119 1305 1192 virginum
1333 1135 1423 1175 sacre

263 1209 388 1282 reliquie
400 1210 480 1282 apud
493 1211 604 1268 Christi
617 1210 722 1267 fideles
736 1227 795 1266 non
815 1218 886 1265 sunt
904 1208 1159 1282 paruipendende.
1197 1205 1234 1262 ln
1247 1224 1313 1262 vno
1328 1206 1423 1278 siqui·
1499 1217 1500 1270 l

262 1297 332 1354 dem
352 1298 426 1368 loco,
439 1297 556 1354 ciuitate
575 1297 707 1362 Colonia,
719 1296 859 1353 vniuerse
874 1314 931 1369 pro
950 1295 1089 1354 Christo¹
1100 1311 1214 1368 sponso
1234 1312 1293 1350 suo
1315 1294 1423 1350 celesti

262 1393 434 1442 clamatore
445 1385 568 1442 martirii
581 1385 712 1458 palmam
726 1392 911 1456 consequute
920 1384 1009 1440 'sunt
1018 1383 1188 1457 gloriosam.
1213 1381 1309 1438 Nunc
1319 1383 1423 1454 itaque

220 1494 251 1532 ιο
264 1489 319 1546 per
337 1473 450 1542 orbem,
469 1472 518 1528 dei
543 1473 722 1546 prouidente
740 1473 909 1542 clementia,
928 1471 1076 1545 disperse,
1096 1469 1159 1526 suis
1183 1471 1424 1526 veneratoribus

263 1560 342 1632 apud
362 1559 516 1616 dominum
536 1561 676 1633 precibus
694 1559 825 1617 assiduis
844 1568 1031 1628 succurrunt,
1048 1559 1244 1631 ipsarumque
1265 1557 1425 1630 suffiagiis

263 1655 293 1703 et
312 1647 426 1704 meritis
445 1649 495 1721 pia
511 1648 643 1704 celorum
661 1647 772 1721 regina,
785 1647 950 1704 earundem
967 1645 1083 1702 ductrix
1101 1655 1130 1702 et
1149 1654 1289 1718 patrona,
1306 1655 1425 1700 amato-

264 1735 348 1792 ribus
362 1735 479 1792 illacum
492 1735 541 1809 pie
554 1735 692 1809 opitulari
705 1753 766 1792 non
776 1744 884 1792 cessat
912 1733 1051 1807 Denique
1060 1733 1089 1789 in
1102 1733 1251 1790 Passione
1262 1733 1424 1805 ipsarum⁴

265 1821 338 1878 satis
356 1823 524 1880 ostenditur
542 1823 665 1880 illustris
686 1823 782 1896 gloria
803 1839 916 1889 earum,
935 1831 966 1878 et
985 1821 1108 1878 martirii
1127 1820 1315 1893 triumphus.
1357 1821 1425 1876 Eui-

223 1925 251 1976 ¹5
265 1910 384 1967 dentius
397 1919 497 1967 tamen
508 1911 538 1966 in
547 1910 673 1983 virginis
682 1911 837 1967 cuiusdam
848 1909 991 1966 memorie
1002 1907 1096 1965 felicis
1107 1907 1264 1964 Elizabeth
1276 1907 1425 1964 visione⁸

266 1997 373 2055 nobilis
396 2015 498 2055 earum
521 1997 689 2071 profectio⁸,
710 2007 741 2054 et
762 1997 985 2070 magnificentia
1007 1996 1176 2069 passionis²
1195 1995 1332 2051 habetur
1354 2014 1424 2052 eon·

266 2083 385 2158 scripta
424 2084 564 2143 Preterea
582 2095 611 2142 et
628 2085 768 2142 dominus
787 2087 920 2157 ipsarum
940 2101 1071 2158 sponsus
1089 2094 1118 2141 et
1135 2093 1262 2152 amator,
1281 2085 1424 2157 ampliori

265 2189 319 2229 eas
331 2173 436 2229 volens
449 2173 545 2230 adhue
558 2172 653 2246 gloria
671 2173 843 2242 clarificare,
863 2189 961 2246 nuper
978 2189 1058 2228 anno
1077 2171 1238 2231 millesimo
1251 2173 1423 2228 centesimo

267 2259 449 2332 octogesimo
480 2260 575 2331 tertio,
600 2279 660 2334 que
691 2261 846 2333 bucusque
876 2275 968 2333 super
997 2257 1122 2316 earum'
1152 2258 1422 2330 peregrinatione*
1499 2317 1500 2320 ,

222 2365 253 2402 so
268 2346 400 2403 latebant
418 2357 448 2404 et
466 2348 568 2420 gestis,
582 2348 721 2422 dignatur
739 2349 883 2404 reuelare.
922 2347 957 2404 ln
976 2347 1100 2404 exordio
1118 2346 1218 2418 itaque
1238 2349 1421 2404 narrationis
1499 2381 1500 2400 2

267 2433 366 2504 huius,
390 2435 473 2492 iuxta
497 2436 633 2492 eiusdem
656 2437 743 2492 beate
766 2435 876 2492 Vrsule
899 2434 1143 2500 admonitionem,
1166 2451 1225 2506 que
1247 2445 1420 2492 ceterarum
1499 2487 1500 2506 ς

268 2521 385 2578 ductrix
405 2523 501 2580 extitit
519 2523 668 2597 virginum
688 2532 719 2580 et
743 2523 893 2597 magistra,
915 2522 1064 2596 passionis
1086 2539 1188 2577 earum
1216 2523 1332 2579 seriem
1360 2533 1422 2580 tan·
1499 2507 1500 2520 ¹

268 2625 384 2680 gemus,
398 2619 428 2666 et
441 2628 509 2683 que,
521 2611 570 2668 vel
582 2613 663 2669 vnde
680 2611 798 2680 luerint,
811 2619 900 2684 atque
913 2627 1019 2683 genus,
1031 2620 1061 2666 et
1073 2609 1200 2683 patriam
1215 2611 1422 2667 ostendemus

270 2697 377 2754 Plures
396 2715 469 2754 sane
489 2699 695 2772 religiosorum
709 2699 840 2756 vidimus
852 2698 903 2770 qul
922 2697 1043 2771 penitus
1061 2697 1238 2770 ignorabant
1250 2699 1340 2754 cuius
1353 2718 1421 2755 eon·
1499 2729 1500 2742 κ

225 2793 255 2844 ²5
270 2784 391 2842 ditionis
416 2785 514 2844 l'orent
533 2796 582 2843 aut
602 2787 738 2843 nationis,
776 2785 822 2843 De
846 2785 975 2842 diuersis
996 2784 1144 2858 siquidem
1166 2785 1305 2857 partibus
1327 2799 1421 2854 erant,

269 2873 429 2930 videlicet¹
440 2873 618 2947 Anglorum‚
633 2872 797 2942 Britonum,
811 2873 1004 2942 Wallionum,
1018 2872 1185 2942 Scotorum,
1197 2882 1290 2946 atque
1305 2876 1344 2932 de
1358 2875 1421 2932 aliis

270 2961 366 3017 adhuc
380 2961 516 3034 pluribus
530 2962 631 3036 regnis
648 2972 679 3018 et
692 2962 864 3035 regionibus
876 2961 995 3017 luerunt
1007 2959 1143 3016 oriunde.
1181 2960 1276 3016 Porro
1289 2975 1322 3018 et
1335 2981 1420 3037 reges
1499 2967 1500 2972 ’

271 3048 402 3120 quidam,
422 3051 523 3114 duces,
545 3050 677 3119 comites,
696 3067 731 3106 ac
752 3049 915 3123 principes,
937 3057 1026 3122 atque
1050 3048 1261 3122 episcoporum
1283 3051 1419 3124 plerique
1499 3059 1500 3064 ’

271 3135 404 3192 cumeis
426 3145 495 3193 sunt
516 3136 652 3209 profecti,
671 3145 701 3194 et
722 3147 926 3194 matronarum
947 3135 1058 3210 plures,
1079 3136 1243 3210 gloriosum
1269 3155 1341 3195 cum
1366 3140 1420 3196 illis
1499 3185 1500 3198 ,

228 3245 259 3294 30
272 3223 395 3280 martirii
408 3225 572 3282 subeuntes
584 3225 767 3298 triumphum
777 3225 797 3284 ⁸.

282 3361 304 3395 ¹⁰
315 3363 340 3426 ll
353 3363 440 3434 Quod
454 3380 508 3421 rex
522 3381 657 3438 paganus
669 3366 787 3422 beatam
800 3363 941 3421 Vrsulam
955 3363 1014 3420 lilio
1027 3378 1082 3419 suo
1095 3363 1273 3435 desponsari
1288 3365 1409 3438 rogauit

313 3457 462 3527 Ceterum
493 3488 548 3527 rex
579 3471 699 3544 quidam
710 3471 730 3504 ¹¹
761 3472 800 3527 de
832 3469 987 3527 Britannia
1018 3467 1122 3524 Maiori
1133 3467 1153 3499 ¹²
1184 3466 1237 3523 suit
1267 3468 1421 3534 oriundus,

275 3556 381 3614 nobilis
407 3566 436 3613 et
461 3557 627 3630 religiosus,
647 3575 782 3631 vxorque
806 3557 885 3614 illius
909 3573 1057 3629 generosa
1081 3554 1219 3612 similiter
1244 3566 1320 3626 erat,
1346 3557 1419 3616 illus·

274 3645 329 3700 tris
354 3654 383 3702 et
408 3645 554 3718 religiosa.
594 3645 652 3716 Qui
678 3665 745 3702 cum
771 3645 873 3703 liberis
889 3644 910 3676 ¹³
933 3653 1078 3710 carerent,
1104 3643 1287 3716 quotidianis
1313 3647 1420 3704 beneti-

276 3732 389 3790 ciorum
407 3733 558 3807 obsequiis
576 3733 696 3807 iugique
711 3735 878 3790 orationum
895 3731 1037 3790 instantia
1052 3731 1245 3788 obtinuerunt
1265 3751 1283 3788 a
1302 3735 1420 3792 domino

231 3839 260 3886 3⁵
277 3820 367 3876 filiam
388 3821 479 3894 ¹‘[qui
501 3839 534 3878 se
553 3821 647 3878 lilium
664 3831 863 3895 sperauerunt
883 3819 1093 3894 impetrare]¹⁴.
1131 3819 1230 3889 Quam
1250 3822 1419 3889 educantes,

277 3909 442 3966 secundum
461 3908 560 3981 legem
579 3909 691 3966 domini
711 3907 887 3966 docebant¹³
907 3909 1056 3976 incedere,
1076 3905 1279 3978 Vrsulamque
1302 3913 1420 3982 proprio

277 3996 398 4054 nomine
412 3997 661 4070 nuncupabant¹⁶.
695 3996 763 4054 Hec
776 3998 894 4054 eumad
908 4012 1005 4052 annos
1018 3995 1208 4068 peruenisset
1222 3996 1351 4068 nubiles,
1363 3999 1419 4056 ele·

309 4135 468 4200 ¹B.quare.
535 4135 612 4188 ’om
625 4137 650 4188 ln
664 4137 694 4189 B.
759 4137 817 4188 ³13.
829 4145 955 4188 assecuto.
1027 4133 1095 4188 *ed
1107 4137 1173 4188 Boll.
1185 4152 1211 4200 p.
1227 4151 1282 4200 15⁸1.
1357 4139 1418 4190 'ed

277 4201 342 4252 Boll.
357 4216 381 4264 p.
398 4205 451 4264 163.
521 4200 573 4253 ⁸13.
586 4205 718 4266 perfectio.
786 4201 841 4254 ¹13.
854 4204 962 4253 illarum.
1028 4201 1081 4252 ⁸13.
1091 4203 1311 4266 peregrinationis
1322 4207 1417 4256 itinere.
1499 4209 1500 4240 ἕ

275 4267 333 4316 ⁹13.
345 4275 470 4329 tropeum.
553 4268 572 4298 ¹⁰
588 4269 669 4319 Titles
681 4286 729 4320 om.
744 4271 770 4318 in
784 4269 813 4320 B.
898 4269 916 4300 ¹¹
936 4270 965 4319 E.
978 4284 1019 4330 qu.
1032 4285 1156 4332 paganus
1245 4269 1266 4298 ²¹
1285 4269 1314 4319 B.
1327 4273 1418 4322 minori

276 4329 295 4360 ¹³
313 4330 429 4381 E.libris.
496 4332 554 4363 ²⁶⁴*
571 4349 602 4383 so
614 4334 660 4398 B.;
677 4335 809 4387 ominli.
874 4333 894 4367 ¹³
911 4335 1046 4387 Bene
1114 4335 1133 4364 ¹⁸
1150 4335 1365 4398 Rappellabant.
