3036 4878
119 291 183 346 ns.
194 293 276 347 not·
286 295 316 346 1³-
330 309 352 348 ο.
366 294 401 362 r]
497 276 602 366 ilitt
619 277 679 367 θ.
698 275 898 374 ottblttt
1204 299 1276 376 709

118 478 193 552 quia
211 481 347 537 cartulam
365 499 421 537 non
439 481 570 538 amittes!
607 484 693 538 Porro
711 498 813 538 coruus
829 484 944 538 auolans
959 480 1015 538 iam
1031 498 1127 538 eorum
1145 491 1277 552 aspectus

118 575 271 620 euaserat:
298 566 349 620 sed
365 565 402 620 ad
421 567 584 621 mandatum
606 566 737 622 Guthlaci
755 567 840 621 homo
865 566 910 622 ille
935 566 1038 622 scafam
1063 565 1229 636 ingrediens,
1247 576 1276 622 et

119 645 154 702 in
180 657 275 716 partes
298 649 391 719 stagni
415 650 615 705 remotissimas
639 667 703 704 eam
728 650 841 718 ducens,
867 650 903 706 de
928 649 1088 706 inuentione
1112 648 1207 719 scripti
1232 649 1275 704 sui

120 729 237 799 penitus
248 731 419 802 desperaret,
432 731 486 787 nisi
493 733 561 787 illud
573 733 772 789 inueniendum
785 743 899 788 sanctm
912 732 1031 788 famulus
1042 733 1087 788 dei
1101 731 1275 803 predixisset.

120 813 198 867 Erat
211 824 305 869 autem
318 815 348 869 in
360 815 454 870 media
467 816 557 886 stagni
571 815 686 886 planitie
698 816 825 872 harundo
838 833 894 870 vna
905 816 934 870 in
952 815 1112 871 summitate
1124 815 1274 883 confracta,
1287 825 1303 879 5

119 913 181 966 que
201 897 321 952 assiduis
342 915 479 970 aquarum
500 899 672 954 discursibus
693 898 817 954 tremulis
836 909 896 954 erat
915 898 1039 954 motibus
1061 898 1193 970 inquieta.
1240 900 1274 954 ln

120 979 208 1034 huius
226 980 392 1036 harundinis
408 982 591 1048 extremitate,
605 997 659 1053 que
677 982 820 1037 confracta
837 982 978 1052 pendebat
997 981 1025 1036 in
1043 998 1156 1052 aquam,
1175 998 1274 1038 coruus

120 1061 270 1118 dimiserat
282 1065 419 1132 cedulam,
432 1065 552 1119 locatam
570 1064 609 1119 ita
627 1064 750 1132 firmiter,
763 1079 797 1118 ac
815 1064 838 1119 si
853 1080 916 1120 eam
933 1063 1083 1118 harundini
1102 1064 1150 1118 iilo
1162 1064 1206 1119 uel
1219 1064 1274 1119 alio

119 1146 210 1200 modo
222 1162 324 1202 manus
339 1146 461 1201 hominis
475 1147 627 1217 alligasset
665 1149 728 1204 Nec
740 1147 863 1218 precium
876 1147 981 1203 cartule
997 1163 1049 1202 nec
1061 1148 1215 1218 dampnum
1227 1147 1274 1202 hic

119 1227 297 1295 miraculum,
315 1230 367 1285 sed
384 1230 484 1285 efficax
502 1231 553 1285 uiri
572 1230 662 1285 sancti
679 1231 775 1298 oratio,
793 1231 871 1286 cuius
886 1230 1012 1298 uerbum,
1031 1230 1101 1285 sieut
1117 1230 1219 1299 legitur
1236 1230 1272 1286 de
1288 1244 1319 1283 ιο

123 1312 265 1380 Samuele,
278 1311 439 1383 ‘nunquam
452 1313 591 1370 interram
604 1313 722 1370 cecidit?
748 1315 820 1369 lllud
828 1324 922 1372 tamen
935 1315 1101 1370 miraculose
1113 1313 1273 1369 mirandum

120 1406 169 1451 est
181 1396 257 1466 quod
269 1393 298 1450 in
311 1397 405 1452 medio
414 1413 560 1468 aquarum,
572 1397 620 1453 ubi
629 1411 701 1468 aque
709 1397 1058 1466 toneneiorestexcursus‚
1072 1398 1100 1454 in
1113 1396 1273 1454 summitate

119 1479 212 1534 fracte
235 1479 408 1549 harundinis,
433 1481 540 1536 cartula
563 1480 603 1536 ita
627 1497 712 1537 coruo
736 1481 863 1550 dimissa,
884 1481 924 1538 ita
947 1483 1112 1553 equilibrata
1129 1479 1273 1553 pependit,

121 1561 201 1633 quod
214 1578 267 1618 nec
279 1561 387 1618 uentosi
400 1562 518 1618 turbinis
531 1573 612 1634 rapto
624 1581 681 1620 nec·
689 1580 761 1636 aque
773 1564 884 1622 fluentis
897 1564 1002 1636 impetu
1014 1575 1182 1622 moueretur.

194 1776 357 1846 QUOMODO
375 1789 458 1834 AUES
475 1789 515 1833 ET
531 1789 638 1836 'Ptscus
656 1790 886 1834 famulaturus
904 1789 1200 1835 CONUERSABANTUR

630 1879 698 1923 CUM
715 1879 769 1923 10.-

174 1980 244 2036 Liud
264 1979 349 2036 etiam
365 1999 422 2038 non
442 1993 485 2039 est
502 1984 555 2039 sub
573 1982 688 2038 silencio
706 1981 926 2039 transeundum:
945 1983 1088 2055 quomodo
1105 1999 1161 2037 non
1180 1983 1270 2037 solum
1285 1999 1315 2052 15

222 2063 251 2118 in
263 2064 433 2134 hominibus,
446 2066 496 2122 sed
509 2067 537 2122 in
551 2066 641 2123 brutis
653 2065 822 2122 animalibus
840 2077 868 2122 et
881 2065 980 2121 auibus
998 2065 1125 2120 mirificat
1138 2065 1269 2121 dominus

119 2157 252 2203 sanctum
260 2164 349 2202 suum
362 2149 438 2203 Nam
449 2150 487 2204 ad
495 2147 582 2220 ipsius
590 2151 766 2206 uocationem
775 2149 939 2205 hirundines
944 2160 972 2205 et
977 2157 1069 2206 cetere
1077 2165 1146 2204 aues
1154 2148 1268 2216 heremi,

117 2230 213 2302 pisces
230 2230 315 2285 etiarn
332 2231 435 2301 stagni,
454 2242 601 2303 gratanter
617 2235 772 2301 accedunt;
801 2243 828 2289 et
847 2233 927 2304 quasi
949 2234 987 2289 ad
1007 2232 1121 2288 alterins
1140 2231 1269 2288 Danielis

116 2312 276 2381 arbitrium,
289 2313 428 2370 siluestria
441 2316 545 2372 heremi
556 2326 763 2372 mansuescunt.
794 2317 829 2371 ln
840 2316 930 2388 primo
942 2315 1066 2371 aduentu
1078 2313 1267 2383 hirundinum,

116 2395 200 2467 quasi
213 2397 360 2466 prehabita
372 2397 476 2454 blanda
489 2399 656 2456 salutatione
668 2401 705 2455 ab
718 2400 768 2469 eis,
780 2409 857 2455 certa
866 2397 1063 2454 nidificationis
1075 2399 1138 2454 loca
1150 2398 1268 2469 singulis
1284 2409 1314 2447 ²0

116 2480 291 2550 assignabat.
329 2473 380 2536 llle
392 2498 459 2536 uero
470 2482 530 2537 eius
543 2483 664 2554 scapulis
676 2482 849 2539 familiariter
862 2481 1025 2550 insidentes,
1037 2481 1159 2554 quodam
1171 2492 1268 2553 gratu-

115 2561 231 2619 lationis
243 2563 381 2633 applausu
398 2563 450 2620 uiri
467 2564 711 2622 mansuetudinem
725 2567 894 2623 fatebantur.
931 2565 1015 2636 Quod
1030 2566 1207 2638 conspiciens
1226 2565 1269 2621 uir

116 2645 234 2718 quidam
254 2647 310 2702 uite
331 2648 499 2703 uenerabilis
520 2659 548 2705 et
569 2647 689 2718 gloriose
709 2649 859 2721 opinionis,
879 2666 963 2720 quem
987 2652 1087 2712 beatus
1113 2651 1268 2706 Guthlacus

116 2729 149 2785 in
170 2727 293 2785 amicitie
311 2729 461 2800 spiritualis
483 2731 625 2787 vinculum
643 2742 671 2788 et
693 2733 722 2788 in
739 2733 864 2802 graciam
883 2750 985 2803 magne
1003 2732 1198 2788 familiaritatis
1216 2731 1267 2786 ad-

116 2811 250 2868 miserat:
276 2812 311 2869 de
329 2823 408 2870 tanta
426 2814 639 2870 mansuetudine
663 2815 752 2870 sancti
777 2813 900 2870 hominis
919 2817 1127 2885 obstupescens,
1147 2813 1267 2885 quesiuit
1280 2825 1311 2877 ²5

114 2898 153 2952 ab
172 2913 207 2951 eo
225 2897 299 2951 vnde
313 2906 386 2952 esset
404 2907 484 2952 tanta
500 2895 610 2952 illarum
627 2897 722 2953 auium
740 2897 914 2953 confidencia
932 2907 960 2952 et
979 2915 1078 2953 secura
1095 2896 1266 2952 cohabitatio

115 2978 194 3035 circa
218 2978 320 3050 ipsum.
369 2981 528 3050 Respondit
551 2981 595 3036 uir
618 2981 685 3037 dei:
716 2981 791 3049 ‘Qui
820 2989 880 3036 toto
910 2979 996 3037 corde
1025 2979 1095 3049 fugit
1125 2979 1266 3035 consortia

113 3061 274 3132 hominurn,
284 3079 340 3118 non
354 3063 445 3118 solum
454 3063 480 3121 ei
490 3065 548 3121 fere
558 3075 586 3120 et
599 3066 735 3133 uolucres,
744 3065 794 3120 sed
803 3063 898 3118 omnia
909 3063 1012 3119 cedunt
1022 3063 1048 3118 ei
1060 3062 1097 3119 ad
1110 3061 1244 3120 solacium
1256 3081 1264 3130 ς

114 3155 145 3202 et
157 3146 272 3217 insuper
284 3163 428 3218 nunquam
439 3145 466 3204 ei
478 3147 583 3204 blanda
594 3147 683 3205 deerit
695 3146 849 3204 consolatio
861 3145 1039 3218 angelorum!

271 3357 323 3411 Da
340 3357 567 3414 AErunnannno
585 3369 700 3428 uuna,
719 3369 760 3413 ar
777 3369 821 3413 na
839 3367 966 3414 nunnus
984 3367 1123 3412 mutcrs.

121 3473 278 3600 EOdem
288 3483 413 3544 tempore
422 3474 465 3529 uir
471 3474 586 3546 quidam
595 3474 709 3530 nomine
717 3475 918 3530 Aethelbaldus
926 3474 962 3531 de
971 3491 1074 3544 genere
1085 3473 1264 3544 Merciorum,
1277 3493 1310 3546 30

219 3558 407 3626 generositate
425 3558 596 3628 spectabilis,
609 3558 660 3614 sed
676 3557 758 3614 exilio
776 3558 949 3628 miserabilis,
962 3575 1028 3614 cum
1045 3558 1182 3614 aduersus
1199 3574 1265 3614 eum

113 3640 221 3697 forcius
239 3649 267 3695 et
284 3640 397 3710 grauius
423 3641 576 3698 Coinredus
595 3659 643 3697 rex
666 3641 859 3711 incalesceret,
881 3658 1002 3713 eumque
1020 3657 1133 3712 prorsus
1151 3657 1169 3695 a
1186 3641 1263 3710 regni

114 3724 156 3780 sui
170 3724 273 3779 finibus
286 3725 443 3780 exturbaret
457 3744 463 3780 :
483 3726 560 3780 omni
573 3725 698 3780 humano
713 3725 818 3782 solacio
830 3726 987 3788 destitutus,
1000 3724 1092 3779 uirum
1106 3723 1152 3779 dei
1172 3723 1263 3778 Guth-

114 3810 207 3864 lacum
228 3807 404 3878 frequencius
425 3808 566 3878 uisitabat,
583 3825 698 3879 sperans
716 3809 776 3866 eius
794 3808 899 3864 meritis
920 3826 938 3863 a
955 3808 1010 3862 deo
1027 3824 1076 3862 sue
1092 3805 1263 3864 infelicitatis

114 3891 241 3964 optinere
270 3891 590 3947 solacium-consilium
621 3892 696 3948 enim
732 3891 843 3964 penitus
872 3901 901 3947 et
931 3889 1063 3946 auxilium
1093 3891 1262 3960 desperabat
1274 3903 1306 3958 35

112 3975 277 4030 humanum.
314 3974 469 4031 Gutblacus
482 3993 557 4044 uero,
570 3975 616 4046 qui
629 3976 702 4030 adeo
713 3975 896 4042 exuberanter
907 3973 1096 4029 misericordie
1108 3971 1262 4028 uisceribus

112 4059 246 4116 affluebat
258 4068 289 4114 ut
301 4075 365 4113 cum
378 4059 461 4114 beato
482 4060 534 4114 lob
552 4059 644 4114 dicere
662 4066 757 4128 posset
776 4057 843 4128 quia
857 4056 986 4112 ‘mecum
1004 4057 1091 4113 creuit
1109 4056 1260 4125 miseratio,

112 4153 141 4198 et
158 4143 196 4198 ab
215 4151 294 4197 utero
307 4143 405 4197 matris
424 4159 487 4198 mee
498 4159 612 4212 egressa
629 4151 673 4198 est
691 4140 838 4196 mecum':
857 4140 1003 4210 angustias
1019 4139 1198 4195 Aethelbaldi
1211 4156 1261 4209 per

113 4225 315 4296 compassionis
327 4225 468 4294 affectum,
478 4242 534 4281 non
544 4225 635 4280 solum
648 4224 700 4281 sibi
713 4241 884 4292 communes,
893 4225 944 4280 sed
953 4234 981 4280 et
993 4223 1120 4295 proprias
1130 4222 1260 4278 faciebat.

112 4308 226 4366 Accidit
243 4325 301 4365 una
320 4307 367 4366 die
385 4317 415 4366 ut
432 4309 635 4366 Aethelbaldus
655 4307 789 4365 adiuncto
808 4307 862 4365 sibi
880 4307 940 4364 viro
961 4305 1113 4365 uenerabili
1132 4305 1261 4363 wilfrido
1273 4321 1307 4375 40
