<?xml version="1.0" encoding="UTF-8"?>
<!DOCTYPE html PUBLIC "-//W3C//DTD XHTML 1.0 Transitional//EN"
    "http://www.w3.org/TR/xhtml1/DTD/xhtml1-transitional.dtd">
<html xmlns="http://www.w3.org/1999/xhtml" xml:lang="en" lang="en">
 <head>
  <title>
</title>
<meta http-equiv="Content-Type" content="text/html;charset=utf-8" />
  <meta name='ocr-system' content='tesseract 3.04.00' />
  <meta name='ocr-capabilities' content='ocr_page ocr_carea ocr_par ocr_line ocrx_word'/>
</head>
<body>
  <div class='ocr_page' id='page_1' title='image "./novalegendaangl00wordgoog/novalegendaangl00wordgoog_0200.png"; bbox 0 0 3008 4904; ppageno 0'>
   <div class='ocr_carea' id='block_1_1' title="bbox 376 305 1218 410">
    <p class='ocr_par' dir='ltr' id='par_1_1' title="bbox 376 305 1218 410">
     <span class='ocr_line' id='line_1_1' title="bbox 376 305 1218 410; baseline -0.005 -8"><span class='ocrx_word' id='word_1_1' title='bbox 376 308 451 402; x_wconf 71' lang='lat' dir='ltr'>Dr</span> <span class='ocrx_word' id='word_1_2' title='bbox 475 305 642 398; x_wconf 61' lang='lat' dir='ltr'>banno</span> <span class='ocrx_word' id='word_1_3' title='bbox 667 305 892 410; x_wconf 71' lang='lat' dir='ltr'>retinuere.</span> <span class='ocrx_word' id='word_1_4' title='bbox 1149 310 1218 398; x_wconf 82' lang='lat'>189</span> 
     </span>
    </p>
   </div>
   <div class='ocr_carea' id='block_1_2' title="bbox 53 507 1266 2686">
    <p class='ocr_par' dir='ltr' id='par_1_2' title="bbox 53 507 1266 2686">
     <span class='ocr_line' id='line_1_2' title="bbox 53 507 1218 582; baseline -0.003 -17"><span class='ocrx_word' id='word_1_5' title='bbox 53 508 141 566; x_wconf 84' lang='lat' dir='ltr'><strong>Erat</strong></span> <span class='ocrx_word' id='word_1_6' title='bbox 160 507 243 566; x_wconf 90' lang='lat' dir='ltr'>enim</span> <span class='ocrx_word' id='word_1_7' title='bbox 270 508 452 566; x_wconf 87' lang='lat' dir='ltr'>Merwaldus</span> <span class='ocrx_word' id='word_1_8' title='bbox 472 525 527 566; x_wconf 85' lang='lat' dir='ltr'>rex</span> <span class='ocrx_word' id='word_1_9' title='bbox 548 507 731 565; x_wconf 88' lang='lat' dir='ltr'>Merciorum</span> <span class='ocrx_word' id='word_1_10' title='bbox 751 507 928 582; x_wconf 82' lang='lat' dir='ltr'>paganismo</span> <span class='ocrx_word' id='word_1_11' title='bbox 950 507 1078 577; x_wconf 89' lang='lat' dir='ltr'>deditus,</span> <span class='ocrx_word' id='word_1_12' title='bbox 1097 508 1218 578; x_wconf 90' lang='lat' dir='ltr'>quando</span> 
     </span>
     <span class='ocr_line' id='line_1_3' title="bbox 55 594 1218 670; baseline -0.003 -16"><span class='ocrx_word' id='word_1_13' title='bbox 55 606 194 654; x_wconf 88' lang='lat' dir='ltr'>sanctus</span> <span class='ocrx_word' id='word_1_14' title='bbox 212 597 362 670; x_wconf 86' lang='lat' dir='ltr'>presbiter</span> <span class='ocrx_word' id='word_1_15' title='bbox 375 597 524 666; x_wconf 87' lang='lat' dir='ltr'>Edfridus,</span> <span class='ocrx_word' id='word_1_16' title='bbox 537 596 672 653; x_wconf 89' lang='lat' dir='ltr'>doctrina</span> <span class='ocrx_word' id='word_1_17' title='bbox 690 595 796 662; x_wconf 89' lang='lat' dir='ltr'>clarus,</span> <span class='ocrx_word' id='word_1_18' title='bbox 810 614 828 652; x_wconf 90' lang='lat' dir='ltr'>a</span> <span class='ocrx_word' id='word_1_19' title='bbox 841 594 1123 664; x_wconf 88' lang='lat' dir='ltr'>Northanhumbria,</span> <span class='ocrx_word' id='word_1_20' title='bbox 1136 595 1218 650; x_wconf 89' lang='lat' dir='ltr'>velut</span> 
     </span>
     <span class='ocr_line' id='line_1_4' title="bbox 55 683 1218 758; baseline -0.003 -18"><span class='ocrx_word' id='word_1_21' title='bbox 55 685 172 740; x_wconf 84' lang='lat' dir='ltr'>celesti</span> <span class='ocrx_word' id='word_1_22' title='bbox 196 685 317 742; x_wconf 88' lang='lat' dir='ltr'>oraculo</span> <span class='ocrx_word' id='word_1_23' title='bbox 338 684 532 758; x_wconf 84' lang='lat' dir='ltr'>premonitus,</span> <span class='ocrx_word' id='word_1_24' title='bbox 552 685 589 740; x_wconf 90' lang='lat' dir='ltr'>ad</span> <span class='ocrx_word' id='word_1_25' title='bbox 615 684 849 741; x_wconf 87' lang='lat' dir='ltr'>conuertendum</span> <span class='ocrx_word' id='word_1_26' title='bbox 871 701 941 740; x_wconf 90' lang='lat' dir='ltr'>eum</span> <span class='ocrx_word' id='word_1_27' title='bbox 965 683 1055 740; x_wconf 90' lang='lat' dir='ltr'>venit.</span> <span class='ocrx_word' id='word_1_28' title='bbox 1091 683 1218 754; x_wconf 85' lang='lat' dir='ltr'><strong>Accepit</strong></span> 
     </span>
     <span class='ocr_line' id='line_1_5' title="bbox 55 770 1218 829; baseline -0.003 -1"><span class='ocrx_word' id='word_1_29' title='bbox 55 771 150 828; x_wconf 88' lang='lat' dir='ltr'>enim</span> <span class='ocrx_word' id='word_1_30' title='bbox 164 773 317 828; x_wconf 89' lang='lat' dir='ltr'>oraculum</span> <span class='ocrx_word' id='word_1_31' title='bbox 330 773 464 828; x_wconf 90' lang='lat' dir='ltr'>diuinum</span> <span class='ocrx_word' id='word_1_32' title='bbox 474 781 505 829; x_wconf 92' lang='lat' dir='ltr'>vt</span> <span class='ocrx_word' id='word_1_33' title='bbox 518 771 548 828; x_wconf 91' lang='lat' dir='ltr'>in</span> <span class='ocrx_word' id='word_1_34' title='bbox 559 783 671 829; x_wconf 91' lang='lat' dir='ltr'>terram</span> <span class='ocrx_word' id='word_1_35' title='bbox 682 771 862 828; x_wconf 87' lang='lat' dir='ltr'>Merciorum</span> <span class='ocrx_word' id='word_1_36' title='bbox 871 771 908 826; x_wconf 92' lang='lat' dir='ltr'>ad</span> <span class='ocrx_word' id='word_1_37' title='bbox 919 772 1017 828; x_wconf 92' lang='lat' dir='ltr'>locum</span> <span class='ocrx_word' id='word_1_38' title='bbox 1027 770 1218 827; x_wconf 87' lang='lat' dir='ltr'>Redeswode</span> 
     </span>
     <span class='ocr_line' id='line_1_6' title="bbox 56 857 1245 932; baseline -0.002 -17"><span class='ocrx_word' id='word_1_39' title='bbox 56 869 209 915; x_wconf 88' lang='lat' dir='ltr'>vocatum</span> <span class='ocrx_word' id='word_1_40' title='bbox 222 867 369 932; x_wconf 84' lang='lat' dir='ltr'>pergeret,</span> <span class='ocrx_word' id='word_1_41' title='bbox 383 869 413 916; x_wconf 91' lang='lat' dir='ltr'>et</span> <span class='ocrx_word' id='word_1_42' title='bbox 425 877 528 932; x_wconf 89' lang='lat' dir='ltr'>regem</span> <span class='ocrx_word' id='word_1_43' title='bbox 541 867 571 916; x_wconf 91' lang='lat' dir='ltr'>et</span> <span class='ocrx_word' id='word_1_44' title='bbox 583 867 705 932; x_wconf 83' lang='lat' dir='ltr'>gentem</span> <span class='ocrx_word' id='word_1_45' title='bbox 718 859 783 916; x_wconf 89' lang='lat' dir='ltr'>eius</span> <span class='ocrx_word' id='word_1_46' title='bbox 795 869 992 916; x_wconf 89' lang='lat' dir='ltr'>conuerteret.</span> <span class='ocrx_word' id='word_1_47' title='bbox 1030 857 1167 931; x_wconf 88' lang='lat' dir='ltr'>Cumque</span> <span class='ocrx_word' id='word_1_48' title='bbox 1179 859 1217 913; x_wconf 91' lang='lat' dir='ltr'>ad</span> <span class='ocrx_word' id='word_1_49' title='bbox 1232 875 1245 924; x_wconf 87' lang='lat'><strong>5</strong></span> 
     </span>
     <span class='ocr_line' id='line_1_7' title="bbox 56 945 1218 1021; baseline -0.002 -19"><span class='ocrx_word' id='word_1_50' title='bbox 56 947 167 1004; x_wconf 89' lang='lat' dir='ltr'>locum</span> <span class='ocrx_word' id='word_1_51' title='bbox 192 947 453 1021; x_wconf 81' lang='lat' dir='ltr'>appropinquaret,</span> <span class='ocrx_word' id='word_1_52' title='bbox 478 955 546 1020; x_wconf 92' lang='lat' dir='ltr'>post</span> <span class='ocrx_word' id='word_1_53' title='bbox 571 946 643 1003; x_wconf 90' lang='lat' dir='ltr'>solis</span> <span class='ocrx_word' id='word_1_54' title='bbox 666 964 806 1003; x_wconf 89' lang='lat' dir='ltr'>occasum</span> <span class='ocrx_word' id='word_1_55' title='bbox 830 955 909 1003; x_wconf 90' lang='lat' dir='ltr'>tecto</span> <span class='ocrx_word' id='word_1_56' title='bbox 933 963 1039 1002; x_wconf 91' lang='lat' dir='ltr'>carens</span> <span class='ocrx_word' id='word_1_57' title='bbox 1068 947 1124 1002; x_wconf 91' lang='lat' dir='ltr'>sub</span> <span class='ocrx_word' id='word_1_58' title='bbox 1148 945 1218 1001; x_wconf 91' lang='lat' dir='ltr'>diuo</span> 
     </span>
     <span class='ocr_line' id='line_1_8' title="bbox 57 1032 1218 1107; baseline -0.002 -17"><span class='ocrx_word' id='word_1_59' title='bbox 57 1034 246 1107; x_wconf 84' lang='lat' dir='ltr'>permansit.</span> <span class='ocrx_word' id='word_1_60' title='bbox 296 1034 334 1092; x_wconf 86' lang='lat' dir='ltr'>Et</span> <span class='ocrx_word' id='word_1_61' title='bbox 359 1052 428 1092; x_wconf 92' lang='lat' dir='ltr'>ecce</span> <span class='ocrx_word' id='word_1_62' title='bbox 453 1036 538 1091; x_wconf 89' lang='lat' dir='ltr'>adest</span> <span class='ocrx_word' id='word_1_63' title='bbox 564 1035 611 1090; x_wconf 92' lang='lat' dir='ltr'>leo</span> <span class='ocrx_word' id='word_1_64' title='bbox 635 1034 757 1107; x_wconf 88' lang='lat' dir='ltr'>quidam</span> <span class='ocrx_word' id='word_1_65' title='bbox 783 1033 931 1102; x_wconf 90' lang='lat' dir='ltr'>immanis,</span> <span class='ocrx_word' id='word_1_66' title='bbox 956 1032 1035 1090; x_wconf 90' lang='lat' dir='ltr'>iubis</span> <span class='ocrx_word' id='word_1_67' title='bbox 1064 1051 1119 1107; x_wconf 90' lang='lat' dir='ltr'>per</span> <span class='ocrx_word' id='word_1_68' title='bbox 1143 1033 1218 1089; x_wconf 91' lang='lat' dir='ltr'>colla</span> 
     </span>
     <span class='ocr_line' id='line_1_9' title="bbox 56 1120 1219 1195; baseline -0.002 -17"><span class='ocrx_word' id='word_1_69' title='bbox 56 1121 288 1194; x_wconf 84' lang='lat' dir='ltr'>crispantibus:</span> <span class='ocrx_word' id='word_1_70' title='bbox 314 1122 361 1180; x_wconf 90' lang='lat' dir='ltr'>cui</span> <span class='ocrx_word' id='word_1_71' title='bbox 376 1121 422 1180; x_wconf 84' lang='lat' dir='ltr'>vir</span> <span class='ocrx_word' id='word_1_72' title='bbox 440 1131 562 1178; x_wconf 91' lang='lat' dir='ltr'>sanctus</span> <span class='ocrx_word' id='word_1_73' title='bbox 580 1122 748 1195; x_wconf 90' lang='lat' dir='ltr'>intrepidus</span> <span class='ocrx_word' id='word_1_74' title='bbox 767 1123 805 1177; x_wconf 93' lang='lat' dir='ltr'>de</span> <span class='ocrx_word' id='word_1_75' title='bbox 824 1139 902 1194; x_wconf 89' lang='lat' dir='ltr'>pane</span> <span class='ocrx_word' id='word_1_76' title='bbox 921 1120 993 1177; x_wconf 93' lang='lat' dir='ltr'>suo¹</span> <span class='ocrx_word' id='word_1_77' title='bbox 1011 1121 1162 1194; x_wconf 86' lang='lat' dir='ltr'>porrexit:</span> <span class='ocrx_word' id='word_1_78' title='bbox 1189 1129 1219 1176; x_wconf 93' lang='lat' dir='ltr'>et</span> 
     </span>
     <span class='ocr_line' id='line_1_10' title="bbox 57 1209 1219 1282; baseline 0 -16"><span class='ocrx_word' id='word_1_79' title='bbox 57 1211 118 1266; x_wconf 89' lang='lat' dir='ltr'>ille</span> <span class='ocrx_word' id='word_1_80' title='bbox 132 1219 305 1282; x_wconf 86' lang='lat' dir='ltr'>porrectum</span> <span class='ocrx_word' id='word_1_81' title='bbox 318 1228 377 1266; x_wconf 91' lang='lat' dir='ltr'>non</span> <span class='ocrx_word' id='word_1_82' title='bbox 391 1219 422 1266; x_wconf 88' lang='lat' dir='ltr'>vt</span> <span class='ocrx_word' id='word_1_83' title='bbox 435 1209 491 1276; x_wconf 89' lang='lat' dir='ltr'>leo,</span> <span class='ocrx_word' id='word_1_84' title='bbox 505 1210 559 1266; x_wconf 89' lang='lat' dir='ltr'>sed</span> <span class='ocrx_word' id='word_1_85' title='bbox 572 1210 756 1266; x_wconf 81' lang='lat' dir='ltr'>mansuetior</span> <span class='ocrx_word' id='word_1_86' title='bbox 768 1226 846 1282; x_wconf 88' lang='lat' dir='ltr'>agno</span> <span class='ocrx_word' id='word_1_87' title='bbox 859 1209 991 1281; x_wconf 86' lang='lat' dir='ltr'>suscepit</span> <span class='ocrx_word' id='word_1_88' title='bbox 1005 1217 1034 1264; x_wconf 93' lang='lat' dir='ltr'>et</span> <span class='ocrx_word' id='word_1_89' title='bbox 1044 1219 1113 1265; x_wconf 90' lang='lat' dir='ltr'>ante</span> <span class='ocrx_word' id='word_1_90' title='bbox 1124 1209 1219 1282; x_wconf 90' lang='lat' dir='ltr'>pedes</span> 
     </span>
     <span class='ocr_line' id='line_1_11' title="bbox 57 1295 1265 1370; baseline 0 -18"><span class='ocrx_word' id='word_1_91' title='bbox 57 1297 124 1352; x_wconf 88' lang='lat' dir='ltr'>viri</span> <span class='ocrx_word' id='word_1_92' title='bbox 150 1296 200 1356; x_wconf 92' lang='lat' dir='ltr'>dei</span> <span class='ocrx_word' id='word_1_93' title='bbox 225 1315 258 1354; x_wconf 91' lang='lat' dir='ltr'>se</span> <span class='ocrx_word' id='word_1_94' title='bbox 282 1298 465 1370; x_wconf 90' lang='lat' dir='ltr'>prouoluens</span> <span class='ocrx_word' id='word_1_95' title='bbox 488 1297 626 1370; x_wconf 83' lang='lat' dir='ltr'>gustauit.</span> <span class='ocrx_word' id='word_1_96' title='bbox 677 1297 712 1353; x_wconf 94' lang='lat' dir='ltr'>ln</span> <span class='ocrx_word' id='word_1_97' title='bbox 737 1297 867 1354; x_wconf 88' lang='lat' dir='ltr'>crastino</span> <span class='ocrx_word' id='word_1_98' title='bbox 890 1297 928 1352; x_wconf 90' lang='lat' dir='ltr'>ad</span> <span class='ocrx_word' id='word_1_99' title='bbox 953 1295 1051 1352; x_wconf 93' lang='lat' dir='ltr'>locum</span> <span class='ocrx_word' id='word_1_100' title='bbox 1082 1295 1132 1353; x_wconf 91' lang='lat' dir='ltr'>vbi</span> <span class='ocrx_word' id='word_1_101' title='bbox 1163 1313 1218 1353; x_wconf 86' lang='lat' dir='ltr'>rex</span> <span class='ocrx_word' id='word_1_102' title='bbox 1234 1314 1265 1352; x_wconf 79' lang='grc' dir='ltr'>ιο</span> 
     </span>
     <span class='ocr_line' id='line_1_12' title="bbox 58 1383 1220 1458; baseline 0 -18"><span class='ocrx_word' id='word_1_103' title='bbox 58 1387 211 1442; x_wconf 84' lang='lat' dir='ltr'>manebat</span> <span class='ocrx_word' id='word_1_104' title='bbox 229 1385 365 1453; x_wconf 90' lang='lat' dir='ltr'>veniens,</span> <span class='ocrx_word' id='word_1_105' title='bbox 378 1403 395 1442; x_wconf 90' lang='lat' dir='ltr'>a</span> <span class='ocrx_word' id='word_1_106' title='bbox 410 1386 540 1458; x_wconf 89' lang='lat' dir='ltr'>quodam</span> <span class='ocrx_word' id='word_1_107' title='bbox 558 1385 638 1458; x_wconf 81' lang='lat' dir='ltr'>regis</span> <span class='ocrx_word' id='word_1_108' title='bbox 653 1384 746 1442; x_wconf 91' lang='lat' dir='ltr'>milite</span> <span class='ocrx_word' id='word_1_109' title='bbox 763 1385 800 1440; x_wconf 88' lang='lat' dir='ltr'>ad</span> <span class='ocrx_word' id='word_1_110' title='bbox 818 1383 1030 1457; x_wconf 90' lang='lat' dir='ltr'>hospitandum</span> <span class='ocrx_word' id='word_1_111' title='bbox 1050 1383 1220 1440; x_wconf 88' lang='lat' dir='ltr'>humaniter</span> 
     </span>
     <span class='ocr_line' id='line_1_13' title="bbox 58 1470 1218 1546; baseline -0.002 -18"><span class='ocrx_word' id='word_1_112' title='bbox 58 1481 230 1545; x_wconf 86' lang='lat' dir='ltr'>susceptus</span> <span class='ocrx_word' id='word_1_113' title='bbox 254 1482 310 1529; x_wconf 88' lang='lat' dir='ltr'>est.</span> <span class='ocrx_word' id='word_1_114' title='bbox 347 1473 492 1546; x_wconf 89' lang='lat' dir='ltr'>Sequenti</span> <span class='ocrx_word' id='word_1_115' title='bbox 516 1481 616 1528; x_wconf 86' lang='lat' dir='ltr'>autem</span> <span class='ocrx_word' id='word_1_116' title='bbox 641 1481 728 1528; x_wconf 89' lang='lat' dir='ltr'>nocte</span> <span class='ocrx_word' id='word_1_117' title='bbox 753 1489 807 1528; x_wconf 87' lang='lat' dir='ltr'>rex</span> <span class='ocrx_word' id='word_1_118' title='bbox 832 1470 1005 1544; x_wconf 87' lang='lat' dir='ltr'>sompnium</span> <span class='ocrx_word' id='word_1_119' title='bbox 1029 1470 1113 1540; x_wconf 91' lang='lat' dir='ltr'>vidit,</span> <span class='ocrx_word' id='word_1_120' title='bbox 1139 1472 1218 1544; x_wconf 92' lang='lat' dir='ltr'>quod</span> 
     </span>
     <span class='ocr_line' id='line_1_14' title="bbox 58 1558 1220 1633; baseline -0.003 -17"><span class='ocrx_word' id='word_1_121' title='bbox 58 1577 159 1616; x_wconf 88' lang='lat' dir='ltr'>mane</span> <span class='ocrx_word' id='word_1_122' title='bbox 184 1560 247 1624; x_wconf 84' lang='lat' dir='ltr'>suis</span> <span class='ocrx_word' id='word_1_123' title='bbox 271 1569 436 1631; x_wconf 89' lang='lat' dir='ltr'>ostensum,</span> <span class='ocrx_word' id='word_1_124' title='bbox 461 1577 564 1618; x_wconf 87' lang='lat' dir='ltr'>veram</span> <span class='ocrx_word' id='word_1_125' title='bbox 596 1559 727 1633; x_wconf 88' lang='lat' dir='ltr'>sompnii</span> <span class='ocrx_word' id='word_1_126' title='bbox 757 1558 1031 1631; x_wconf 88' lang='lat' dir='ltr'>interpretationem</span> <span class='ocrx_word' id='word_1_127' title='bbox 1063 1559 1162 1614; x_wconf 89' lang='lat' dir='ltr'>nullus</span> <span class='ocrx_word' id='word_1_128' title='bbox 1191 1558 1220 1615; x_wconf 89' lang='lat' dir='ltr'>ei</span> 
     </span>
     <span class='ocr_line' id='line_1_15' title="bbox 60 1645 1219 1722; baseline -0.001 -19"><span class='ocrx_word' id='word_1_129' title='bbox 60 1646 202 1704; x_wconf 89' lang='lat' dir='ltr'>indicare</span> <span class='ocrx_word' id='word_1_130' title='bbox 223 1648 326 1720; x_wconf 84' lang='lat' dir='ltr'>potuit.</span> <span class='ocrx_word' id='word_1_131' title='bbox 370 1647 447 1722; x_wconf 88' lang='lat' dir='ltr'>Regi</span> <span class='ocrx_word' id='word_1_132' title='bbox 467 1649 590 1704; x_wconf 88' lang='lat' dir='ltr'>tandem</span> <span class='ocrx_word' id='word_1_133' title='bbox 610 1647 696 1704; x_wconf 91' lang='lat' dir='ltr'>miles</span> <span class='ocrx_word' id='word_1_134' title='bbox 717 1656 901 1703; x_wconf 88' lang='lat' dir='ltr'>memoratus</span> <span class='ocrx_word' id='word_1_135' title='bbox 926 1646 964 1702; x_wconf 90' lang='lat' dir='ltr'>de</span> <span class='ocrx_word' id='word_1_136' title='bbox 989 1654 1130 1719; x_wconf 90' lang='lat' dir='ltr'>suscepto</span> <span class='ocrx_word' id='word_1_137' title='bbox 1154 1645 1219 1702; x_wconf 90' lang='lat' dir='ltr'>eius</span> 
     </span>
     <span class='ocr_line' id='line_1_16' title="bbox 59 1733 1264 1808; baseline -0.002 -18"><span class='ocrx_word' id='word_1_138' title='bbox 59 1735 190 1808; x_wconf 86' lang='lat' dir='ltr'>hospite</span> <span class='ocrx_word' id='word_1_139' title='bbox 202 1734 362 1808; x_wconf 87' lang='lat' dir='ltr'>suggessit,</span> <span class='ocrx_word' id='word_1_140' title='bbox 375 1737 498 1792; x_wconf 89' lang='lat' dir='ltr'>dicens:</span> <span class='ocrx_word' id='word_1_141' title='bbox 520 1734 666 1791; x_wconf 89' lang='lat' dir='ltr'>‘Domine</span> <span class='ocrx_word' id='word_1_142' title='bbox 679 1733 720 1790; x_wconf 92' lang='lat' dir='ltr'>mi</span> <span class='ocrx_word' id='word_1_143' title='bbox 739 1751 802 1802; x_wconf 84' lang='lat' dir='ltr'>rex,</span> <span class='ocrx_word' id='word_1_144' title='bbox 815 1734 915 1790; x_wconf 91' lang='lat' dir='ltr'>iubeat</span> <span class='ocrx_word' id='word_1_145' title='bbox 931 1733 1107 1790; x_wconf 84' lang='lat' dir='ltr'>excellentia</span> <span class='ocrx_word' id='word_1_146' title='bbox 1119 1741 1219 1789; x_wconf 90' lang='lat' dir='ltr'>vestra</span> <span class='ocrx_word' id='word_1_147' title='bbox 1235 1752 1264 1802; x_wconf 87' lang='lat'>15</span> 
     </span>
     <span class='ocr_line' id='line_1_17' title="bbox 60 1821 1220 1896; baseline -0.002 -17"><span class='ocrx_word' id='word_1_148' title='bbox 60 1822 127 1880; x_wconf 89' lang='lat' dir='ltr'>sibi</span> <span class='ocrx_word' id='word_1_149' title='bbox 145 1821 244 1879; x_wconf 89' lang='lat' dir='ltr'>virum</span> <span class='ocrx_word' id='word_1_150' title='bbox 263 1825 413 1895; x_wconf 88' lang='lat' dir='ltr'>quendam</span> <span class='ocrx_word' id='word_1_151' title='bbox 436 1823 604 1896; x_wconf 88' lang='lat' dir='ltr'>presentari</span> <span class='ocrx_word' id='word_1_152' title='bbox 629 1839 719 1895; x_wconf 91' lang='lat' dir='ltr'>quem</span> <span class='ocrx_word' id='word_1_153' title='bbox 744 1839 862 1878; x_wconf 88' lang='lat' dir='ltr'>mecum</span> <span class='ocrx_word' id='word_1_154' title='bbox 885 1829 972 1877; x_wconf 91' lang='lat' dir='ltr'>nocte</span> <span class='ocrx_word' id='word_1_155' title='bbox 993 1830 1143 1878; x_wconf 90' lang='lat' dir='ltr'>transacta</span> <span class='ocrx_word' id='word_1_156' title='bbox 1163 1822 1220 1878; x_wconf 89' lang='lat' dir='ltr'>sub</span> 
     </span>
     <span class='ocr_line' id='line_1_18' title="bbox 59 1907 1220 1982; baseline -0.002 -16"><span class='ocrx_word' id='word_1_157' title='bbox 59 1919 149 1968; x_wconf 88' lang='lat' dir='ltr'>tecto</span> <span class='ocrx_word' id='word_1_158' title='bbox 167 1911 277 1982; x_wconf 87' lang='lat' dir='ltr'>recepi,</span> <span class='ocrx_word' id='word_1_159' title='bbox 296 1911 380 1968; x_wconf 89' lang='lat' dir='ltr'>cuius</span> <span class='ocrx_word' id='word_1_160' title='bbox 398 1927 499 1966; x_wconf 89' lang='lat' dir='ltr'>mores</span> <span class='ocrx_word' id='word_1_161' title='bbox 518 1927 536 1966; x_wconf 96' lang='lat' dir='ltr'>a</span> <span class='ocrx_word' id='word_1_162' title='bbox 554 1909 666 1966; x_wconf 90' lang='lat' dir='ltr'>nostris</span> <span class='ocrx_word' id='word_1_163' title='bbox 683 1908 822 1965; x_wconf 90' lang='lat' dir='ltr'>videntur</span> <span class='ocrx_word' id='word_1_164' title='bbox 841 1907 947 1977; x_wconf 89' lang='lat' dir='ltr'>alieni;</span> <span class='ocrx_word' id='word_1_165' title='bbox 966 1907 1026 1980; x_wconf 93' lang='lat' dir='ltr'>qui,</span> <span class='ocrx_word' id='word_1_166' title='bbox 1045 1907 1103 1964; x_wconf 91' lang='lat' dir='ltr'>nisi</span> <span class='ocrx_word' id='word_1_167' title='bbox 1125 1908 1220 1980; x_wconf 86' lang='lat' dir='ltr'>fallor,</span> 
     </span>
     <span class='ocr_line' id='line_1_19' title="bbox 60 1994 1220 2068; baseline -0.003 -13"><span class='ocrx_word' id='word_1_168' title='bbox 60 1999 167 2055; x_wconf 91' lang='lat' dir='ltr'>cultor</span> <span class='ocrx_word' id='word_1_169' title='bbox 179 1997 250 2054; x_wconf 90' lang='lat' dir='ltr'>fidei</span> <span class='ocrx_word' id='word_1_170' title='bbox 265 1997 426 2056; x_wconf 87' lang='lat' dir='ltr'>christiane</span> <span class='ocrx_word' id='word_1_171' title='bbox 443 2007 497 2054; x_wconf 90' lang='lat' dir='ltr'>est.</span> <span class='ocrx_word' id='word_1_172' title='bbox 535 1997 593 2068; x_wconf 85' lang='lat' dir='ltr'>Qui</span> <span class='ocrx_word' id='word_1_173' title='bbox 611 1996 752 2066; x_wconf 76' lang='lat' dir='ltr'>fortassis,</span> <span class='ocrx_word' id='word_1_174' title='bbox 767 1996 793 2052; x_wconf 92' lang='lat' dir='ltr'>si</span> <span class='ocrx_word' id='word_1_175' title='bbox 811 1995 924 2054; x_wconf 89' lang='lat' dir='ltr'>domini</span> <span class='ocrx_word' id='word_1_176' title='bbox 943 1994 1003 2052; x_wconf 90' lang='lat' dir='ltr'>mei</span> <span class='ocrx_word' id='word_1_177' title='bbox 1019 1995 1098 2068; x_wconf 86' lang='lat' dir='ltr'>regis</span> <span class='ocrx_word' id='word_1_178' title='bbox 1117 2013 1220 2068; x_wconf 92' lang='lat' dir='ltr'>somp-</span> 
     </span>
     <span class='ocr_line' id='line_1_20' title="bbox 60 2082 1218 2156; baseline -0.002 -14"><span class='ocrx_word' id='word_1_179' title='bbox 60 2088 154 2142; x_wconf 87' lang='lat' dir='ltr'>nium</span> <span class='ocrx_word' id='word_1_180' title='bbox 172 2084 307 2155; x_wconf 91' lang='lat' dir='ltr'>audierit,</span> <span class='ocrx_word' id='word_1_181' title='bbox 320 2103 379 2142; x_wconf 89' lang='lat' dir='ltr'>non</span> <span class='ocrx_word' id='word_1_182' title='bbox 400 2085 500 2154; x_wconf 89' lang='lat' dir='ltr'>falsus,</span> <span class='ocrx_word' id='word_1_183' title='bbox 513 2093 544 2141; x_wconf 92' lang='lat' dir='ltr'>vt</span> <span class='ocrx_word' id='word_1_184' title='bbox 562 2084 697 2152; x_wconf 87' lang='lat' dir='ltr'>arbitror,</span> <span class='ocrx_word' id='word_1_185' title='bbox 712 2083 862 2156; x_wconf 90' lang='lat' dir='ltr'>interpres</span> <span class='ocrx_word' id='word_1_186' title='bbox 877 2083 942 2140; x_wconf 92' lang='lat' dir='ltr'>eius</span> <span class='ocrx_word' id='word_1_187' title='bbox 961 2082 1033 2138; x_wconf 70' lang='lat' dir='ltr'>erit!</span> <span class='ocrx_word' id='word_1_188' title='bbox 1072 2082 1140 2138; x_wconf 81' lang='lat' dir='ltr'>Rex</span> <span class='ocrx_word' id='word_1_189' title='bbox 1159 2083 1218 2140; x_wconf 89' lang='lat' dir='ltr'>ait:</span> 
     </span>
     <span class='ocr_line' id='line_1_21' title="bbox 61 2170 1266 2245; baseline -0.005 -15"><span class='ocrx_word' id='word_1_190' title='bbox 61 2175 291 2242; x_wconf 88' lang='lat' dir='ltr'>‘Accerciatur,</span> <span class='ocrx_word' id='word_1_191' title='bbox 312 2172 417 2245; x_wconf 90' lang='lat' dir='ltr'>inquit,</span> <span class='ocrx_word' id='word_1_192' title='bbox 437 2172 520 2230; x_wconf 89' lang='lat' dir='ltr'>ocius</span> <span class='ocrx_word' id='word_1_193' title='bbox 544 2171 611 2228; x_wconf 87' lang='lat' dir='ltr'>talis</span> <span class='ocrx_word' id='word_1_194' title='bbox 636 2172 748 2245; x_wconf 88' lang='lat' dir='ltr'>hospes</span> <span class='ocrx_word' id='word_1_195' title='bbox 773 2175 858 2226; x_wconf 67' lang='lat' dir='ltr'>tuus?</span> <span class='ocrx_word' id='word_1_196' title='bbox 895 2170 962 2241; x_wconf 85' lang='lat' dir='ltr'>Quo</span> <span class='ocrx_word' id='word_1_197' title='bbox 986 2171 1140 2239; x_wconf 86' lang='lat' dir='ltr'>accercito,</span> <span class='ocrx_word' id='word_1_198' title='bbox 1164 2187 1219 2226; x_wconf 85' lang='lat' dir='ltr'>rex</span> <span class='ocrx_word' id='word_1_199' title='bbox 1235 2190 1266 2232; x_wconf 69' lang='grc' dir='ltr'>ιο</span> 
     </span>
     <span class='ocr_line' id='line_1_22' title="bbox 62 2258 1220 2332; baseline -0.004 -14"><span class='ocrx_word' id='word_1_200' title='bbox 62 2260 243 2332; x_wconf 90' lang='lat' dir='ltr'>sompnium</span> <span class='ocrx_word' id='word_1_201' title='bbox 263 2277 352 2318; x_wconf 89' lang='lat' dir='ltr'>suum</span> <span class='ocrx_word' id='word_1_202' title='bbox 366 2259 406 2316; x_wconf 88' lang='lat' dir='ltr'>ita</span> <span class='ocrx_word' id='word_1_203' title='bbox 421 2261 539 2318; x_wconf 88' lang='lat' dir='ltr'>edicere</span> <span class='ocrx_word' id='word_1_204' title='bbox 555 2260 651 2332; x_wconf 89' lang='lat' dir='ltr'>cepit:</span> <span class='ocrx_word' id='word_1_205' title='bbox 673 2259 758 2315; x_wconf 86' lang='lat' dir='ltr'>‘Nox</span> <span class='ocrx_word' id='word_1_206' title='bbox 776 2258 919 2331; x_wconf 88' lang='lat' dir='ltr'>preterita</span> <span class='ocrx_word' id='word_1_207' title='bbox 936 2259 1008 2314; x_wconf 93' lang='lat' dir='ltr'>dum</span> <span class='ocrx_word' id='word_1_208' title='bbox 1025 2275 1073 2313; x_wconf 90' lang='lat' dir='ltr'>me</span> <span class='ocrx_word' id='word_1_209' title='bbox 1092 2275 1220 2330; x_wconf 88' lang='lat' dir='ltr'>sompno</span> 
     </span>
     <span class='ocr_line' id='line_1_23' title="bbox 61 2345 1220 2416; baseline -0.002 -12"><span class='ocrx_word' id='word_1_210' title='bbox 61 2351 172 2404; x_wconf 92' lang='lat' dir='ltr'>datum</span> <span class='ocrx_word' id='word_1_211' title='bbox 186 2347 217 2404; x_wconf 91' lang='lat' dir='ltr'>in</span> <span class='ocrx_word' id='word_1_212' title='bbox 231 2357 324 2404; x_wconf 89' lang='lat' dir='ltr'>stratu</span> <span class='ocrx_word' id='word_1_213' title='bbox 337 2357 461 2416; x_wconf 88' lang='lat' dir='ltr'>teneret,</span> <span class='ocrx_word' id='word_1_214' title='bbox 474 2349 598 2404; x_wconf 88' lang='lat' dir='ltr'>videbar</span> <span class='ocrx_word' id='word_1_215' title='bbox 609 2347 682 2404; x_wconf 90' lang='lat' dir='ltr'>mihi</span> <span class='ocrx_word' id='word_1_216' title='bbox 695 2346 797 2404; x_wconf 91' lang='lat' dir='ltr'>videre</span> <span class='ocrx_word' id='word_1_217' title='bbox 812 2348 888 2402; x_wconf 91' lang='lat' dir='ltr'>duos</span> <span class='ocrx_word' id='word_1_218' title='bbox 905 2363 996 2402; x_wconf 90' lang='lat' dir='ltr'>canes</span> <span class='ocrx_word' id='word_1_219' title='bbox 1008 2345 1177 2402; x_wconf 87' lang='lat' dir='ltr'>teterrimos</span> <span class='ocrx_word' id='word_1_220' title='bbox 1190 2355 1220 2402; x_wconf 93' lang='lat' dir='ltr'>et</span> 
     </span>
     <span class='ocr_line' id='line_1_24' title="bbox 63 2435 1220 2509; baseline -0.002 -17"><span class='ocrx_word' id='word_1_221' title='bbox 63 2437 220 2494; x_wconf 87' lang='lat' dir='ltr'>immanes</span> <span class='ocrx_word' id='word_1_222' title='bbox 246 2453 295 2492; x_wconf 89' lang='lat' dir='ltr'>me</span> <span class='ocrx_word' id='word_1_223' title='bbox 320 2437 357 2492; x_wconf 90' lang='lat' dir='ltr'>ad</span> <span class='ocrx_word' id='word_1_224' title='bbox 377 2436 570 2509; x_wconf 86' lang='lat' dir='ltr'>iugulandum</span> <span class='ocrx_word' id='word_1_225' title='bbox 595 2435 746 2508; x_wconf 87' lang='lat' dir='ltr'>arripere:</span> <span class='ocrx_word' id='word_1_226' title='bbox 773 2452 790 2490; x_wconf 87' lang='lat' dir='ltr'>e</span> <span class='ocrx_word' id='word_1_227' title='bbox 815 2435 937 2506; x_wconf 88' lang='lat' dir='ltr'>regione</span> <span class='ocrx_word' id='word_1_228' title='bbox 962 2451 1033 2490; x_wconf 93' lang='lat' dir='ltr'>vero</span> <span class='ocrx_word' id='word_1_229' title='bbox 1058 2450 1220 2506; x_wconf 89' lang='lat' dir='ltr'>personam</span> 
     </span>
     <span class='ocr_line' id='line_1_25' title="bbox 63 2522 1220 2597; baseline -0.002 -17"><span class='ocrx_word' id='word_1_230' title='bbox 63 2524 223 2597; x_wconf 87' lang='lat' dir='ltr'>quandam</span> <span class='ocrx_word' id='word_1_231' title='bbox 240 2523 404 2580; x_wconf 88' lang='lat' dir='ltr'>venerabili</span> <span class='ocrx_word' id='word_1_232' title='bbox 422 2523 505 2592; x_wconf 89' lang='lat' dir='ltr'>facie,</span> <span class='ocrx_word' id='word_1_233' title='bbox 517 2533 605 2580; x_wconf 91' lang='lat' dir='ltr'>tonsa</span> <span class='ocrx_word' id='word_1_234' title='bbox 622 2540 678 2596; x_wconf 94' lang='lat' dir='ltr'>per</span> <span class='ocrx_word' id='word_1_235' title='bbox 696 2539 785 2579; x_wconf 85' lang='lat' dir='ltr'>aures</span> <span class='ocrx_word' id='word_1_236' title='bbox 799 2523 830 2578; x_wconf 91' lang='lat' dir='ltr'>in</span> <span class='ocrx_word' id='word_1_237' title='bbox 851 2539 992 2578; x_wconf 89' lang='lat' dir='ltr'>coronam</span> <span class='ocrx_word' id='word_1_238' title='bbox 1010 2522 1133 2592; x_wconf 86' lang='lat' dir='ltr'>cesarie,</span> <span class='ocrx_word' id='word_1_239' title='bbox 1147 2522 1220 2578; x_wconf 92' lang='lat' dir='ltr'>mihi</span> 
     </span>
     <span class='ocr_line' id='line_1_26' title="bbox 63 2610 1265 2686; baseline -0.003 -17"><span class='ocrx_word' id='word_1_240' title='bbox 63 2611 204 2686; x_wconf 90' lang='lat' dir='ltr'>presidio</span> <span class='ocrx_word' id='word_1_241' title='bbox 226 2613 334 2668; x_wconf 88' lang='lat' dir='ltr'>adesse</span> <span class='ocrx_word' id='word_1_242' title='bbox 355 2613 444 2669; x_wconf 91' lang='lat' dir='ltr'>etde</span> <span class='ocrx_word' id='word_1_243' title='bbox 463 2629 572 2668; x_wconf 90' lang='lat' dir='ltr'>canum</span> <span class='ocrx_word' id='word_1_244' title='bbox 596 2611 735 2667; x_wconf 91' lang='lat' dir='ltr'>dentibus</span> <span class='ocrx_word' id='word_1_245' title='bbox 755 2628 845 2667; x_wconf 89' lang='lat' dir='ltr'>aurea</span> <span class='ocrx_word' id='word_1_246' title='bbox 869 2628 937 2667; x_wconf 88' lang='lat' dir='ltr'>cum</span> <span class='ocrx_word' id='word_1_247' title='bbox 960 2611 1053 2679; x_wconf 88' lang='lat' dir='ltr'>clane,</span> <span class='ocrx_word' id='word_1_248' title='bbox 1075 2627 1165 2683; x_wconf 86' lang='lat' dir='ltr'>quam</span> <span class='ocrx_word' id='word_1_249' title='bbox 1189 2610 1220 2666; x_wconf 92' lang='lat' dir='ltr'>in</span> <span class='ocrx_word' id='word_1_250' title='bbox 1235 2627 1265 2678; x_wconf 78' lang='lat'>²5</span> 
     </span>
    </p>
   </div>
   <div class='ocr_carea' id='block_1_3' title="bbox 63 2697 1221 2856">
    <p class='ocr_par' dir='ltr' id='par_1_3' title="bbox 63 2697 1221 2856">
     <span class='ocr_line' id='line_1_27' title="bbox 63 2697 1221 2772; baseline -0.003 -15"><span class='ocrx_word' id='word_1_251' title='bbox 63 2717 163 2757; x_wconf 88' lang='lat' dir='ltr'>manu</span> <span class='ocrx_word' id='word_1_252' title='bbox 175 2701 305 2770; x_wconf 88' lang='lat' dir='ltr'>tenebat,</span> <span class='ocrx_word' id='word_1_253' title='bbox 318 2717 367 2758; x_wconf 90' lang='lat' dir='ltr'>me</span> <span class='ocrx_word' id='word_1_254' title='bbox 383 2709 522 2772; x_wconf 89' lang='lat' dir='ltr'>potenter</span> <span class='ocrx_word' id='word_1_255' title='bbox 538 2716 653 2756; x_wconf 87' lang='lat' dir='ltr'>eruere.</span> <span class='ocrx_word' id='word_1_256' title='bbox 680 2699 747 2768; x_wconf 85' lang='lat' dir='ltr'>Quo</span> <span class='ocrx_word' id='word_1_257' title='bbox 760 2699 793 2754; x_wconf 91' lang='lat' dir='ltr'>fit</span> <span class='ocrx_word' id='word_1_258' title='bbox 806 2707 837 2754; x_wconf 89' lang='lat' dir='ltr'>vt</span> <span class='ocrx_word' id='word_1_259' title='bbox 854 2697 923 2754; x_wconf 92' lang='lat' dir='ltr'>hinc</span> <span class='ocrx_word' id='word_1_260' title='bbox 943 2705 1053 2754; x_wconf 88' lang='lat' dir='ltr'>terreat</span> <span class='ocrx_word' id='word_1_261' title='bbox 1073 2715 1122 2752; x_wconf 91' lang='lat' dir='ltr'>me</span> <span class='ocrx_word' id='word_1_262' title='bbox 1138 2705 1221 2754; x_wconf 87' lang='lat' dir='ltr'>tanta</span> 
     </span>
     <span class='ocr_line' id='line_1_28' title="bbox 64 2781 1221 2856; baseline -0.002 -16"><span class='ocrx_word' id='word_1_263' title='bbox 64 2801 180 2840; x_wconf 88' lang='lat' dir='ltr'>canum</span> <span class='ocrx_word' id='word_1_264' title='bbox 193 2783 363 2840; x_wconf 83' lang='lat' dir='ltr'>immanitas</span> <span class='ocrx_word' id='word_1_265' title='bbox 376 2793 405 2840; x_wconf 90' lang='lat' dir='ltr'>et</span> <span class='ocrx_word' id='word_1_266' title='bbox 418 2801 522 2841; x_wconf 90' lang='lat' dir='ltr'>eorum</span> <span class='ocrx_word' id='word_1_267' title='bbox 536 2783 566 2840; x_wconf 93' lang='lat' dir='ltr'>in</span> <span class='ocrx_word' id='word_1_268' title='bbox 579 2801 628 2840; x_wconf 91' lang='lat' dir='ltr'>me</span> <span class='ocrx_word' id='word_1_269' title='bbox 645 2785 852 2856; x_wconf 88' lang='lat' dir='ltr'>grassabunda</span> <span class='ocrx_word' id='word_1_270' title='bbox 867 2783 1023 2856; x_wconf 86' lang='lat' dir='ltr'>rapacitas,</span> <span class='ocrx_word' id='word_1_271' title='bbox 1037 2781 1107 2838; x_wconf 90' lang='lat' dir='ltr'>inde</span> <span class='ocrx_word' id='word_1_272' title='bbox 1123 2781 1221 2838; x_wconf 91' lang='lat' dir='ltr'>foueat</span> 
     </span>
    </p>
   </div>
   <div class='ocr_carea' id='block_1_4' title="bbox 63 2869 1267 4156">
    <p class='ocr_par' dir='ltr' id='par_1_4' title="bbox 63 2869 1267 4156">
     <span class='ocr_line' id='line_1_29' title="bbox 63 2869 1221 2945; baseline -0.003 -17"><span class='ocrx_word' id='word_1_273' title='bbox 63 2882 131 2928; x_wconf 84' lang='lat' dir='ltr'>tarn</span> <span class='ocrx_word' id='word_1_274' title='bbox 147 2871 255 2928; x_wconf 90' lang='lat' dir='ltr'>festina</span> <span class='ocrx_word' id='word_1_275' title='bbox 272 2873 310 2928; x_wconf 94' lang='lat' dir='ltr'>ab</span> <span class='ocrx_word' id='word_1_276' title='bbox 328 2871 372 2928; x_wconf 89' lang='lat' dir='ltr'>eis</span> <span class='ocrx_word' id='word_1_277' title='bbox 387 2872 503 2945; x_wconf 89' lang='lat' dir='ltr'>ereptio</span> <span class='ocrx_word' id='word_1_278' title='bbox 516 2879 546 2929; x_wconf 90' lang='lat' dir='ltr'>et</span> <span class='ocrx_word' id='word_1_279' title='bbox 563 2871 690 2928; x_wconf 91' lang='lat' dir='ltr'>iocunda</span> <span class='ocrx_word' id='word_1_280' title='bbox 707 2870 855 2944; x_wconf 89' lang='lat' dir='ltr'>ereptoris</span> <span class='ocrx_word' id='word_1_281' title='bbox 875 2869 934 2926; x_wconf 91' lang='lat' dir='ltr'>mei</span> <span class='ocrx_word' id='word_1_282' title='bbox 950 2869 1032 2926; x_wconf 87' lang='lat' dir='ltr'>visio.</span> <span class='ocrx_word' id='word_1_283' title='bbox 1070 2869 1132 2926; x_wconf 90' lang='lat' dir='ltr'>Sed</span> <span class='ocrx_word' id='word_1_284' title='bbox 1152 2870 1221 2941; x_wconf 91' lang='lat' dir='ltr'>quia</span> 
     </span>
     <span class='ocr_line' id='line_1_30' title="bbox 64 2956 1220 3031; baseline -0.003 -15"><span class='ocrx_word' id='word_1_285' title='bbox 64 2957 175 3016; x_wconf 88' lang='lat' dir='ltr'>nescio</span> <span class='ocrx_word' id='word_1_286' title='bbox 187 2958 258 3031; x_wconf 90' lang='lat' dir='ltr'>quid</span> <span class='ocrx_word' id='word_1_287' title='bbox 268 2957 279 2990; x_wconf 72' lang='lat'>²</span> <span class='ocrx_word' id='word_1_288' title='bbox 291 2959 419 3031; x_wconf 90' lang='lat' dir='ltr'>portenti</span> <span class='ocrx_word' id='word_1_289' title='bbox 433 2959 539 3016; x_wconf 91' lang='lat' dir='ltr'>habeat</span> <span class='ocrx_word' id='word_1_290' title='bbox 551 2967 613 3015; x_wconf 88' lang='lat' dir='ltr'>tam</span> <span class='ocrx_word' id='word_1_291' title='bbox 626 2961 720 3016; x_wconf 88' lang='lat' dir='ltr'>bestia</span> <span class='ocrx_word' id='word_1_292' title='bbox 733 2967 818 3028; x_wconf 90' lang='lat' dir='ltr'>tetra,</span> <span class='ocrx_word' id='word_1_293' title='bbox 831 2967 892 3014; x_wconf 92' lang='lat' dir='ltr'>tam</span> <span class='ocrx_word' id='word_1_294' title='bbox 909 2957 1043 3014; x_wconf 90' lang='lat' dir='ltr'>insolens</span> <span class='ocrx_word' id='word_1_295' title='bbox 1060 2965 1089 3013; x_wconf 90' lang='lat' dir='ltr'>et</span> <span class='ocrx_word' id='word_1_296' title='bbox 1109 2956 1201 3012; x_wconf 89' lang='lat' dir='ltr'>effera</span> <span class='ocrx_word' id='word_1_297' title='bbox 1212 2976 1220 3027; x_wconf 84' lang='lat'>3</span> 
     </span>
     <span class='ocr_line' id='line_1_31' title="bbox 65 3045 1267 3120; baseline -0.005 -16"><span class='ocrx_word' id='word_1_298' title='bbox 65 3047 142 3120; x_wconf 92' lang='lat' dir='ltr'>quid</span> <span class='ocrx_word' id='word_1_299' title='bbox 156 3045 281 3119; x_wconf 89' lang='lat' dir='ltr'>auspicii</span> <span class='ocrx_word' id='word_1_300' title='bbox 291 3055 351 3104; x_wconf 84' lang='lat' dir='ltr'>tam</span> <span class='ocrx_word' id='word_1_301' title='bbox 364 3056 448 3120; x_wconf 88' lang='lat' dir='ltr'>grata</span> <span class='ocrx_word' id='word_1_302' title='bbox 460 3064 591 3119; x_wconf 88' lang='lat' dir='ltr'>persona</span> <span class='ocrx_word' id='word_1_303' title='bbox 604 3046 736 3120; x_wconf 84' lang='lat' dir='ltr'>ereptrix</span> <span class='ocrx_word' id='word_1_304' title='bbox 746 3063 813 3103; x_wconf 92' lang='lat' dir='ltr'>mea</span> <span class='ocrx_word' id='word_1_305' title='bbox 826 3055 855 3102; x_wconf 90' lang='lat' dir='ltr'>et</span> <span class='ocrx_word' id='word_1_306' title='bbox 867 3045 1033 3117; x_wconf 80' lang='lat' dir='ltr'>clauigera3</span> <span class='ocrx_word' id='word_1_307' title='bbox 1052 3061 1140 3100; x_wconf 91' lang='lat' dir='ltr'>mens</span> <span class='ocrx_word' id='word_1_308' title='bbox 1154 3061 1220 3100; x_wconf 88' lang='lat' dir='ltr'>mea</span> <span class='ocrx_word' id='word_1_309' title='bbox 1235 3063 1267 3112; x_wconf 79' lang='lat'>30</span> 
     </span>
     <span class='ocr_line' id='line_1_32' title="bbox 64 3131 1220 3207; baseline -0.004 -15"><span class='ocrx_word' id='word_1_310' title='bbox 64 3135 206 3192; x_wconf 86' lang='lat' dir='ltr'>redditur</span> <span class='ocrx_word' id='word_1_311' title='bbox 222 3133 353 3192; x_wconf 64' lang='lat' dir='ltr'>solicita?</span> <span class='ocrx_word' id='word_1_312' title='bbox 392 3134 533 3192; x_wconf 85' lang='lat' dir='ltr'>Edfridus</span> <span class='ocrx_word' id='word_1_313' title='bbox 545 3133 686 3207; x_wconf 78' lang='lat' dir='ltr'>quidem⁸</span> <span class='ocrx_word' id='word_1_314' title='bbox 698 3135 735 3190; x_wconf 89' lang='lat' dir='ltr'>ad</span> <span class='ocrx_word' id='word_1_315' title='bbox 748 3134 804 3190; x_wconf 92' lang='lat' dir='ltr'>hec</span> <span class='ocrx_word' id='word_1_316' title='bbox 817 3133 874 3189; x_wconf 91' lang='lat' dir='ltr'>ait:</span> <span class='ocrx_word' id='word_1_317' title='bbox 895 3132 989 3199; x_wconf 87' lang='lat' dir='ltr'>‘Rex‚</span> <span class='ocrx_word' id='word_1_318' title='bbox 1003 3131 1152 3204; x_wconf 87' lang='lat' dir='ltr'>gratulare</span> <span class='ocrx_word' id='word_1_319' title='bbox 1169 3141 1220 3188; x_wconf 90' lang='lat' dir='ltr'>tue</span> 
     </span>
     <span class='ocr_line' id='line_1_33' title="bbox 65 3219 1221 3295; baseline -0.004 -15"><span class='ocrx_word' id='word_1_320' title='bbox 65 3221 196 3280; x_wconf 87' lang='lat' dir='ltr'>visioni:</span> <span class='ocrx_word' id='word_1_321' title='bbox 225 3221 384 3280; x_wconf 89' lang='lat' dir='ltr'>famulatur</span> <span class='ocrx_word' id='word_1_322' title='bbox 404 3222 486 3279; x_wconf 92' lang='lat' dir='ltr'>enim</span> <span class='ocrx_word' id='word_1_323' title='bbox 506 3231 556 3278; x_wconf 88' lang='lat' dir='ltr'>tue</span> <span class='ocrx_word' id='word_1_324' title='bbox 576 3230 721 3295; x_wconf 92' lang='lat' dir='ltr'>perpetue</span> <span class='ocrx_word' id='word_1_325' title='bbox 738 3221 834 3276; x_wconf 86' lang='lat' dir='ltr'>saluti.</span> <span class='ocrx_word' id='word_1_326' title='bbox 871 3219 951 3290; x_wconf 86' lang='lat' dir='ltr'>Quid</span> <span class='ocrx_word' id='word_1_327' title='bbox 969 3237 1042 3293; x_wconf 85' lang='lat' dir='ltr'>ergo</span> <span class='ocrx_word' id='word_1_328' title='bbox 1061 3221 1221 3292; x_wconf 90' lang='lat' dir='ltr'>portendat</span> 
     </span>
     <span class='ocr_line' id='line_1_34' title="bbox 65 3308 1221 3382; baseline -0.004 -15"><span class='ocrx_word' id='word_1_329' title='bbox 65 3327 180 3367; x_wconf 90' lang='lat' dir='ltr'>canum</span> <span class='ocrx_word' id='word_1_330' title='bbox 199 3311 229 3366; x_wconf 92' lang='lat' dir='ltr'>in</span> <span class='ocrx_word' id='word_1_331' title='bbox 248 3318 278 3366; x_wconf 90' lang='lat' dir='ltr'>te</span> <span class='ocrx_word' id='word_1_332' title='bbox 297 3309 499 3382; x_wconf 89' lang='lat' dir='ltr'>grassantium</span> <span class='ocrx_word' id='word_1_333' title='bbox 517 3319 548 3366; x_wconf 92' lang='lat' dir='ltr'>et</span> <span class='ocrx_word' id='word_1_334' title='bbox 568 3318 599 3366; x_wconf 90' lang='lat' dir='ltr'>te</span> <span class='ocrx_word' id='word_1_335' title='bbox 619 3309 753 3382; x_wconf 88' lang='lat' dir='ltr'>iugulare</span> <span class='ocrx_word' id='word_1_336' title='bbox 777 3308 961 3364; x_wconf 86' lang='lat' dir='ltr'>molientium</span> <span class='ocrx_word' id='word_1_337' title='bbox 983 3316 1045 3364; x_wconf 91' lang='lat' dir='ltr'>tam</span> <span class='ocrx_word' id='word_1_338' title='bbox 1070 3308 1221 3363; x_wconf 90' lang='lat' dir='ltr'>horrenda</span> 
     </span>
     <span class='ocr_line' id='line_1_35' title="bbox 67 3394 1220 3471; baseline -0.004 -17"><span class='ocrx_word' id='word_1_339' title='bbox 67 3397 209 3471; x_wconf 88' lang='lat' dir='ltr'>species;</span> <span class='ocrx_word' id='word_1_340' title='bbox 244 3397 315 3469; x_wconf 90' lang='lat' dir='ltr'>quid</span> <span class='ocrx_word' id='word_1_341' title='bbox 340 3397 511 3470; x_wconf 88' lang='lat' dir='ltr'>auspicetur</span> <span class='ocrx_word' id='word_1_342' title='bbox 535 3397 683 3470; x_wconf 86' lang='lat' dir='ltr'>clauigere</span> <span class='ocrx_word' id='word_1_343' title='bbox 713 3413 843 3469; x_wconf 89' lang='lat' dir='ltr'>persone</span> <span class='ocrx_word' id='word_1_344' title='bbox 871 3394 1047 3452; x_wconf 89' lang='lat' dir='ltr'>liberatricis</span> <span class='ocrx_word' id='word_1_345' title='bbox 1077 3403 1127 3451; x_wconf 91' lang='lat' dir='ltr'>tue</span> <span class='ocrx_word' id='word_1_346' title='bbox 1158 3403 1220 3450; x_wconf 88' lang='lat' dir='ltr'>tam</span> 
     </span>
     <span class='ocr_line' id='line_1_36' title="bbox 65 3482 1266 3558; baseline 0.001 -16"><span class='ocrx_word' id='word_1_347' title='bbox 65 3485 198 3542; x_wconf 91' lang='lat' dir='ltr'>iocunda</span> <span class='ocrx_word' id='word_1_348' title='bbox 210 3483 319 3554; x_wconf 79' lang='lat' dir='ltr'>facies3</span> <span class='ocrx_word' id='word_1_349' title='bbox 336 3503 400 3552; x_wconf 85' lang='lat' dir='ltr'>rex,</span> <span class='ocrx_word' id='word_1_350' title='bbox 412 3485 515 3558; x_wconf 90' lang='lat' dir='ltr'>accipe</span> <span class='ocrx_word' id='word_1_351' title='bbox 528 3493 558 3541; x_wconf 87' lang='lat' dir='ltr'>et</span> <span class='ocrx_word' id='word_1_352' title='bbox 570 3484 712 3556; x_wconf 87' lang='lat' dir='ltr'>intellige.</span> <span class='ocrx_word' id='word_1_353' title='bbox 736 3482 914 3540; x_wconf 88' lang='lat' dir='ltr'>Teterrimi⁴</span> <span class='ocrx_word' id='word_1_354' title='bbox 926 3500 1017 3540; x_wconf 90' lang='lat' dir='ltr'>canes</span> <span class='ocrx_word' id='word_1_355' title='bbox 1030 3491 1060 3539; x_wconf 87' lang='lat' dir='ltr'>et</span> <span class='ocrx_word' id='word_1_356' title='bbox 1072 3482 1221 3539; x_wconf 89' lang='lat' dir='ltr'>immanes</span> <span class='ocrx_word' id='word_1_357' title='bbox 1235 3495 1266 3548; x_wconf 79' lang='grc'>35</span> 
     </span>
     <span class='ocr_line' id='line_1_37' title="bbox 66 3570 1220 3644; baseline -0.004 -12"><span class='ocrx_word' id='word_1_358' title='bbox 66 3583 141 3632; x_wconf 88' lang='lat' dir='ltr'>sunt</span> <span class='ocrx_word' id='word_1_359' title='bbox 160 3571 311 3644; x_wconf 82' lang='lat' dir='ltr'>fuliginosi</span> <span class='ocrx_word' id='word_1_360' title='bbox 332 3573 466 3629; x_wconf 91' lang='lat' dir='ltr'>Plutonis</span> <span class='ocrx_word' id='word_1_361' title='bbox 484 3572 636 3640; x_wconf 90' lang='lat' dir='ltr'>satellites,</span> <span class='ocrx_word' id='word_1_362' title='bbox 649 3572 710 3628; x_wconf 90' lang='lat' dir='ltr'>vite</span> <span class='ocrx_word' id='word_1_363' title='bbox 722 3579 753 3628; x_wconf 92' lang='lat' dir='ltr'>et</span> <span class='ocrx_word' id='word_1_364' title='bbox 766 3571 870 3628; x_wconf 91' lang='lat' dir='ltr'>salutis</span> <span class='ocrx_word' id='word_1_365' title='bbox 883 3579 933 3626; x_wconf 88' lang='lat' dir='ltr'>tue</span> <span class='ocrx_word' id='word_1_366' title='bbox 950 3570 1095 3626; x_wconf 83' lang='lat' dir='ltr'>mortiferi</span> <span class='ocrx_word' id='word_1_367' title='bbox 1108 3570 1220 3640; x_wconf 92' lang='lat' dir='ltr'>hostes,</span> 
     </span>
     <span class='ocr_line' id='line_1_38' title="bbox 66 3657 1221 3734; baseline -0.002 -18"><span class='ocrx_word' id='word_1_368' title='bbox 66 3677 200 3734; x_wconf 89' lang='lat' dir='ltr'>quorum</span> <span class='ocrx_word' id='word_1_369' title='bbox 212 3669 244 3716; x_wconf 92' lang='lat' dir='ltr'>tu</span> <span class='ocrx_word' id='word_1_370' title='bbox 256 3659 390 3717; x_wconf 90' lang='lat' dir='ltr'>faucibus</span> <span class='ocrx_word' id='word_1_371' title='bbox 402 3661 433 3716; x_wconf 92' lang='lat' dir='ltr'>in</span> <span class='ocrx_word' id='word_1_372' title='bbox 446 3661 573 3733; x_wconf 92' lang='lat' dir='ltr'>predam</span> <span class='ocrx_word' id='word_1_373' title='bbox 586 3667 616 3716; x_wconf 93' lang='lat' dir='ltr'>et</span> <span class='ocrx_word' id='word_1_374' title='bbox 628 3657 852 3716; x_wconf 90' lang='lat' dir='ltr'>deuorationem</span> <span class='ocrx_word' id='word_1_375' title='bbox 861 3658 990 3728; x_wconf 90' lang='lat' dir='ltr'>daberis,</span> <span class='ocrx_word' id='word_1_376' title='bbox 1000 3658 1049 3716; x_wconf 86' lang='lat' dir='ltr'>vbi</span> <span class='ocrx_word' id='word_1_377' title='bbox 1059 3659 1221 3715; x_wconf 88' lang='lat' dir='ltr'>deuoratus</span> 
     </span>
     <span class='ocr_line' id='line_1_39' title="bbox 66 3743 1221 3820; baseline -0.003 -15"><span class='ocrx_word' id='word_1_378' title='bbox 66 3765 195 3820; x_wconf 90' lang='lat' dir='ltr'>semper</span> <span class='ocrx_word' id='word_1_379' title='bbox 215 3747 407 3805; x_wconf 90' lang='lat' dir='ltr'>deuorandus</span> <span class='ocrx_word' id='word_1_380' title='bbox 425 3750 486 3804; x_wconf 89' lang='lat' dir='ltr'>eris</span> <span class='ocrx_word' id='word_1_381' title='bbox 502 3757 534 3804; x_wconf 89' lang='lat' dir='ltr'>vt</span> <span class='ocrx_word' id='word_1_382' title='bbox 556 3747 599 3805; x_wconf 89' lang='lat' dir='ltr'>sic</span> <span class='ocrx_word' id='word_1_383' title='bbox 618 3765 712 3820; x_wconf 90' lang='lat' dir='ltr'>vsque</span> <span class='ocrx_word' id='word_1_384' title='bbox 731 3746 865 3802; x_wconf 89' lang='lat' dir='ltr'>moriens</span> <span class='ocrx_word' id='word_1_385' title='bbox 884 3755 914 3801; x_wconf 92' lang='lat' dir='ltr'>et</span> <span class='ocrx_word' id='word_1_386' title='bbox 931 3763 1087 3819; x_wconf 89' lang='lat' dir='ltr'>nunquam</span> <span class='ocrx_word' id='word_1_387' title='bbox 1106 3743 1221 3802; x_wconf 77' lang='lat' dir='ltr'>morte⁰</span> 
     </span>
     <span class='ocr_line' id='line_1_40' title="bbox 67 3833 1220 3908; baseline -0.004 -16"><span class='ocrx_word' id='word_1_388' title='bbox 67 3837 190 3904; x_wconf 85' lang='lat' dir='ltr'>finiens,</span> <span class='ocrx_word' id='word_1_389' title='bbox 199 3836 353 3908; x_wconf 91' lang='lat' dir='ltr'>perpetuis</span> <span class='ocrx_word' id='word_1_390' title='bbox 365 3835 538 3903; x_wconf 87' lang='lat' dir='ltr'>terroribus,</span> <span class='ocrx_word' id='word_1_391' title='bbox 547 3835 718 3908; x_wconf 89' lang='lat' dir='ltr'>sulphureis</span> <span class='ocrx_word' id='word_1_392' title='bbox 727 3834 880 3903; x_wconf 90' lang='lat' dir='ltr'>fetoribus,</span> <span class='ocrx_word' id='word_1_393' title='bbox 889 3833 1022 3890; x_wconf 89' lang='lat' dir='ltr'>dentium</span> <span class='ocrx_word' id='word_1_394' title='bbox 1033 3833 1220 3902; x_wconf 90' lang='lat' dir='ltr'>stridoribus,</span> 
     </span>
     <span class='ocr_line' id='line_1_41' title="bbox 67 3919 1267 3996; baseline 0.001 -17"><span class='ocrx_word' id='word_1_395' title='bbox 67 3924 185 3996; x_wconf 86' lang='lat' dir='ltr'>ignium</span> <span class='ocrx_word' id='word_1_396' title='bbox 204 3922 370 3992; x_wconf 89' lang='lat' dir='ltr'>ardoribus,</span> <span class='ocrx_word' id='word_1_397' title='bbox 389 3921 478 3995; x_wconf 87' lang='lat' dir='ltr'>penis</span> <span class='ocrx_word' id='word_1_398' title='bbox 496 3921 676 3980; x_wconf 89' lang='lat' dir='ltr'>immanibus</span> <span class='ocrx_word' id='word_1_399' title='bbox 695 3931 725 3978; x_wconf 91' lang='lat' dir='ltr'>et</span> <span class='ocrx_word' id='word_1_400' title='bbox 744 3920 990 3978; x_wconf 89' lang='lat' dir='ltr'>intollerabilibus</span> <span class='ocrx_word' id='word_1_401' title='bbox 1009 3939 1077 3978; x_wconf 91' lang='lat' dir='ltr'>cum</span> <span class='ocrx_word' id='word_1_402' title='bbox 1096 3920 1171 3992; x_wconf 88' lang='lat' dir='ltr'>ipsis</span> <span class='ocrx_word' id='word_1_403' title='bbox 1189 3919 1219 3975; x_wconf 91' lang='lat' dir='ltr'>in</span> <span class='ocrx_word' id='word_1_404' title='bbox 1233 3935 1267 3980; x_wconf 75' lang='lat'>40,</span> 
     </span>
     <span class='ocr_line' id='line_1_42' title="bbox 67 4007 1220 4082; baseline -0.003 -15"><span class='ocrx_word' id='word_1_405' title='bbox 67 4009 173 4067; x_wconf 88' lang='lat' dir='ltr'>tartari</span> <span class='ocrx_word' id='word_1_406' title='bbox 186 4011 285 4068; x_wconf 87' lang='lat' dir='ltr'>medio</span> <span class='ocrx_word' id='word_1_407' title='bbox 298 4009 457 4068; x_wconf 83' lang='lat' dir='ltr'>crucieris:</span> <span class='ocrx_word' id='word_1_408' title='bbox 478 4009 537 4067; x_wconf 92' lang='lat' dir='ltr'>nisi</span> <span class='ocrx_word' id='word_1_409' title='bbox 549 4011 683 4067; x_wconf 90' lang='lat' dir='ltr'>funditus</span> <span class='ocrx_word' id='word_1_410' title='bbox 701 4008 911 4082; x_wconf 89' lang='lat' dir='ltr'>paganismum</span> <span class='ocrx_word' id='word_1_411' title='bbox 929 4007 1126 4080; x_wconf 85' lang='lat' dir='ltr'>abnegaueris</span> <span class='ocrx_word' id='word_1_412' title='bbox 1139 4016 1220 4064; x_wconf 85' lang='lat' dir='ltr'>etex</span> 
     </span>
     <span class='ocr_line' id='line_1_43' title="bbox 67 4095 1219 4156; baseline -0.004 0"><span class='ocrx_word' id='word_1_413' title='bbox 67 4109 132 4156; x_wconf 91' lang='lat' dir='ltr'>toto</span> <span class='ocrx_word' id='word_1_414' title='bbox 152 4098 242 4156; x_wconf 89' lang='lat' dir='ltr'>corde</span> <span class='ocrx_word' id='word_1_415' title='bbox 260 4107 289 4156; x_wconf 93' lang='lat' dir='ltr'>te</span> <span class='ocrx_word' id='word_1_416' title='bbox 308 4097 492 4156; x_wconf 88' lang='lat' dir='ltr'>conuerteris</span> <span class='ocrx_word' id='word_1_417' title='bbox 509 4099 547 4155; x_wconf 91' lang='lat' dir='ltr'>ad</span> <span class='ocrx_word' id='word_1_418' title='bbox 565 4097 719 4156; x_wconf 89' lang='lat' dir='ltr'>Christum</span> <span class='ocrx_word' id='word_1_419' title='bbox 739 4096 787 4154; x_wconf 90' lang='lat' dir='ltr'>dei</span> <span class='ocrx_word' id='word_1_420' title='bbox 805 4095 865 4154; x_wconf 92' lang='lat' dir='ltr'>viui</span> <span class='ocrx_word' id='word_1_421' title='bbox 879 4095 980 4152; x_wconf 90' lang='lat' dir='ltr'>filium.</span> <span class='ocrx_word' id='word_1_422' title='bbox 1020 4095 1219 4152; x_wconf 88' lang='lat' dir='ltr'>Reuerendus</span> 
     </span>
    </p>
   </div>
   <div class='ocr_carea' id='block_1_5' title="bbox 68 4307 1219 4432">
    <p class='ocr_par' dir='ltr' id='par_1_5' title="bbox 68 4307 1219 4432">
     <span class='ocr_line' id='line_1_44' title="bbox 102 4307 1219 4376; baseline -0.011 -6"><span class='ocrx_word' id='word_1_423' title='bbox 102 4313 228 4370; x_wconf 69' lang='lat' dir='ltr'>¹Esua.</span> <span class='ocrx_word' id='word_1_424' title='bbox 333 4311 480 4376; x_wconf 78' lang='lat' dir='ltr'>’T.quod.</span> <span class='ocrx_word' id='word_1_425' title='bbox 589 4311 746 4363; x_wconf 70' lang='lat' dir='ltr'>’omin&#39;ss</span> <span class='ocrx_word' id='word_1_426' title='bbox 855 4310 1053 4361; x_wconf 87' lang='lat' dir='ltr'>⁴E.Teterum.</span> <span class='ocrx_word' id='word_1_427' title='bbox 1162 4307 1219 4358; x_wconf 70' lang='lat' dir='ltr'>&#39;R</span> 
     </span>
     <span class='ocr_line' id='line_1_45' title="bbox 68 4389 188 4432; baseline 0 -1"><span class='ocrx_word' id='word_1_428' title='bbox 68 4389 188 4432; x_wconf 77' lang='lat' dir='ltr'>mortem</span> 
     </span>
    </p>
   </div>
   <div class='ocr_carea' id='block_1_6' title="bbox 0 0 1524 4904">
    <p class='ocr_par' dir='ltr' id='par_1_6' title="bbox 0 0 1524 4904">
     <span class='ocr_line' id='line_1_46' title="bbox 0 0 1524 4904; baseline 0 0"><span class='ocrx_word' id='word_1_429' title='bbox 0 0 1524 4904; x_wconf 95' lang='lat' dir='ltr'> </span> 
     </span>
    </p>
   </div>
  </div>
 </body>
</html>
