3044 4894
291 289 333 344 12
600 264 1124 370 mocianicam.

286 476 464 540 perpetuum
477 465 630 524 dedicaui:
651 477 681 524 et
699 467 766 524 ideo
784 485 937 540 nunquam
951 484 1073 540 possem
1087 465 1117 522 in
1133 466 1286 522 carnalem
1303 464 1455 534 copulam

286 555 467 612 consentire.
506 555 643 628 Denique
665 555 708 612 sic
730 563 842 611 arctata
864 557 943 627 quod
965 555 1122 628 oportebat
1144 571 1193 610 me
1213 553 1279 610 eius
1294 553 1456 608 voluntati

286 643 418 710 obedire,
431 652 481 699 aut
501 651 583 700 certe
595 643 717 700 diuersa
729 643 831 700 subire
845 641 1001 716 supplicia,
1014 643 1142 698 latenter
1154 641 1255 714 lugam
1268 640 1329 708 inii,
1343 642 1457 714 magis

287 730 402 804 eligens
424 731 548 788 exulare
566 747 657 803 quam
677 747 789 802 sponso
809 747 877 786 meo
896 731 989 787 fidem
1008 729 1179 802 infringere.
1216 729 1354 784 Audiens
1368 747 1456 786 vero

258 827 387 886 svestre
411 817 576 874 sanctitatis
601 819 786 891 preconium,
807 819 864 874 sub
886 818 949 874 alas
970 826 1071 874 vestre
1096 817 1291 890 protectionis
1310 815 1455 890 confugi,

287 923 415 979 sperans
429 924 477 963 me
496 907 576 980 apud
589 924 644 963 vos
662 906 760 962 locum
777 906 912 978 reperire
925 905 1044 978 quietis,
1058 905 1108 962 vbi
1121 905 1236 979 possim
1256 905 1455 976 contempla-

286 993 377 1050 tionis
396 1011 522 1066 carpere
541 1003 656 1050 secreta
677 993 796 1050 silentia
815 994 1026 1067 presentiaque
1044 994 1104 1050 vite
1123 992 1218 1049 vitare
1238 991 1398 1063 naufragia
1419 1003 1455 1050 et

288 1081 528 1154 perturbationes
551 1081 656 1138 mundi
677 1081 782 1154 fugere
805 1081 1043 1153 perstrepentis!
1080 1081 1244 1137 Admirans
1266 1079 1296 1135 in
1318 1097 1354 1135 ea
1379 1081 1454 1153 epi-

288 1185 398 1243 scopus
411 1169 595 1226 nobilitatem
608 1169 737 1241 generis,
749 1168 1005 1242 pulchritudinem
1024 1168 1242 1241 commistam
1256 1167 1452 1224 immensum

245 1275 275 1312 ιο
289 1255 447 1325 feruorem,
456 1265 487 1313 et
499 1265 580 1312 tante
593 1257 762 1329 eloquentie
774 1265 974 1326 venustatem,
988 1256 1104 1328 placida
1117 1265 1148 1312 et
1160 1255 1292 1328 benigna
1305 1271 1381 1311 voce
1399 1273 1452 1312 re·

288 1343 427 1416 spondit:
448 1343 538 1400 ‘Esto
551 1361 665 1412 secura,
679 1344 748 1413 filia,
763 1361 801 1400 ne
813 1343 977 1402 formides:
998 1345 1068 1416 quia
1085 1344 1135 1400 ille
1152 1344 1190 1399 ob
1202 1343 1287 1398 cuius
1305 1359 1451 1399 amorem

288 1441 318 1488 te
331 1440 360 1487 et
373 1441 440 1488 tuos
453 1441 484 1488 et
496 1442 547 1488 tua
559 1441 620 1488 tam
633 1431 758 1488 viriliter
770 1431 989 1506 contempsisti,
1002 1431 1056 1487 tibi
1076 1432 1115 1488 ob
1132 1432 1188 1487 hoc
1206 1439 1236 1486 et
1256 1429 1286 1486 in
1305 1431 1450 1503 presenti

288 1520 440 1576 cumulum
450 1520 545 1592 gratie
557 1528 587 1576 et
599 1517 630 1575 in
641 1519 741 1576 futuro
749 1519 969 1591 plenitudinem
978 1519 1072 1591 glorie
1085 1518 1234 1591 largietur.
1267 1517 1329 1574 Sed
1340 1525 1369 1572 et
1385 1536 1451 1590 ego

289 1623 396 1664 seruus
409 1606 474 1664 eius
488 1623 537 1663 me
546 1615 576 1663 et
586 1623 654 1663 mea
664 1606 718 1663 tibi
729 1607 841 1664 offero:
856 1606 950 1679 eligas
957 1607 1006 1662 vbi
1017 1605 1068 1662 tibi
1081 1606 1228 1680 placuerit
1241 1604 1450 1663 mansionem.

247 1708 275 1758 15
288 1693 365 1750 Volo
378 1705 478 1750 autem
491 1704 522 1750 vt
542 1694 632 1750 hodie
651 1711 770 1751 mecum
785 1696 937 1768 prandere
949 1695 1079 1751 debeas!
1117 1693 1212 1762 ‘Noli
1226 1691 1330 1765 inquit,
1344 1701 1449 1764 pater,

289 1781 349 1838 noli
363 1783 400 1838 de
414 1782 469 1838 hac
482 1799 516 1838 re
528 1798 579 1838 me
591 1799 718 1855 rogare:
738 1799 777 1839 ne
795 1780 872 1838 sorte
890 1799 932 1839 ex
951 1782 1006 1838 hoc
1025 1781 1124 1854 aliqua
1144 1780 1213 1837 mali
1226 1779 1357 1852 suspicio
1369 1797 1449 1852 pro-

288 1870 405 1926 ueniret
423 1879 453 1925 et
473 1869 551 1926 nitor
569 1869 648 1927 same
659 1879 760 1926 vestre
777 1870 1017 1942 denigrationem
1035 1869 1164 1942 aliquam
1177 1870 1346 1940 pateretur!
1385 1867 1448 1925 Cui

289 1957 467 2030 episcopus:
489 1958 613 2016 ‘Plures
631 1958 744 2014 erimus
768 1967 797 2015 et
819 1975 878 2014 non
899 1957 974 2014 soli:
994 1966 1025 2013 et
1046 1958 1116 2013 ideo
1138 1956 1252 2012 nullum
1275 1955 1353 2011 male
1374 1972 1446 2012 sus-

289 2044 415 2118 picionis
443 2046 617 2118 scrupulum
640 2045 671 2102 in
690 2045 791 2117 aliquo
819 2044 929 2118 poterit
954 2046 1110 2117 generari!
1146 2043 1314 2100 Venientes
1339 2043 1446 2116 itaque

245 2147 277 2184 ao
289 2131 451 2206 episcopus
463 2143 493 2188 et
505 2133 555 2189 illa
567 2134 605 2189 ad
617 2132 622 2162 ¹
637 2149 785 2200 mensam,
797 2151 837 2188 ex
855 2132 994 2206 opposito
1012 2133 1224 2199 consederunt,
1237 2129 1347 2187 ceteris
1364 2132 1446 2188 resi-

289 2221 429 2276 dentibus
449 2220 517 2276 hinc
537 2228 567 2276 et
585 2220 663 2276 inde.
703 2220 759 2275 lim
775 2222 835 2274 mlit
859 2221 888 2276 in
909 2237 976 2276 eam
996 2221 1103 2276 crebro
1123 2220 1294 2292 episcopus,
1315 2217 1446 2290 eiusque

289 2307 395 2364 faciem
409 2325 469 2363 non
483 2307 592 2364 desinit
605 2307 714 2364 intueri
729 2317 759 2364 et
777 2307 1032 2380 pulchritudinem
1049 2306 1197 2364 admirari.
1236 2305 1346 2378 Sicque
1365 2306 1442 2362 dum

290 2396 393 2451 oculus
415 2394 524 2467 figitur,
540 2395 659 2451 animus
680 2395 838 2464 sauciatur,
860 2405 889 2452 et
914 2397 986 2452 dum
1011 2395 1117 2452 faciem
1143 2394 1208 2451 eius
1230 2393 1330 2450 minus
1355 2405 1445 2451 caute

290 2481 429 2552 intuetur,
443 2481 584 2554 antiquus
601 2482 696 2539 hostis
712 2500 764 2538 cor
776 2483 841 2539 eius
856 2483 941 2555 graui
956 2481 1052 2538 iaculo
1065 2481 1239 2540 vulnerauit.
1278 2481 1444 2552 Perpendit

247 2585 276 2636 ²5
291 2570 372 2627 enim
385 2570 441 2626 hoc
454 2569 520 2642 ipse
533 2570 669 2626 diabolus
682 2579 712 2626 et
725 2571 977 2643 pulchritudinem
993 2587 1079 2626 suam
1098 2570 1177 2643 cepit
1190 2569 1285 2642 magis
1298 2586 1332 2624 ac
1345 2571 1444 2642 magis

292 2675 411 2730 augere.
451 2657 574 2730 lamque
588 2657 748 2731 episcopus
757 2657 914 2731 proximus
928 2669 991 2716 erat
1004 2661 1204 2715 consensuivt
1213 2658 1327 2714 eamde
1339 2656 1444 2714 illicito

291 2763 383 2818 opere
397 2753 588 2819 attemptaret
596 2747 717 2818 quando
727 2746 908 2819 possibilitas
917 2764 952 2803 se
960 2746 1091 2802 offerret.
1116 2745 1201 2802 Tunc
1211 2745 1309 2802 subito
1318 2743 1443 2816 quidam

291 2833 472 2910 peregrinus
485 2833 523 2888 ad
537 2833 646 2890 ostium
659 2835 774 2891 crebris
787 2834 893 2891 ictibus
906 2842 935 2890 et
949 2833 1066 2906 magnis
1085 2833 1265 2890 clamoribus
1277 2832 1369 2902 affuit,
1382 2833 1443 2890 sibi

291 2922 448 2994 postulans
473 2921 590 2995 aperiri.
637 2922 775 2995 Cumque
793 2922 851 2978 sibi
868 2921 987 2994 aperire
1006 2921 1120 2978 nollent
1139 2929 1169 2978 et
1190 2921 1241 2976 ille
1260 2919 1444 2978 clamoribus

247 3022 278 3072 30
291 3017 320 3066 et
334 3009 442 3065 ictibus
455 3009 545 3066 nimis
557 3009 602 3065 eis
616 3010 701 3066 fieret
714 3009 913 3082 importunus,
925 3011 1088 3082 interrogat
1104 3010 1265 3081 episcopus
1284 3007 1444 3066 mulierem
1512 3083 1513 3086 Ἴ

292 3096 318 3153 si
343 3097 517 3170 ingressum
538 3096 619 3152 illius
650 3098 804 3170 peregrini
829 3097 959 3154 hominis
983 3105 1159 3170 acceptaret.
1196 3096 1252 3153 Cui
1276 3095 1443 3155 illedixit:

292 3185 500 3259 ‘Proponatur
525 3185 583 3241 sibi
613 3185 712 3258 aliqua
742 3185 859 3258 questio
890 3184 962 3242 satis
993 3185 1113 3258 grauis:
1142 3201 1232 3257 quam
1258 3183 1284 3240 si
1309 3184 1444 3242 enodare

292 3272 422 3342 sciuerst,
435 3273 623 3342 admittatur3
644 3273 670 3329 si
682 3282 783 3329 autem
802 3272 951 3342 nescierit,
963 3281 1107 3344 tanquam
1124 3271 1237 3327 inscius
1255 3281 1284 3327 et
1299 3269 1445 3342 indignus

292 3361 330 3417 ab
349 3360 485 3434 episcopi
504 3360 658 3433 presentia
676 3361 854 3433 repellatur.³
892 3360 916 3416 F
916 3369 1008 3416 auent
1021 3377 1129 3416 omnes
1146 3359 1212 3416 eius
1225 3357 1373 3415 sententie
1381 3359 1400 3428 ¹,
1412 3371 1444 3418 et

247 3463 277 3514 35
292 3449 333 3505 ait
346 3448 506 3521 episcopus
517 3468 535 3506 :-
545 3448 636 3518 ‘Quis
647 3458 783 3504 nostrum
795 3459 857 3505 tam
870 3448 1025 3505 sufficiens
1042 3457 1088 3504 est
1100 3465 1191 3520 quam
1203 3464 1266 3518 vos,
1280 3465 1297 3502 o
1310 3447 1444 3520 domina,

293 3553 353 3609 que
373 3545 490 3592 ceteros
516 3545 545 3592 et
571 3535 741 3608 eloquentia
765 3535 927 3609 preceditis
952 3545 981 3592 et
1002 3533 1148 3607 sapientia
1170 3534 1257 3590 nobis
1282 3534 1446 3592 omnibus³

292 3623 437 3680 rutilatisi
458 3623 521 3679 Vos
541 3623 631 3696 igitur
652 3623 728 3678 hanc
750 3623 908 3696 proponite
928 3623 1135 3695 questionem!
1172 3621 1257 3678 Tunc
1277 3621 1326 3677 illa
1348 3621 1444 3682 dixit:

292 3715 298 3742 ‘
312 3712 515 3784 interrogetur
527 3713 607 3783 quod
620 3719 667 3768 est
681 3711 777 3767 maius
791 3711 965 3767 miraculum
979 3711 1058 3782 quod
1072 3711 1147 3766 deus
1158 3727 1290 3782 vnquam
1303 3709 1334 3765 in
1347 3727 1446 3782 parua

293 3817 326 3856 re
339 3799 425 3857 secit.'
459 3797 664 3872 Interrogatus
677 3799 715 3854 de
727 3799 782 3855 hoc
793 3797 981 3872 peregrinus,
990 3815 1045 3870 per
1054 3797 1195 3853 nuncium
1206 3797 1280 3853 dixit
1293 3817 1300 3853 ι
1315 3801 1321 3828 ‘
1334 3797 1445 3857 Diuer-

247 3903 279 3954 40
292 3888 365 3944 sitas
391 3896 420 3944 et
439 3886 619 3943 excellentia
637 3885 789 3942 facierum.
828 3885 911 3942 Inter
930 3895 972 3941 tot
991 3885 1073 3942 enim
1092 3885 1230 3941 homines
1249 3885 1300 3956 qui
1320 3884 1446 3945 suerunt

292 3977 330 4032 ab
350 3975 433 4031 initio
454 3975 559 4031 mundi
580 3983 610 4030 et
631 3991 726 4046 vsque
748 3975 787 4030 ad
811 3974 904 4031 finem
931 3973 1021 4029 futuri
1046 3982 1124 4044 sunt,
1145 3973 1203 4028 duo
1229 3972 1354 4045 reperiri
1380 3991 1445 4034 non

292 4071 419 4136 possunt
428 4063 438 4094 ⁴
448 4079 575 4135 quorum
586 4060 676 4118 iacies
689 4079 744 4134 per
752 4061 852 4117 omnia
864 4061 978 4118 similes
990 4070 1101 4118 essent.
1132 4060 1166 4116 ln
1176 4061 1242 4134 ipsa
1249 4077 1368 4132 quoque
1379 4070 1444 4122 tam

324 4210 333 4239 ¹
352 4211 381 4261 E.
394 4213 433 4262 ab.
506 4209 516 4238 ²
533 4211 560 4262 Ι..
575 4211 607 4260 Α.
618 4211 696 4261 adds:
715 4211 810 4273 etquis
821 4212 950 4260 sufficiens
962 4219 1033 4260 esset
1044 4213 1110 4262 hanc
1122 4213 1283 4274 questionem
1295 4225 1447 4273 proponere

292 4277 612 4405 sckckangggengpmque
622 4277 707 4326 nullus
716 4276 882 4340 inveniretur,
895 4293 936 4340 ep.
950 4279 1022 4328 dixit
1139 4277 1149 4306 ³
1167 4279 1194 4327 L.
1207 4279 1237 4327 A.
1250 4279 1314 4326 adds
1325 4279 1446 4340 amplius.

1511 3847 1513 3978 l
