3046 4902
272 307 343 402 588
700 299 902 403 duumuir
931 297 981 378 11.

269 519 311 562 est
341 516 436 563 autem
465 523 529 562 eum
556 521 591 562 eo
621 521 717 560 comes
745 505 819 560 illius
842 503 1003 559 indiuiduus
1035 501 1232 558 llunberthus
1261 501 1445 558 elmanensis

269 589 396 656 antistes,
415 589 543 660 quicum
558 589 587 644 in
605 589 682 658 regni
698 588 842 658 fastigium
863 587 1069 653 subliment,
1088 597 1117 641 et
1139 589 1323 642 constancia
1345 585 1443 640 inuicti

265 673 403 810 ageicsturstd
427 672 582 728 martirium
606 671 755 740 animatus,
779 689 845 727 curn
873 671 935 742 ipso
965 668 1043 740 regni
1067 668 1182 724 celestis
1209 687 1377 740 possessor
1400 680 1443 722 est

311 887 335 946 li
350 889 400 942 Dtt
411 899 628 944 nuscottsmns
640 899 681 942 ΕΤ
693 899 894 943 rnvsnctons
906 899 1026 942 cnrtrts
1039 897 1150 942 SANCTI
1164 885 1342 942 Enntmtnr
1358 899 1399 941 st
1501 873 1502 942 i

291 983 532 1027 oontuncctona
551 983 652 1026 lLLlUS
670 982 714 1026 nt>
733 983 864 1038 CORPUS,
883 982 923 1026 ΕΤ
941 982 984 1025 DE
1001 982 1187 1026 structuras
1207 981 1416 1034 V'l'RlUSQUE.
1502 987 1503 1070 p

242 1116 257 1166 5
305 1121 384 1178 Abho
395 1122 512 1178 flou-ac
632 1085 685 1142 nni
706 1087 790 1156 igitur
808 1103 909 1158 corpus
927 1085 1018 1141 sancti
1038 1085 1160 1140 martiris
1182 1084 1226 1139 ita
1246 1093 1390 1140 truncum
1410 1094 1438 1139 et

510 1163 517 1176 '
666 1171 771 1226 aculeis
783 1171 919 1225 hirsutum
931 1179 959 1224 et
970 1169 1110 1240 hispidum
1119 1168 1330 1239 relinquentes,
1342 1169 1438 1238 mptrd

270 1253 331 1310 eius
340 1253 548 1310 sanctissimum
561 1255 589 1309 in
599 1253 699 1309 siluam
708 1253 839 1320 vicinam,
846 1252 891 1306 cui
904 1267 1007 1306 nomen
1019 1261 1063 1305 est
1073 1251 1249 1320 Heylesdun,
1260 1252 1437 1306 recedentes

270 1347 492 1407 asportauerunt,
511 1355 545 1392 ac
561 1338 634 1393 inter
651 1337 741 1391 densa
755 1336 881 1407 veprium
897 1336 1014 1390 frutecta
1029 1333 1139 1401 longius
1157 1333 1322 1403 proiectum
1340 1337 1437 1388 occul-

270 1429 420 1484 taueruntt
439 1419 467 1474 id
486 1421 561 1475 omni
581 1419 735 1490 sagacitate
752 1420 929 1474 elaborantes
948 1435 984 1472 ne
1001 1436 1020 1472 a
1038 1416 1208 1472 Christianis
1225 1434 1304 1488 quos
1324 1433 1437 1487 paucos

229 1521 259 1557 ro
272 1503 451 1572 reliquerant,
464 1503 685 1559 sacratissimum
697 1519 799 1572 corpus
807 1519 870 1556 curn
881 1501 973 1571 capite
983 1503 1100 1555 honeste
1108 1499 1269 1554 traderetur
1276 1500 1435 1569 sepulture.

272 1584 437 1640 Didicerunt
457 1585 532 1640 enirn
553 1587 662 1656 lngwar
673 1594 701 1640 et
714 1585 797 1640 Vbba
813 1584 902 1654 pirate
918 1583 1088 1653 nequissimi,
1104 1582 1298 1637 Lothbrocum
1318 1595 1434 1651 patrem

272 1685 353 1724 suurn
365 1667 436 1722 falsa
449 1669 627 1739 suggestione
642 1667 726 1723 lierni
739 1667 880 1723 venatoris
893 1666 982 1722 sancti
996 1665 1138 1720 Edmundi
1153 1665 1181 1718 in
1193 1664 1268 1718 silua
1281 1665 1322 1719 de
1334 1665 1434 1718 medio

272 1751 412 1806 sublatum
436 1749 530 1816 luisse,
555 1751 628 1806 vnde
652 1751 785 1806 talionem
810 1751 928 1805 reddere
951 1749 1095 1819 cupientes
1120 1748 1148 1802 in
1173 1748 1246 1801 silua
1268 1747 1329 1802 iarn
1352 1747 1434 1802 dicta

272 1833 364 1903 capud
377 1833 437 1888 eius
449 1833 546 1890 bestiis
558 1844 585 1888 et
597 1833 697 1888 auibus
713 1831 904 1888 deuorandum
919 1831 1105 1902 ignominiose
1123 1831 1313 1900 proiecerunt.
1350 1832 1434 1885 Addo

229 1917 395 1981 15Flm'ac.
430 1915 454 1976 ll
475 1916 584 1985 Quibus
608 1916 723 1970 tandem
744 1913 943 1986 aliquantisper
961 1913 1130 1968 abeuntibus
1153 1922 1183 1967 et
1206 1913 1432 1982 depopulacioni

272 2013 385 2069 quoquo
402 1997 526 2054 locorum
540 2015 654 2070 operam
670 1999 821 2054 dantibus:
841 2007 975 2068 ceperunt
993 1995 1145 2052 Christiani
1159 1995 1196 2050 de
1214 1997 1343 2050 latibulis
1364 2015 1432 2051 oon·

272 2099 393 2150 surgere,
412 2081 537 2151 diligenti
557 2081 652 2136 animo
671 2091 831 2150 satagentes
851 2091 881 2134 vt
901 2078 1047 2134 dominum
1068 2095 1149 2132 suurn
1167 2095 1265 2147 regern
1284 2079 1431 2148 condigne

273 2164 430 2234 sepelirent.
476 2166 584 2235 Corpus
609 2163 692 2234 igitur
714 2163 787 2232 regis
811 2161 980 2218 sanctissimi
1004 2162 1098 2216 adbuc
1122 2161 1174 2216 sub
1199 2162 1267 2216 diuo
1292 2163 1430 2232 positum,

272 2245 394 2302 lacilirne
412 2257 454 2302 est
472 2257 612 2317 repertum
629 2247 658 2301 in
676 2247 776 2301 eodem
791 2261 892 2316 campo
909 2245 956 2300 vbi
974 2262 1021 2300 rex
1035 2244 1184 2299 occubuit:
1205 2255 1247 2299 set
1261 2247 1359 2315 capud
1371 2261 1429 2300 non

231 2345 262 2380 ιο
275 2327 458 2398 inuenientes,
481 2328 657 2400 suspendunt
681 2330 860 2398 sepulturam,
880 2328 970 2382 donec
991 2327 1147 2382 sollicitiori
1169 2327 1305 2397 indagine
1327 2330 1428 2398 depre-

275 2411 400 2466 hendant
425 2427 481 2480 quo
501 2413 592 2482 capud
614 2411 765 2466 deuenerit.
817 2409 1012 2482 Warengy‘ord.
1042 2408 1064 2468 ll
1088 2410 1207 2464 Volente
1231 2410 1331 2482 itaque
1356 2413 1427 2466 deu:

275 2493 342 2547 dum
368 2505 480 2549 sanctus
504 2511 553 2549 rex
576 2503 717 2564 pateretur
740 2493 854 2563 quidam
882 2493 1035 2548 catholicus
1062 2493 1220 2548 subtractus
1249 2509 1427 2562 paganorum

275 2574 378 2644 gladiis
389 2575 513 2646 deprope
526 2576 633 2633 delituit
651 2587 678 2630 et
698 2577 864 2647 omniaque
882 2577 1038 2645 agebantur
1056 2575 1103 2646 pia
1119 2576 1281 2632 curiositate
1293 2576 1426 2646 signauit.

275 2659 368 2725 Quem
386 2659 504 2728 contigit
522 2659 622 2714 adesse
642 2659 709 2714 dum
729 2659 807 2713 heret
824 2658 934 2729 questio
953 2659 989 2712 de
1006 2658 1083 2727 regio
1101 2658 1213 2728 capite:
1239 2677 1294 2714 nec
1318 2660 1427 2715 distulit

232 2759 262 2808 ²5
275 2739 376 2795 referre
397 2741 473 2811 quod
492 2743 593 2796 Dauos
613 2741 684 2798 vidit
704 2742 842 2812 precisum
863 2741 954 2812 capud
976 2742 1004 2795 in
1025 2741 1125 2796 siluam
1143 2743 1310 2811 Heylesdun
1331 2761 1427 2798 secum

276 2823 399 2890 delerre3
430 2833 472 2878 set
497 2841 553 2894 quo
577 2826 760 2896 reposuerint,
785 2841 842 2880 non
866 2823 1094 2894 deprehendisse.
1140 2825 1205 2892 Quo
1229 2825 1346 2880 audito:
1380 2826 1426 2897 qui

276 2906 393 2960 aderant
418 2905 519 2962 siluam
543 2909 709 2976 perlustrare
733 2907 876 2974 festinant,
901 2923 951 2977 pro
972 2917 1048 2962 certo
1068 2907 1215 2962 credentes
1235 2909 1314 2978 quod
1336 2909 1426 2964 aliene

277 2998 353 3045 secte
365 2989 494 3054 cultores,
507 2989 661 3044 inuidendo
674 3001 769 3044 nostre
786 2989 860 3056 fidei,
873 2989 1049 3044 sustulissent
1067 2990 1159 3059 capud
1174 2989 1297 3044 martiris
1314 3001 1344 3044 et
1358 2993 1427 3047 inira

277 3071 444 3128 densitatem
461 3073 549 3127 saltus
571 3073 786 3128 abscondissent
807 3081 855 3128 aut
873 3071 919 3127 vili
937 3071 1043 3142 cespite
1058 3072 1197 3140 obrutum,
1210 3083 1260 3126 aut
1278 3073 1382 3128 auibus
1400 3087 1426 3129 et

233 3173 265 3224 50
277 3155 341 3210 ieris
360 3155 559 3210 deuorandum.
598 3155 727 3227 lnitoque
745 3155 872 3222 consilio,
891 3155 1073 3210 decreuerunt
1094 3155 1226 3225 quatinus
1244 3155 1427 3212 circumcirca

277 3247 473 3307 pernegantes,
496 3237 613 3292 vocibus
636 3248 685 3292 aut
710 3238 841 3292 tubarum
870 3237 1016 3292 ductilium
1043 3237 1088 3292 vel
1115 3253 1284 3293 cornuorum
1310 3241 1426 3310 strepitu

276 3328 375 3374 mutuo
387 3319 440 3374 sibi
454 3321 599 3374 innuerent
611 3337 617 3375 :
638 3337 674 3374 ne
685 3329 734 3376 aut
746 3321 863 3376 lustrata
874 3328 1040 3390 repeterent,
1052 3330 1102 3375 aut
1114 3337 1171 3375 non
1184 3321 1303 3376 lustrata
1316 3322 1426 3378 desere-

277 3411 347 3456 rent.
391 3401 588 3474 Warengford.
622 3401 788 3474 llCumque
801 3403 830 3458 in
847 3403 922 3458 hunc
935 3403 1050 3458 modum
1062 3402 1132 3457 silue
1145 3401 1229 3457 deuia
1240 3419 1426 3474 pemagaren·

277 3494 331 3550 tur,
343 3493 371 3539 et
384 3484 509 3554 singulus
521 3487 559 3540 ad
571 3485 712 3554 singulum
724 3495 819 3557 vtpote
832 3485 926 3542 socius
938 3486 975 3541 ad
992 3485 1099 3540 socium
1111 3487 1270 3540 alternatim
1283 3487 1426 3556 queritans

234 3585 265 3636 35
278 3565 384 3621 diceret
403 3567 467 3622 ‘vbi
486 3585 525 3635 es,
538 3569 584 3622 vbi
603 3569 681 3636 esi',
701 3569 792 3640 capud
811 3569 901 3624 sancti
917 3569 1037 3623 martiris
1054 3568 1163 3638 longius
1181 3581 1324 3624 remotum
1342 3586 1359 3624 a
1378 3587 1426 3624 suo

278 3665 395 3718 corpore
408 3651 569 3720 respondit:
590 3651 665 3718 ‘her,
679 3651 737 3719 her,
749 3652 814 3720 her,'
827 3651 903 3722 quod
917 3651 1130 3721 interpretatur:
1151 3650 1269 3718 hic,hic,
1278 3652 1333 3706 hic.
1366 3654 1426 3707 Nec

278 3731 385 3786 destitit
396 3733 496 3786 eadem
509 3733 596 3788 verba
607 3743 742 3802 repetere,
754 3734 845 3788 donec
858 3750 956 3788 omnes
969 3734 1015 3803 qui
1029 3733 1172 3788 lustrando
1185 3733 1306 3804 dispersi
1319 3735 1425 3790 fuerant

278 3831 329 3885 per
342 3814 410 3869 silue
423 3814 515 3882 deuia,
527 3817 566 3871 ad
579 3831 609 3870 se
623 3826 813 3886 congregaret.
837 3817 863 3871 Ο
876 3833 965 3872 rema
979 3817 1078 3871 seculis
1090 3815 1248 3870 inauditam
1261 3828 1289 3871 et
1301 3818 1425 3874 miraculi

279 3896 472 3966 singularitate
485 3898 671 3967 stupendam!
709 3899 736 3953 0
749 3898 820 3954 mira
832 3899 877 3954 dei
897 3899 1047 3968 magnalia,
1059 3898 1107 3969 qui
1120 3915 1231 3969 semper
1242 3909 1271 3954 et
1284 3901 1387 3971 ubique
1398 3902 1424 3956 in

235 4003 268 4052 40
280 3979 384 4035 sanctis
397 3981 454 4036 suis
467 3979 601 4035 mirabilis
616 3990 643 4034 et
660 3980 797 4049 gloriosus
812 3985 872 4036 est!
917 3981 994 4036 Voce
1012 3981 1095 4050 igitur
1112 3982 1242 4048 ducente,
1261 3995 1424 4052 peruentum

280 4072 324 4118 est
348 4062 385 4117 ab
406 4062 536 4118 omnibus
555 4063 593 4118 ad
613 4063 707 4117 locum
728 4063 775 4119 vbi
793 4063 887 4134 capud
904 4063 1113 4118 sanctissimum
1131 4063 1221 4118 lucrat
1238 4065 1422 4122 mennam:

280 4145 361 4200 arida
383 4145 481 4214 lingua
504 4145 565 4200 visa
585 4155 627 4200 est
651 4145 788 4216 palpitare
807 4157 835 4202 et
854 4145 1055 4216 intelligibilem
1075 4147 1196 4201 lormare
1219 4148 1422 4203 vocem—itlius

280 4227 394 4297 quidem
407 4227 512 4296 agitata
524 4227 624 4283 virtute
632 4229 679 4299 qui
691 4231 814 4284 humana
823 4228 909 4284 verba
918 4229 1048 4284 formauit
1061 4227 1089 4282 in
1099 4245 1148 4284 ore
1159 4227 1239 4283 asine
1251 4239 1281 4283 vt
1293 4231 1422 4301 prophete

281 4309 424 4365 vesaniam
449 4309 613 4381 increparet.
650 4313 699 4368 Set
723 4321 752 4368 et
780 4312 835 4368 hoc
858 4309 1023 4366 miraculum
1051 4311 1106 4366 alio
1132 4311 1246 4368 fulcitur
1273 4312 1420 4370 mirando:
