3044 4894
293 309 368 401 bt
392 306 557 396 &antu
582 306 754 409 horunc
780 306 971 408 mirram.
1189 329 1231 402 51

91 510 167 567 lacto
185 509 313 578 lesisset,
326 509 447 568 veniam
463 517 568 582 petere
586 507 782 576 meminisset,
801 517 839 576 et,
852 509 921 580 quia
939 526 1009 565 suos
1027 526 1102 581 sepe
1121 507 1236 564 animos

90 599 196 656 acerbe
218 607 412 671 prouocasset
431 597 500 670 qui¹
520 595 682 670 spiritualis
698 604 784 668 pater
800 604 830 654 et
849 596 962 668 primas
980 596 1045 652 eius
1064 597 1236 663 haberetur,

90 686 207 742 cordis¹
228 686 371 759 penitudo
388 684 537 757 venieque
561 683 730 741 necessaria
750 682 902 740 videretur
924 683 1100 756 postulatio;
1129 683 1169 740 ita
1191 700 1238 739 re·

91 772 225 844 spondit:
235 777 242 803 ‘
251 773 340 842 Sane,
350 774 422 829 dum
433 770 613 828 conscientie
621 780 723 828 nostre
733 771 833 827 abdita
841 789 959 844 queque
967 759 1098 841 reuolin,
1107 771 1176 844 quia
1182 787 1238 827 vos

91 877 164 932 sepe
170 861 209 915 ad
218 859 511 932 irasprouocauerim
520 858 675 915 euidenter
683 858 812 915 inuenio.
826 858 912 929 Quod
921 859 1238 932 tamenindepeniten·
1253 875 1267 925 5

92 947 163 1002 dum
172 947 246 1003 mihi
256 947 294 1004 sit
303 965 363 1003 non
373 948 537 1020 perpendo,
543 947 598 1002 sed
604 945 673 1019 quia
683 945 786 1019 sepius
795 956 825 1002 et
832 946 991 1004 instantius
1003 947 1058 1004 hoc
1066 947 1166 1020 ipsum
1177 964 1238 1002 non

92 1033 204 1106 egerim
217 1034 290 1090 mihi
302 1035 464 1091 dolendum
480 1032 549 1090 scio.
587 1033 648 1090 Sed
661 1042 692 1090 et
704 1033 837 1090 crebrius
853 1034 949 1106 solito,
962 1035 987 1092 si
1000 1035 1109 1092 diutius
1128 1033 1240 1108 [uobis-

92 1121 171 1192 cum]
180 1121 192 1153 ⁸
202 1121 263 1178 vita
279 1123 415 1179 ducenda
431 1129 565 1190 restaret,
578 1120 708 1193 idipsum
726 1139 775 1178 me
790 1121 946 1192 iacturum,
959 1124 1015 1179 sub
1029 1122 1121 1180 oculis
1132 1131 1240 1179 cuncta

92 1207 277 1282 inspicientis
297 1209 346 1266 dei
367 1208 539 1265 firmissime
558 1225 703 1281 propono.
741 1207 865 1264 Memini
890 1227 1019 1282 namque
1039 1210 1108 1284 quia
1131 1228 1166 1267 ea
1181 1227 1240 1282 que

91 1305 191 1354 tacere
210 1315 270 1353 non
289 1296 469 1364 debuissem,
490 1295 653 1369 [queque]⁴
668 1313 686 1352 a
709 1295 794 1352 vobis
811 1297 837 1352 si
854 1296 1024 1354 dicerentur
1042 1297 1241 1371 equanimiter
1258 1314 1287 1350 10

92 1383 172 1440 n0n⁶
190 1383 372 1454 audirentur,
391 1401 464 1456 sepe
483 1382 631 1455 ignauiter
650 1383 815 1454 suppressi,
841 1384 942 1457 sicque
967 1386 1119 1442 uestram⁰
1140 1384 1240 1458 potius

91 1488 182 1542 quam
195 1470 290 1544 patris
303 1470 395 1544 quiin
408 1471 479 1528 celis
489 1478 535 1527 est
549 1470 695 1527 offensam
708 1471 873 1528 declinam?
912 1461 1000 1530 Dixit
1014 1483 1114 1530 autern
1126 1473 1172 1530 vir
1184 1472 1241 1530 iste

92 1557 171 1616 inter
183 1567 301 1616 cetera:
321 1558 422 1630 ‘Odio,
436 1557 539 1631 inquit,
556 1576 610 1616 seu
630 1575 742 1628 amore,
756 1559 840 1615 siue⁷
854 1577 909 1632 spe
922 1561 969 1617 vel
983 1561 1088 1618 timore
1107 1578 1241 1634 persone

92 1657 141 1704 aut
154 1646 199 1703 rei
211 1646 413 1718 cuiuscunque
424 1663 578 1719 nunquam
589 1645 738 1703 averitate
751 1645 849 1703 iudicii
857 1665 906 1704 me
914 1648 1045 1705 scienter
1054 1647 1241 1705 exorbitasse

93 1733 233 1804 memini3
253 1733 279 1790 si
290 1733 447 1791 iudicando
456 1733 574 1790 deuiaui
587 1750 605 1790 a
617 1744 707 1803 recto,
716 1733 771 1790 hoc
782 1734 903 1806 proprie
913 1735 1090 1808 ignorantie,
1101 1744 1150 1792 aut
1160 1743 1241 1791 certe
1258 1749 1287 1800 1⁵

91 1821 299 1892 assidentium,
312 1821 426 1878 crimen
444 1821 514 1878 suit!
585 1809 682 1878 Anno
701 1831 802 1877 autem
818 1822 931 1878 domini
950 1823 1108 1880 millesimo
1130 1824 1242 1878 ducen-

92 1911 201 1966 tesimo
220 1917 315 1980 sexto,
337 1909 367 1966 in
387 1909 499 1965 octauis
521 1908 599 1966 beati
620 1907 749 1978 Martini,
765 1918 887 1966 sanctus
904 1909 1004 1981 Hugo,
1024 1911 1134 1982 plenus
1154 1908 1241 1964 bonis

92 1997 235 2070 operibus
248 1995 385 2070 migrauit
394 1998 433 2052 ad
443 1995 606 2053 dominum.
645 1995 759 2052 Etcum
776 1998 814 2053 de
828 1995 991 2054 Londoniis
1004 1999 1042 2054 ad
1056 1995 1241 2053 Lincolniam

91 2101 203 2158 corpus
214 2094 351 2141 sanctum
360 2083 534 2154 deferretur,
544 2083 575 2139 in
586 2083 724 2140 manibus
737 2100 900 2156 puerorum
912 2084 992 2140 cerei
1001 2093 1129 2158 quatuor
1138 2083 1244 2156 iugiter

92 2174 250 2239 ardebant,
264 2189 338 2244 quos
358 2189 414 2228 nec
430 2181 588 2228 ventorum
603 2171 766 2244 spiramina
779 2188 835 2228 nec
847 2171 998 2244 ymbrium
1011 2171 1156 2230 stillicidia
1168 2172 1243 2227 ulla·
1260 2186 1291 2221 20

91 2259 204 2316 tenus⁸
223 2259 399 2332 extinguere
418 2259 566 2315 valebant.
640 2247 724 2317 Cum
743 2268 843 2315 autem
862 2261 941 2332 apud
963 2259 1172 2316 Bikeleswade
1191 2260 1245 2316 de·

92 2347 244 2416 uenirent,
265 2355 295 2404 et
315 2347 346 2402 in
367 2345 493 2403 ecelesia
514 2363 570 2418 per
594 2355 712 2403 noctem
735 2346 817 2402 illam
837 2356 975 2404 sanctum
997 2365 1107 2420 corpus
1128 2364 1245 2420 ponere

91 2435 216 2501 vellent,
238 2433 269 2490 in
294 2434 417 2490 introitu
442 2432 568 2490 ecclesie
588 2434 674 2489 turba
694 2433 913 2507 comprimente
938 2435 1093 2492 brachium
1112 2434 1245 2492 hominis

93 2521 255 2578 cuiusdam
279 2521 464 2576 confractum
489 2529 543 2577 est.
581 2520 639 2590 Qui
664 2522 702 2577 ad
724 2522 846 2578 domum
872 2523 998 2592 delatus,
1020 2531 1049 2579 et
1071 2524 1194 2579 demum
1214 2522 1246 2578 in

92 2625 240 2681 soporem
252 2617 375 2665 tenuem
389 2608 547 2675 resolutus,
559 2607 633 2664 vidit
646 2609 822 2682 episcopum
833 2610 988 2666 brachium
1007 2628 1094 2667 suum
1108 2609 1246 2666 manibus
1261 2624 1291 2674 ²5

93 2703 344 2764 contrectantem,
361 2703 391 2750 et
411 2703 481 2768 post
502 2695 664 2768 paululum,
682 2697 751 2752 data
776 2696 993 2766 benedictione,
1014 2698 1051 2753 ab
1074 2697 1141 2770 ipso
1163 2715 1246 2754 rece-

90 2783 230 2841 dentem.
268 2781 422 2855 Euigilans
435 2792 534 2839 autem
547 2782 593 2838 vir
605 2783 655 2838 ille
667 2782 823 2839 brachium
836 2783 958 2839 omnino
971 2793 1108 2840 sanatum
1123 2784 1248 2840 inuenit.

93 2861 198 2944 Apud
212 2869 380 2927 Stanlord'⁹
392 2887 510 2943 quoque
521 2869 533 2901 ⁴
543 2869 590 2927 vir
598 2869 719 2942 quidam
726 2870 786 2928 vite
796 2871 965 2928 innocentis
978 2870 1125 2944 bonisque
1141 2871 1248 2928 studiis

93 2961 230 3028 dedituS,
242 2967 307 3016 arte
325 2958 439 3014 sutoria
458 2957 514 3014 sibi
534 2966 563 3014 et
582 2956 694 3013 familie
713 2975 767 3014 sue
784 2957 897 3014 victum
914 2977 1064 3032 querens3
1085 2958 1132 3015 hic
1151 2959 1249 3032 capite

91 3049 153 3104 sub
176 3047 290 3104 feretro
314 3045 467 3113 immerso,
489 3043 583 3101 oculis
604 3061 639 3101 ac
661 3045 800 3102 manibus
822 3045 852 3100 in
874 3046 971 3102 celum
991 3045 1100 3102 erectis
1119 3046 1149 3100 in
1169 3046 1248 3101 hunc
1263 3059 1295 3109 30

91 3136 225 3192 modum
238 3149 325 3189 orare
337 3132 434 3205 cepit:
456 3131 589 3188 ‘Gratias
601 3131 653 3188 tibi
667 3149 731 3205 ago,
745 3140 832 3204 pater
846 3133 1118 3190 misericordiarum
1131 3141 1160 3190 et
1173 3134 1249 3189 deus

89 3223 190 3279 totius
203 3219 425 3288 consolationis,
439 3219 509 3292 quia
516 3219 658 3276 misertus
669 3237 703 3276 es
712 3219 770 3276 mei
780 3228 809 3276 et
819 3219 862 3293 [in
875 3220 1021 3293 tantum]⁴
1034 3220 1203 3276 consolatus
1215 3237 1249 3276 es

90 3325 144 3367 me
152 3307 224 3378 vt¹⁰‚
232 3310 312 3381 quod
321 3308 352 3365 in
363 3307 419 3364 hoc
427 3309 540 3363 mundo
550 3324 642 3380 super
650 3307 750 3363 omnia
759 3307 1050 3381 concupiui,corpori
1061 3306 1250 3364 sanctissimo

89 3397 179 3456 serui
193 3395 238 3452 tui
249 3413 359 3469 corpus
376 3412 477 3451 meum
491 3403 533 3450 tot
546 3394 677 3467 peccatis
687 3394 851 3451 obnoxium
864 3395 1030 3469 quiuissem
1043 3395 1207 3468 adiungere
1220 3403 1250 3452 et

90 3489 120 3544 ei
130 3487 188 3561 qui
197 3484 329 3542 fideliter
338 3485 391 3541 tibi
404 3483 530 3541 seruiuit
542 3483 722 3540 meruissem
735 3482 955 3557 approximare.
993 3483 1148 3556 Deprecor
1161 3482 1251 3556 igitur
1265 3502 1296 3552 35

89 3586 131 3645 te,
140 3573 343 3646 omnipotens
355 3574 440 3640 deus,
452 3581 484 3628 vt
496 3571 528 3627 in
541 3571 597 3628 hac
613 3581 700 3628 nocte
711 3572 841 3628 animam
858 3588 959 3628 meam
971 3589 1039 3627 cum
1052 3571 1152 3628 anima
1165 3571 1251 3628 istius

89 3662 196 3721 sancti
210 3660 244 3716 in
256 3659 360 3732 requie
375 3658 513 3732 perenni,
525 3657 576 3715 vbi
594 3675 661 3715 eam
680 3676 749 3715 esse
767 3677 828 3715 non
846 3659 956 3726 dubito,
970 3658 1076 3715 iubeas
1096 3657 1250 3715 collocari!

90 3753 160 3808 Nec
189 3764 286 3817 mora,
306 3747 344 3802 ad
369 3748 492 3803 domum
518 3745 613 3816 rediit,
637 3745 858 3804 consessionem
879 3755 909 3803 et
939 3755 1155 3804 testamentum
1173 3745 1252 3816 fecit,

89 3834 315 3898 eucharistiam
328 3832 459 3906 recepit:
480 3841 509 3889 et
518 3851 589 3889 mox
599 3833 739 3906 spiritum
746 3833 777 3889 in
788 3851 862 3905 pace
874 3833 981 3890 emisit.
1055 3821 1139 3893 Cum
1152 3840 1253 3889 autern

88 3929 122 3986 in
138 3921 278 3984 ecclesia
292 3919 480 3978 lincolniensi
493 3937 602 3994 corpus
621 3929 757 3978 sanctum
776 3929 940 3993 poneretur
949 3921 978 3988 ¹¹,
998 3921 1105 3977 mulier
1124 3920 1252 3992 quedam
1267 3937 1300 3986 40

88 4013 205 4074 multis
229 4009 319 4066 annis
341 4007 465 4066 cecitate
485 4025 637 4081 percussa,
650 4007 804 4065 oculorum
824 4009 926 4064 lumen
947 4016 1026 4063 tacto
1045 4007 1110 4064 eius
1127 4001 1260 4080 corpore

88 4119 186 4165 sacro
199 4095 338 4174 perfecte
350 4104 536 4169 consequuta
549 4105 602 4152 est.
649 4083 737 4152 Dum
751 4095 832 4152 enim
845 4105 983 4152 matrona
995 4096 1125 4167 quedam
1140 4095 1224 4151 iuxta
1233 4093 1255 4128 ¹²

123 4249 190 4299 ιΕ.
204 4251 244 4302 et,
256 4244 285 4293 T.
297 4243 363 4338 quia
396 4241 473 4292 ’Via
484 4243 553 4291 unde
565 4258 587 4292 c.
620 4241 697 4292 ³orn.
711 4241 736 4290 in
750 4242 779 4293 E.
811 4241 888 4293 *orn
921 4241 1164 4292 “Kanobisnon
1198 4239 1255 4294 ⁸E.

88 4323 228 4371 nostram·
335 4308 443 4360 lisine.
535 4307 760 4360 'boullatenun
842 4307 1046 4360 ⁰T.Stamsord.
1112 4309 1131 4340 ¹⁰
1147 4307 1208 4360 Ta.
1221 4316 1256 4361 et.

88 4387 110 4417 ¹¹
122 4384 156 4434 Ε.
169 4382 330 4445 punctetur.
395 4373 414 4403 ¹¹
431 4374 460 4426 Ε.
475 4373 583 4426 iuxtum.
