3044 4894
423 299 686 401 massueto
711 301 895 406 branta
1186 319 1231 398 25

86 507 227 565 Monachi
240 507 322 565 enim
334 505 373 565 de
384 505 594 581 Tynemutha¹
608 507 726 563 eumad
739 505 948 579 sepeliendum
961 519 1071 578 corpus
1085 502 1150 560 eius
1163 519 1234 559 con·

85 591 209 665 gregati,
233 593 272 649 ad
296 591 513 649 monasterium
538 607 627 648 suurn
655 589 818 646 transferre
847 597 1037 663 temptarent,
1062 585 1234 661 parochiani

86 675 176 732 vicini
187 685 304 732 tantum
323 675 460 732 amittere
473 675 648 731 thesaurum
663 673 868 743 formidantes,
881 679 1061 746 congregata
1073 669 1233 727 multorum

86 764 173 837 copia
185 763 246 820 vim
260 763 464 821 deferentibus
476 761 597 832 inferre,
610 771 640 820 et
656 761 687 818 in
703 778 758 818 sua
769 760 895 818 ecclesia
908 777 1030 817 seruum
1044 759 1092 816 dei
1106 758 1235 830 sepelire

87 851 160 908 inito
179 851 303 908 consilio
321 850 500 907 nitebantur.
538 849 577 906 Et
596 867 666 906 ecce
685 865 769 906 mare
788 847 958 921 spaciosum
978 847 1118 903 nebulam
1137 845 1263 912 subitos

86 955 265 1012 euaporans,
289 939 411 996 umbras
435 937 601 1011 palpabiles
626 945 655 994 et
679 937 820 993 tenebras
841 936 996 1004 inducens,
1021 942 1235 1006 congregatum

87 1026 232 1098 populum
256 1043 312 1099 per
336 1025 418 1082 inuia
441 1041 501 1098 quo
525 1023 699 1081 nesciebant
723 1023 864 1080 oberrare
889 1022 994 1095 coegit.
1043 1021 1180 1094 Cumque
1204 1019 1235 1075 in

86 1114 216 1186 quadam
239 1113 365 1170 ecclesia
383 1129 452 1169 curn
476 1129 601 1184 corpore
623 1110 705 1168 serui
724 1110 773 1166 dei
797 1109 939 1166 excubias
963 1109 1157 1172 celebrarent,
1183 1124 1236 1180 ap

86 1217 200 1274 parens
219 1200 265 1257 vir
290 1201 339 1257 dei
363 1200 394 1256 in
419 1199 564 1273 sompnis,
585 1207 617 1256 vt
638 1198 669 1254 in
691 1215 799 1255 aurora
820 1215 889 1255 cum
914 1214 1040 1270 corpore
1066 1195 1236 1252 festinatam

87 1297 215 1361 propter
232 1289 378 1361 populum
397 1287 663 1360 superuenientem
683 1285 851 1358 arriperent
869 1284 978 1358 fugam,
997 1283 1116 1341 cuidam
1136 1283 1236 1340 admo·
1252 1296 1283 1339 ro

87 1376 161 1433 nuit.
198 1376 265 1446 Quo
284 1376 371 1446 facto,
390 1392 459 1432 curn
484 1392 594 1447 magno
619 1374 734 1430 honore
756 1390 817 1429 non
841 1374 930 1446 longe
952 1391 970 1428 a
994 1389 1119 1444 corpore
1141 1370 1237 1428 sancti

87 1463 205 1520 Oswini
224 1463 304 1536 regis
323 1473 353 1520 et
370 1463 522 1536 martyris,
534 1477 643 1519 versus
656 1461 812 1518 meridiem
831 1460 861 1516 in
874 1462 967 1517 latere
980 1459 1104 1532 parietis
1116 1467 1237 1516 arcuato

86 1550 241 1625 sepelitur.
323 1539 460 1622 Contigit
484 1549 566 1606 enirn
591 1550 689 1606 adhuc
714 1549 835 1606 uiuente
861 1565 951 1605 seruo
975 1547 1024 1604 dei
1048 1548 1236 1603 sacerdotem

87 1640 241 1712 quendam
259 1638 433 1695 infirmitate
455 1637 586 1694 maxima
607 1638 796 1709 depressum,
819 1635 905 1709 quasi
925 1637 963 1692 ad
985 1644 1154 1692 extremum
1176 1633 1238 1690 vite

87 1725 229 1799 spiritum
247 1725 363 1783 deduci.
400 1725 537 1798 Cumque
555 1725 636 1780 velut
654 1723 802 1781 exanimis
820 1723 1021 1791 decumberet,
1034 1721 1108 1779 vidit
1123 1723 1170 1778 vir
1189 1721 1236 1778 dei
1252 1741 1282 1792 15

86 1813 287 1886 malignorum
306 1813 464 1885 spirituum
483 1820 634 1869 cateruam
655 1819 778 1884 aspectu
801 1810 982 1877 horribilem,
1002 1810 1039 1865 ad
1061 1808 1237 1882 rapiendam

86 1901 253 1958 sacerdotis
270 1903 401 1958 animam
416 1909 559 1973 paratam,
572 1907 664 1956 totam
681 1899 812 1969 domum,
826 1898 857 1953 in
870 1915 929 1969 qua
945 1896 1102 1969 languidus
1113 1897 1238 1965 iacebat,

86 1989 365 2046 circumuolantem.
403 1987 440 2044 Et
453 2005 606 2060 exurgens
621 2004 639 2043 a
656 1987 730 2043 cella
743 2003 806 2054 sua,
819 1985 935 2042 concito
950 1985 1044 2058 gradu
1060 1985 1097 2040 ad
1114 1983 1237 2039 domum

86 2077 202 2134 infirmi
231 2075 411 2151 properauit.
459 2075 680 2149 Aspiciensque
709 2090 821 2131 cuneos
850 2073 1018 2146 spirituum,
1043 2070 1238 2144 interrogauit

86 2182 141 2222 eos
161 2181 217 2220 cur
234 2165 277 2221 sic
296 2163 421 2237 pessimi
440 2163 660 2220 conuenissent
699 2160 745 2218 Illi
757 2178 830 2218 vero
846 2159 937 2216 nimis
954 2159 1091 2232 improbe
1110 2175 1237 2231 respon·
1254 2181 1285 2216 πο

87 2253 198 2309 dentes
210 2251 368 2308 dixerunt:
389 2250 445 2307 ‘Vt
457 2249 588 2307 animam
606 2249 702 2317 huius,
715 2248 766 2323 qui
779 2249 924 2305 hactenus
937 2263 1029 2321 opera
1041 2247 1145 2302 mortis
1158 2263 1239 2302 com·

86 2339 192 2412 pleuit,
205 2339 361 2396 nobiscum
374 2339 453 2394 illico
465 2337 503 2394 ad
514 2337 667 2394 infernum
683 2337 851 2410 rapiamus!
888 2335 974 2392 Tunc
989 2351 1096 2392 seruus
1114 2333 1163 2391 dei
1181 2333 1239 2390 illis

87 2429 118 2484 in
131 2427 244 2484 virtute
263 2434 367 2482 sancte
385 2425 524 2482 trinitatis
543 2424 685 2498 precepit,
698 2433 730 2481 vt
747 2440 837 2497 opera
854 2441 909 2480 sua
925 2422 1054 2479 iehenne
1073 2422 1163 2494 digna
1182 2420 1239 2478 sibi

87 2514 223 2572 seriatim
247 2531 401 2587 exponere
425 2521 618 2569 maturarent.
662 2511 721 2582 Qui
747 2511 866 2568 horride
891 2511 1121 2580 conclamantes,
1146 2508 1240 2564 multa

87 2603 224 2660 facinora
240 2610 269 2658 et
286 2600 515 2657 innumerabilia
532 2600 646 2671 delicta,
659 2617 729 2656 eum
747 2608 932 2667 accusantes,
945 2597 975 2654 in
992 2597 1124 2654 medium
1138 2606 1239 2669 protu-
1255 2616 1285 2668 ²5

87 2690 200 2748 lerunt
236 2687 290 2744 Vir
302 2697 403 2745 autem
415 2688 464 2746 dei
477 2705 553 2761 opus
565 2689 716 2761 quoddam
728 2687 853 2756 virtutis,
866 2687 946 2759 quod
958 2685 1097 2741 infirmus
1109 2686 1240 2758 quando·

86 2795 147 2850 que
166 2784 281 2849 egerat,
294 2775 445 2846 obiiciens,
458 2793 518 2848 que
534 2776 679 2833 demones
696 2775 975 2848 improperauerant
987 2773 1017 2829 in
1031 2780 1143 2830 statera
1155 2771 1242 2828 iussit

86 2863 270 2938 ponderari:
297 2865 470 2936 bonumque
489 2863 561 2919 illud
577 2862 719 2936 exiguum
736 2863 875 2919 omnibus
892 2860 1015 2918 obiectis
1031 2859 1118 2916 malis
1136 2859 1166 2915 in
1186 2859 1242 2915 im·

88 2967 233 3010 mensum
257 2952 326 3024 plus
347 2950 378 3006 in
403 2959 515 3008 statera
537 2951 723 3024 ponderauit.
773 2949 927 3007 Demones
951 2955 1051 3005 autem
1075 2945 1241 3020 perturbati

88 3040 180 3097 nimis
198 3048 230 3096 et
251 3056 306 3112 per
327 3039 433 3096 merita
452 3039 533 3096 serui
553 3038 603 3095 dei
622 3037 707 3111 quasi
728 3037 852 3108 confusi,
873 3035 956 3093 velut
974 3052 1077 3092 musce
1097 3051 1153 3108 per
1171 3051 1242 3091 aera
1255 3053 1287 3101 30

87 3135 288 3186 euanuerunt.
326 3126 454 3200 Egrotus
466 3143 538 3184 vero
555 3127 613 3182 cito
627 3126 850 3196 conualescens,
864 3124 1040 3180 miraculum
1053 3122 1162 3195 vbique
1175 3139 1242 3194 pro*

87 3215 210 3289 palauit,
221 3224 251 3271 et
260 3215 351 3271 vitam
364 3231 450 3270 suam
462 3213 494 3269 in
507 3213 614 3270 melius
626 3213 804 3284 reformans,
814 3212 845 3269 in
858 3212 964 3268 timore
976 3210 1089 3266 domini
1102 3209 1241 3282 spiritum

88 3304 198 3362 emisit.
258 3291 453 3378 Quibusdam
465 3301 497 3358 in
510 3301 586 3358 mari
599 3301 817 3373 nauigantibus,
830 3309 859 3358 et
873 3299 951 3356 aeris
964 3298 1122 3370 ingruente
1134 3297 1242 3354 intern-

88 3391 182 3464 peric,
197 3390 319 3463 equoris
331 3391 411 3447 vnda
423 3389 463 3446 ita
476 3399 625 3446 commota
637 3397 692 3458 est,
702 3398 733 3445 vt
746 3388 886 3444 omnibus
899 3395 1026 3443 mortem
1039 3387 1138 3458 potius
1151 3402 1242 3458 quam

87 3479 180 3536 vitam
205 3478 380 3535 minaretur.
424 3476 507 3534 Inter
531 3494 608 3550 quos
632 3475 753 3549 quidam
778 3474 843 3532 viro
867 3475 916 3530 dei
936 3472 1069 3529 Henrico
1090 3473 1242 3546 quondam
1256 3487 1287 3539 35

88 3565 247 3624 lanuliaris
267 3574 297 3622 et
316 3565 402 3621 valde
422 3564 560 3635 dilectus,
579 3563 696 3621 deuotis
715 3562 895 3620 clamoribus
914 3560 993 3633 cepit
1012 3577 1081 3617 eum
1103 3560 1242 3616 inuocare

89 3655 213 3712 dicens:
248 3651 292 3710 ‘0
311 3653 432 3709 domine
450 3652 500 3720 mi,
522 3651 632 3708 famule
654 3650 774 3721 Christi,
792 3650 823 3706 in
846 3649 929 3706 cuius
948 3647 1113 3705 ministerio
1135 3645 1243 3704 totiens

89 3739 248 3811 desudaui,
267 3741 298 3796 in
317 3749 397 3797 tanto
417 3739 521 3796 mortis
539 3737 672 3811 periculo
689 3737 780 3794 michi
797 3737 959 3794 subuenire
975 3753 1014 3792 ne
1032 3735 1168 3791 differas.²
1206 3734 1245 3790 Et

89 3847 160 3888 ecce
177 3843 252 3886 mox
270 3827 417 3885 assistens
435 3827 471 3896 ei,
489 3826 520 3883 in
539 3827 595 3883 hec
613 3827 704 3883 verba
722 3841 924 3899 prorumpens
942 3823 1034 3880 dixit:
1055 3822 1193 3878 ‘Reuera
1211 3829 1243 3877 tu

89 3915 181 3974 michi
189 3916 342 3973 adherens
353 3916 504 3989 quondam
512 3913 648 3987 placuisti
661 3912 847 3970 familiariter
856 3912 1050 3984 obsequendo
1063 3929 1070 3980 ς
1085 3907 1243 3982 impetraui
1256 3926 1289 3976 40

90 4022 163 4078 ergo
176 4005 216 4061 ab
229 4021 266 4060 eo
280 4003 330 4076 qui
338 4002 435 4060 ventis
446 4001 575 4075 imperat
586 4010 616 4058 et
629 4001 802 4072 mari,tuam
812 3999 900 4072 etqui
910 4007 1009 4056 tecum
1020 4005 1090 4054 sunt
1099 3995 1243 4053 salutem?

91 4093 265 4166 Sedatoque
278 4090 362 4161 mari,
375 4092 413 4148 ad
426 4099 545 4164 portum
558 4098 690 4164 optatum
702 4104 849 4162 prospere
862 4093 1074 4160 peruenerunt.
1163 4071 1244 4142 Cor·

91 4189 196 4255 reptus
215 4187 262 4238 est
280 4179 327 4236 vir
346 4179 466 4252 quidam
485 4179 524 4235 ab
542 4195 579 4234 eo
597 4177 667 4251 quia
685 4173 933 4250 quadragesimali
952 4182 1090 4245 tempore
1109 4171 1243 4229 debiturn

561 4356 570 4388 ¹
587 4355 616 4408 T.
627 4357 778 4408 unemutha
