3012 4898
397 314 472 409 Bt
495 312 659 403 &anau
685 312 885 416 baama
1142 319 1213 408 289

45 534 127 575 cum
149 533 260 589 magno
277 515 392 573 honore
409 525 439 574 et
457 505 707 592 gloria—Que
725 526 825 576 autem
842 517 967 576 inferius
984 517 1119 592 digesta¹
1132 525 1212 588 sunt,

45 605 142 679 apud
162 603 350 662 Glastoniam
371 622 409 660 ex
431 604 515 661 libris
534 606 708 662 monasterii
728 605 809 662 illius
829 606 985 680 excerpsi;
1011 624 1069 680 que
1089 605 1114 662 si
1135 605 1213 663 veri·

45 703 154 750 tatem
168 691 296 765 sapiant,
311 691 431 749 lectoris
443 692 566 750 arbitrio
579 694 724 766 relinquo.
788 682 861 751 'Ex
874 712 933 767 quo
946 693 1028 750 enim
1041 693 1167 767 apostoli
1181 693 1212 748 in

46 781 204 853 regiones
217 779 356 836 diuersas
371 789 457 836 erant
475 780 563 837 diuisi
582 783 620 838 ad
638 781 854 854 predicandum
867 782 993 839 verbum
1006 781 1076 851 vite,
1090 789 1213 838 sanctus

48 869 224 941 Philippus
245 868 400 940 apostolus
421 867 578 940 regionem
599 869 623 925 F
624 868 725 926 rancie
744 887 812 926 cum
831 869 895 926 suis
913 868 1068 942 discipulis
1090 867 1243 938 sortitus5

46 965 123 1014 est:
146 957 186 1012 de
205 955 315 1027 quibus
332 955 413 1011 misit
431 955 461 1012 in
482 955 668 1012 Britanniam
688 957 857 1027 duodecim,
870 973 998 1030 quorum
1015 956 1131 1029 primus
1150 965 1215 1012 erat

48 1043 176 1116 loseph
189 1042 227 1100 ab
240 1042 407 1098 Arimathia
420 1043 471 1116 qui
485 1051 514 1099 et
526 1043 681 1099 dominum
694 1043 843 1116 sepeliuit,
856 1061 936 1100 anno
955 1044 993 1100 ab
1010 1042 1215 1100 incarnatione

47 1129 179 1188 domini
198 1129 389 1202 sexagesimo
408 1130 504 1196 tertio,
523 1140 552 1188 et
571 1132 609 1187 ab
627 1131 835 1204 assumptione
855 1139 959 1188 sancte
980 1130 1075 1188 Mario
1097 1130 1215 1204 quinto·

48 1220 201 1275 decimo:
230 1217 340 1290 quibus
364 1217 522 1274 duodecim
548 1217 617 1274 hide
641 1219 679 1275 ab
702 1219 861 1292 Aruirago,
883 1219 1037 1292 paganicis
1062 1219 1214 1276 erroribus

49 1307 200 1378 decepto,
219 1321 363 1362 concesse
382 1313 475 1362 erant
513 1305 572 1374 Qui
590 1305 703 1362 ibidem
723 1307 780 1362 deo
799 1306 978 1374 sentientes,
995 1323 1052 1379 per
1066 1305 1215 1364 Gabrielis
1233 1321 1262 1357 ιο

49 1391 238 1465 archangeli
254 1391 490 1449 admonitionem
509 1392 669 1450 ecclesiam
688 1393 720 1449 in
739 1394 854 1450 honore
873 1402 975 1450 sancte
994 1393 1044 1450 dei
1062 1393 1215 1466 genitricis

52 1479 161 1537 Marie
175 1487 418 1536 construxerunt.
456 1479 594 1552 Cumque
607 1480 700 1537 fidem
712 1480 823 1538 Christi
833 1491 1007 1537 constanter
1016 1481 1215 1554 predicarent,

50 1585 116 1625 rex
130 1568 279 1624 barbarus
292 1583 361 1622 cum
374 1576 465 1639 gente
476 1584 539 1637 sua,
548 1576 610 1624 tam
623 1585 702 1625 noua
715 1568 841 1624 audiens
853 1577 884 1624 et
898 1568 1082 1634 inconsueta,
1092 1568 1216 1625 omnino

51 1653 261 1727 predicationi
286 1671 391 1710 eorum
417 1654 587 1711 consentire
611 1657 767 1726 renuebat,
790 1673 846 1713 nec
872 1666 1014 1728 paternas
1039 1655 1216 1714 traditiones

51 1750 250 1798 commutare
268 1742 402 1811 volebat;
430 1741 500 1815 quia
518 1751 620 1799 tamen
639 1744 678 1800 de
698 1743 789 1816 longe
807 1752 963 1814 venerant,
981 1744 1019 1800 ad
1038 1743 1215 1816 petitionem
1230 1760 1259 1812 15

53 1847 170 1886 eorum
195 1829 346 1901 quandam
371 1829 500 1886 insulam
522 1830 607 1886 siluis
632 1831 854 1904 paludibusque
875 1831 1089 1888 circumdatam
1112 1833 1150 1888 ad
1170 1831 1215 1888 in-

54 1917 259 1974 habitandum
272 1918 429 1974 concessit
468 1917 541 1973 Erat
557 1917 639 1975 enim
656 1918 754 1991 porcio
772 1918 822 1975 illa
837 1919 995 1976 duodecim
1008 1919 1165 1977 hidarum:
1185 1927 1215 1977 et

54 2004 217 2078 quandam
234 2004 389 2077 capellam,
402 2013 434 2062 vt
453 2005 644 2079 premittitur,
657 2023 696 2063 ex
709 2006 803 2080 virgis
815 2006 960 2079 torquatis
973 2015 1215 2076 construxerunt,

54 2109 145 2149 anno
163 2101 233 2166 post
251 2091 424 2166 passionem
441 2093 556 2150 domini
573 2095 831 2167 tricesimoprimo.
867 2093 985 2166 Vigiliis
1001 2111 1082 2166 ergo,
1094 2092 1215 2150 ieiuniis

55 2190 89 2238 et
110 2180 300 2238 orationibus
317 2190 467 2252 vacantes,
480 2181 511 2237 in
529 2183 637 2239 eadem
656 2183 781 2240 heremo
799 2192 868 2256 post
886 2184 1047 2260 multorum
1066 2199 1214 2240 annorum
1230 2198 1262 2234 ao

57 2267 212 2326 curricula
223 2285 242 2324 a
254 2267 353 2325 cantis
365 2270 516 2342 ergastulo
528 2269 628 2327 educti
643 2279 729 2329 sunt:
750 2281 779 2328 et
797 2271 877 2344 cepit
893 2271 977 2328 locus
996 2289 1065 2328 esse
1081 2271 1214 2327 serarum

57 2357 232 2426 latibulum,
245 2357 296 2430 qui
309 2356 394 2430 prius
411 2359 507 2415 suerat
526 2358 668 2414 habitatio
681 2367 862 2416 sanctorum.
901 2358 987 2415 Missi
1005 2368 1075 2416 sunt
1092 2360 1215 2417 tandem

56 2447 98 2501 ab
127 2443 301 2500 Eleutherio
326 2463 404 2517 papa
431 2446 469 2501 ad
496 2445 669 2502 instantiam
695 2445 780 2502 Lucii
804 2445 885 2519 regis
911 2445 1068 2503 Britonum
1093 2455 1215 2505 sanctus

59 2533 227 2606 Phaganus
251 2542 281 2589 et
307 2532 513 2590 Deruuianus:
542 2533 592 2606 qui
619 2550 723 2607 regem
749 2551 817 2590 cum
844 2551 899 2591 suo
924 2535 1035 2608 populo
1059 2535 1096 2590 ad
1122 2534 1215 2591 fidem

59 2629 281 2678 conuerterant
311 2639 392 2678 anno
421 2622 534 2678 domini
561 2622 726 2679 centesimo
750 2623 835 2678 lxvi0.
881 2621 1084 2695 Peragrantes
1114 2631 1214 2680 autem
1231 2639 1262 2691 ²⁵

61 2709 262 2780 Britanniam,
280 2710 318 2767 acl
337 2709 467 2766 insulam
483 2709 644 2766 Auallonie
663 2710 827 2783 predictam
846 2719 1070 2782 peruenerunt:
1090 2719 1121 2766 et
1139 2711 1215 2768 anti·

60 2815 158 2870 quam
177 2797 335 2854 ecclesiam
355 2799 494 2854 manibus
513 2796 727 2870 discipulorum
740 2796 852 2854 Christi
871 2805 1072 2854 constructam
1091 2797 1215 2855 iuuene·

59 2893 147 2942 runt.
186 2884 353 2942 Fluxerunt
377 2894 477 2942 autem
502 2885 573 2941 anni
597 2885 635 2941 ab
660 2886 792 2942 aduentu
815 2885 1028 2958 discipulorum
1052 2884 1164 2942 Christi
1185 2895 1215 2944 et

59 2971 162 3030 sancti
183 2971 314 3046 Philippi
336 2973 367 3029 in
387 2972 573 3030 Britanniam
594 2989 690 3045 vsque
711 2974 749 3029 ad
771 2982 892 3045 tempus
914 2973 1009 3029 sancti
1030 2973 1164 3046 Phagani
1185 2982 1215 3029 et

59 3061 179 3134 college
192 3060 238 3118 sui
251 3069 372 3117 centum
383 3069 412 3116 et
425 3069 488 3116 tres
500 3059 580 3116 anni.
618 3058 799 3117 Habitantes
812 3069 912 3116 autem
925 3060 966 3117 ibi
979 3059 1010 3116 in
1020 3059 1070 3117 dei
1083 3060 1215 3132 seruitio,
1230 3083 1263 3133 30

58 3167 103 3206 ex
131 3148 196 3206 suis
220 3147 310 3205 sociis
334 3149 491 3205 duodecim
519 3148 674 3221 elegerunt
702 3157 732 3204 et
763 3147 794 3203 in
818 3146 916 3204 insula
940 3147 998 3218 illa,
1023 3165 1096 3220 rege
1123 3147 1215 3206 Lucio

59 3236 196 3306 fauente,
220 3235 338 3294 edificia
363 3245 546 3305 construere,
572 3245 602 3293 et
625 3253 721 3308 vsque
752 3236 789 3292 ad
815 3235 908 3291 finem
932 3234 992 3292 vite
1017 3252 1215 3308 perseuerare

60 3325 208 3382 fecerunt
247 3322 353 3380 Dictus
374 3331 422 3380 est
443 3322 527 3380 locus
548 3323 597 3379 ille
618 3332 724 3396 postea
743 3340 761 3379 a
780 3324 909 3396 quodam
932 3323 997 3380 eius
1018 3323 1216 3381 inhabitatore

62 3411 239 3484 Glastcing;
258 3419 365 3484 postea
383 3410 481 3468 insula
500 3410 657 3481 Aualonie,
677 3410 695 3467 i.
714 3411 812 3466 insula
831 3427 999 3484 pomorum,
1017 3412 1215 3470 vocabatur-

61 3499 163 3558 aualla
180 3498 360 3568 Britannice,
373 3515 464 3571 poma
476 3497 577 3556 latine,
613 3498 752 3554 Tandem
771 3507 893 3555 sanctus
906 3498 1076 3556 Germanus
1095 3499 1215 3556 autisio-
1229 3519 1261 3570 35

61 3585 204 3644 dorensis
235 3593 372 3642 sanctum
404 3585 566 3642 Patricium
597 3586 635 3642 ad
666 3584 811 3642 familiare
841 3586 1069 3643 contubernium
1101 3587 1216 3654 asciuit,

62 3663 257 3747 eundemque
281 3681 350 3746 post
374 3673 487 3746 aliquot
510 3691 607 3730 annos
635 3673 897 3744 Hiberniensibus,
917 3674 1039 3731 iubente
1061 3674 1215 3732 Celestino

63 3780 154 3838 papa,
167 3761 387 3835 predicatorem
400 3761 490 3818 misit.
528 3760 586 3832 Qui
600 3760 786 3818 Glastoniam
799 3761 925 3818 veniens
937 3761 1094 3818 duodecim
1107 3761 1216 3819 iratres

64 3849 266 3910 anachoritice
278 3848 417 3906 uiuentes
430 3849 595 3922 reperiens,
604 3849 807 3922 congregauit,
816 3859 846 3906 ct
858 3849 952 3906 abbas
964 3865 1068 3906 eorum
1082 3849 1215 3917 effectus,

63 3940 158 3998 vitam
182 3936 369 3994 cenobialem
392 3955 445 3996 eos
467 3955 557 4010 agere
576 3937 685 4006 docuit,
708 3938 785 3995 sicut
806 3937 951 4010 scriptum
973 3937 1053 4010 quod
1073 3936 1140 4009 ipse
1161 3954 1215 3994 suo
1229 3955 1263 4006 40

64 4038 203 4099 tempore
225 4025 412 4098 conscripsit,
434 4025 622 4082 manifestius
642 4025 781 4092 declarat,
805 4026 837 4081 in
862 4043 921 4098 quo
946 4026 1025 4081 inter
1048 4033 1148 4082 cetera
1172 4024 1215 4082 sic

66 4115 211 4173 habetur:
242 4112 314 4169 ¹‘ln
339 4113 461 4170 nomine
485 4113 600 4170 domini
626 4113 721 4171 nostri
747 4113 817 4171 lesu
843 4113 953 4170 Christi
978 4129 1034 4185 ego
1060 4111 1216 4183 PatriciuS,

96 4247 104 4276 ¹
121 4247 151 4296 T.
163 4245 194 4296 E.
206 4246 323 4307 degesta.
374 4245 384 4274 ²
400 4245 440 4294 Ex
448 4245 518 4296 Will.
530 4245 616 4296 blalm.
628 4246 668 4295 De
676 4246 764 4308 Antiq.
774 4246 853 4296 Glast.
864 4245 925 4294 cccl.
937 4245 1058 4305 ed.Gale,
1068 4243 1116 4294 lll.
1125 4259 1150 4306 p.
1158 4260 1218 4307 292,

66 4314 115 4364 and
128 4313 185 4362 loh.
196 4312 312 4361 Glaston.
325 4311 463 4372 Chronica,
476 4313 516 4361 ed.
530 4312 646 4370 Hearne,
660 4327 684 4374 p.
698 4327 720 4361 1.
840 4309 850 4340 ¹
867 4311 1023 4361 'l'hcwhole
1035 4311 1217 4362 oluscula

66 4382 94 4432 S.
106 4379 208 4429 Patricii
220 4378 242 4426 is
255 4379 281 4426 in
292 4377 365 4428 will.
378 4377 464 4428 Malm.
476 4379 528 4426 and
542 4379 597 4428 lob.
609 4378 649 4427 Gl.
663 4393 689 4440 p.
701 4381 742 4439 63.

99 4491 164 4532 vol.
178 4491 210 4530 11.
636 4489 657 4530 U
