3044 4894
280 305 326 356 10
590 281 721 370 tauta
745 279 936 384 Mamm
959 279 1111 384 floria

275 481 415 554 ingentes
433 481 519 554 palos
536 499 576 540 ex
588 482 757 556 quercubus
776 482 914 540 maximis
928 483 993 541 lieri
1011 483 1154 556 precepit,
1167 491 1307 556 terreque
1321 479 1407 554 infigi
1420 501 1428 550 ;

275 577 387 625 terram
406 587 525 643 quoque
544 570 670 627 solidam
689 569 775 627 iussit
794 588 903 628 nouem
923 571 1087 628 miliaribus
1106 589 1161 644 per
1178 587 1288 644 aquam
1304 569 1428 626 afferri:

277 665 306 714 et
336 657 388 726 sic,
407 675 479 714 vsus
509 658 609 731 ligneo
640 657 842 728 fundamento,
862 659 1019 716 ecclesiam
1048 659 1167 731 incepit,
1187 667 1217 715 et
1243 665 1429 714 conuentum

278 745 492 802 monachorum
519 745 661 816 instituit;
690 745 847 818 locumque
870 746 1067 819 magnificans
1092 745 1253 812 beneficiis,
1272 743 1399 802 edificiis
1410 745 1430 813 ¹,

249 853 263 904 5
278 833 470 900 ornamentis,
483 851 578 906 vsque
597 834 635 888 ad
655 833 734 890 diem
755 834 853 890 obitus
873 834 920 890 sui
934 835 972 890 ab
990 833 1070 890 illius
1088 833 1204 890 cenobii
1221 831 1431 900 veneratione,

277 919 454 976 defensione
467 928 497 977 et
508 921 696 992 promotione
710 939 769 977 non
782 921 1001 978 cessauit—¹
1012 909 1147 980 Sanctus
1166 922 1247 977 enim
1261 919 1431 977 Guthlacus

277 1014 338 1061 tam
358 1006 513 1064 irremisso
526 1007 666 1064 famulatu
686 1009 743 1064 deo
764 1008 898 1079 seruiuit,
911 1008 961 1066 vt⁸
978 1025 1132 1082 nunquam
1151 1008 1181 1064 in
1198 1009 1277 1065 illius
1295 1023 1347 1064 ore
1368 1005 1431 1062 nisi

278 1093 425 1166 Christus,
439 1112 590 1168 nunquam
604 1095 634 1152 in
648 1095 727 1152 illius
740 1097 830 1152 corde
843 1096 900 1154 nisi
911 1097 1015 1170 pietas,
1028 1096 1100 1152 nihil
1114 1097 1144 1152 in
1164 1095 1242 1152 illius
1255 1095 1355 1151 animo
1367 1094 1431 1150 nisi

279 1181 416 1252 charitas,
440 1183 498 1239 nisi
529 1200 598 1255 pax,
624 1183 682 1240 nisi
713 1183 926 1252 misericordia,
952 1183 1008 1242 nisi
1040 1183 1223 1256 indulgentia
1253 1181 1432 1256 permansit.

235 1289 266 1326 10
280 1268 377 1325 Nemo
390 1287 521 1342 vnquam
534 1271 616 1328 illum
629 1272 703 1328 vidit
715 1270 833 1340 iratum,
846 1287 935 1327 nemo
949 1273 1123 1344 superbum,
1137 1287 1226 1328 nemo
1240 1277 1410 1328 merentem
1422 1291 1430 1338 ;

279 1357 333 1413 sed
341 1374 419 1413 vnus
432 1358 572 1431 idemque
581 1376 702 1432 semper
709 1375 899 1431 permanens
908 1359 1033 1416 letitiam
1043 1360 1074 1415 in
1085 1359 1176 1426 vultu,
1187 1359 1312 1431 gratiam
1321 1357 1350 1413 in
1363 1373 1432 1426 ore,

279 1445 458 1502 suauitatem
478 1445 508 1501 in
528 1455 638 1514 mente,
651 1447 843 1518 prudentiam
862 1446 893 1502 in
916 1455 1046 1519 pectore,
1065 1445 1264 1502 humilitatem
1284 1445 1315 1500 in
1336 1445 1432 1500 corde

278 1531 476 1604 preferebat⁴.
514 1533 697 1591 Potestatem
718 1543 817 1591 autem
836 1551 977 1606 magnam
999 1551 1092 1606 super
1113 1533 1285 1590 immundos
1304 1530 1434 1604 spiritus

279 1620 371 1676 adeo
391 1619 515 1693 accepit,
536 1623 611 1678 adeo
625 1630 657 1678 vt
679 1639 731 1678 eos
753 1621 871 1678 edificia
885 1631 1059 1678 construere
1077 1631 1207 1694 cogeret,
1226 1629 1256 1678 et
1275 1619 1432 1693 quendam

237 1731 246 1766 ι
251 1731 265 1782 5
279 1705 417 1779 spiritum
432 1708 462 1764 in
475 1709 533 1764 olla
546 1725 601 1765 sua
610 1709 753 1766 bulliente
766 1709 940 1767 includeret.
1013 1697 1177 1783 lQuadam
1190 1716 1290 1764 autern
1310 1706 1358 1762 die
1376 1723 1433 1778 ap-

280 1804 442 1867 paruerunt
463 1795 492 1852 ei
513 1795 643 1853 humano
664 1796 765 1852 habitu
785 1798 931 1854 demones
946 1798 1015 1864 duo,
1035 1797 1188 1853 dicentes:
1210 1795 1292 1851 ‘Nos
1309 1794 1433 1866 experti

279 1899 385 1940 sumus
404 1892 443 1954 te,
463 1893 493 1941 et
511 1884 581 1942 fidei
600 1894 650 1940 tue
669 1885 863 1942 valitudinem
882 1885 1092 1957 comperimus,
1110 1883 1433 1956 perseuerantiamque

279 1970 422 2042 patientie
445 1981 496 2028 tue
516 1972 721 2029 inuincibilem
740 1974 913 2045 probantes,
935 1972 1085 2028 variarum
1105 1971 1212 2027 artium
1232 1971 1379 2026 aduersus
1397 1978 1433 2026 te

279 2075 364 2114 arma
378 2060 566 2132 suscepimus
578 2080 585 2117 r
605 2070 764 2134 propterea
773 2061 824 2117 tibi
835 2060 978 2116 insultare
985 2059 1080 2117 vltra⁸
1092 2059 1240 2116 desistere
1252 2055 1409 2130 cogimur⁷
1422 2075 1431 2128 3

236 2169 267 2204 ιο
280 2155 310 2202 et
328 2164 388 2202 non
408 2147 503 2204 solum
523 2149 666 2220 propositi
689 2149 731 2205 tui
750 2148 815 2204 vias
833 2148 1023 2219 disrumpere
1044 2147 1209 2214 nolumust,
1228 2145 1283 2202 sed
1303 2153 1333 2202 te
1351 2144 1433 2200 anti-

280 2251 406 2306 quorum
430 2235 645 2292 heremitarum
663 2235 907 2292 conuersationes
930 2235 1112 2292 erudiemus.
1151 2233 1275 2306 Moyses
1297 2232 1378 2288 enim
1398 2243 1433 2289 et

282 2321 407 2395 Helyas,
421 2333 451 2380 et
471 2322 536 2395 ipse
557 2324 697 2391 saluator,
711 2323 808 2396 primo
830 2322 964 2380 omnium
984 2324 1022 2379 ad
1044 2321 1144 2378 ieiunii
1157 2321 1433 2394 fastigiaconscen·

281 2410 427 2467 deruntt:
448 2410 510 2467 Sed
532 2418 563 2466 et
583 2411 688 2467 famosi
710 2411 750 2467 illi
770 2410 907 2467 monachi
927 2411 1095 2466 habitantes
1116 2409 1277 2482 Egyptum,
1298 2408 1434 2466 humane

280 2496 461 2554 infirmitatis
473 2497 544 2554 vitia
556 2498 735 2555 abstinentie
749 2497 862 2556 framea
874 2498 1092 2554 interimebant
1131 2497 1168 2552 Et
1180 2496 1295 2565 iccirco,
1305 2495 1331 2552 si
1340 2503 1371 2550 tu
1381 2495 1433 2553 vis

237 2607 267 2658 ²5
281 2593 351 2642 ante
366 2585 527 2642 commissa
546 2585 670 2642 crimina
688 2587 820 2655 abluere,
832 2585 1018 2643 imminentia
1038 2603 1145 2641 necare
1155 2585 1192 2654 ¹⁰;
1212 2601 1333 2640 carnem
1346 2591 1433 2639 tuam

280 2673 461 2730 abstinentie
480 2673 605 2746 flagellis
623 2674 730 2746 afflige,
747 2683 777 2731 et
798 2674 887 2730 anhni
907 2674 948 2730 tui
970 2673 1158 2730 insolentiam
1181 2671 1298 2728 ieiuniis
1315 2669 1434 2742 frange.

283 2759 403 2830 Quanto
416 2759 539 2817 enimin
553 2762 609 2818 hoc
626 2762 727 2819 seculo
741 2760 896 2834 frangeris,
908 2770 990 2818 tanto
1003 2761 1033 2816 in
1048 2769 1228 2834 perpetuum
1241 2757 1379 2815 solidaris
1388 2759 1407 2789 ¹¹
1425 2780 1434 2825 ;

283 2857 314 2904 et
326 2858 437 2920 quanto
451 2849 480 2904 in
494 2849 628 2921 presenti
647 2849 798 2922 affligeris,
811 2859 893 2906 tanto
911 2849 941 2904 in
961 2849 1060 2922 futuro
1078 2847 1242 2922 gaudebis:
1264 2847 1341 2902 Nam
1360 2861 1434 2902 cum

282 2935 392 2992 ieiunio
403 2945 570 3009 prostratus
579 2937 715 3004 iacueris,
725 2946 795 2993 tunc
806 2937 944 2993 excelsus
952 2953 1052 2994 coram
1063 2939 1120 2993 deo
1128 2934 1266 2992 eleuatis.
1280 2933 1434 2990 Ieiunium

237 3043 269 3094 30
282 3040 354 3096 ergo
368 3041 427 3080 non
448 3024 529 3080 bidui
542 3034 592 3080 aut
610 3025 717 3092 tridui;
736 3027 790 3081 sed
809 3035 1002 3097 septenarum
1022 3025 1137 3080 dierum
1150 3023 1249 3080 valida
1267 3021 1434 3092 castigatio,

282 3111 424 3167 ieiunium
441 3121 495 3168 est.
534 3111 616 3170 Sicut
638 3113 718 3169 enim
738 3130 794 3168 sex
816 3112 921 3168 diebus
939 3113 1015 3169 deus
1036 3112 1139 3167 mundi
1158 3111 1273 3183 plasma
1292 3107 1435 3165 formauit

284 3200 339 3271 [et]
348 3199 370 3231 ¹²
390 3200 518 3273 septimo
541 3201 696 3273 requieuit‚
719 3201 760 3257 ita
781 3201 870 3257 etiam
892 3200 1044 3256 hominem
1069 3201 1155 3256 decet
1173 3216 1229 3254 sex
1249 3197 1355 3254 diebus
1376 3213 1435 3268 per

283 3286 425 3344 ieiunium
439 3287 545 3360 spiritu
559 3288 723 3358 reformari,
735 3297 765 3345 et
778 3288 904 3360 septimo
917 3287 965 3344 die
978 3288 1163 3344 comedendo
1172 3285 1192 3319 ¹⁸
1202 3285 1283 3342 carni
1296 3283 1434 3356 requiem

282 3375 372 3431 dare!
410 3375 478 3432 Hiis
496 3376 603 3434 auditis
621 3378 725 3434 beatus
741 3376 904 3433 Guthlacus
922 3393 1083 3448 exurgens,
1096 3375 1259 3447 psallebat:
1280 3372 1435 3429 ‘Conuer-

238 3483 269 3534 35
283 3472 383 3520 tantur
396 3462 506 3520 inimici
522 3465 582 3521 mei
601 3468 780 3521 retrorsum.¹
818 3465 885 3535 Quo
904 3463 992 3533 dicto,
1005 3463 1099 3520 hostis
1111 3464 1192 3518 velut
1209 3461 1308 3517 fumus
1320 3477 1435 3518 vacuas

282 3550 313 3606 in
323 3568 411 3608 auras
424 3552 551 3608 euanuit.
571 3552 653 3608 Tunc
663 3561 818 3624 assumpta
825 3551 961 3609 ordeacei
973 3550 1060 3624 panis
1068 3549 1211 3623 particula
1222 3549 1331 3606 victum
1343 3565 1436 3606 suum

282 3639 485 3712 quotidianum
492 3639 574 3696 vesci
583 3640 668 3714 cepit.
697 3640 819 3712 Maligni
828 3657 901 3696 vero
913 3639 1034 3713 spiritus
1046 3646 1234 3710 contemptos
1243 3654 1276 3692 sc
1284 3636 1435 3708 videntes,

283 3727 461 3784 lachrimoso
474 3729 603 3786 clamore
622 3737 652 3785 et
665 3727 756 3785 flebili
768 3728 890 3797 ululatu,
902 3727 1029 3784 diuersis
1048 3725 1224 3798 singultibus
1242 3726 1435 3796 plangentes,

283 3833 385 3872 aerem
398 3816 553 3888 questibus
564 3805 964 3888 impleuerunt.—Floruit
981 3825 1079 3872 autem
1099 3813 1177 3870 circa
1194 3829 1307 3870 annum
1319 3813 1436 3870 domini

237 3930 271 3978 40
284 3904 583 3977 septingentesimum
601 3914 720 3961 sextum
729 3907 758 3962 ¹⁴.

316 4019 325 4048 ¹
341 4019 370 4068 E.
382 4019 505 4068 edeficiis.
561 4018 572 4048 ³
589 4019 664 4068 From
676 4019 720 4068 the
728 4019 787 4068 Vita
798 4021 833 4082 by
847 4019 928 4070 Felix.
984 4019 994 4048 ³
1014 4017 1043 4067 E.
1055 4025 1082 4065 vt
1095 4031 1225 4078 nunquam
1237 4017 1263 4064 in
1275 4015 1342 4063 illius
1354 4019 1438 4067 corde

284 4086 334 4135 nisi
352 4085 449 4148 pietas3
471 4085 536 4134 nihil
552 4085 578 4134 in
600 4086 667 4134 illius
686 4087 773 4135 animo
794 4087 841 4134 nisi
861 4087 979 4146 charitas,
996 4091 1023 4132 vt
1043 4097 1173 4144 nunquam
1189 4084 1216 4130 in
1234 4082 1302 4130 illius
1319 4096 1364 4129 ore
1382 4083 1439 4133 nisi

285 4153 410 4212 Christus,
424 4153 473 4200 nisi
486 4167 546 4214 pax,
559 4156 605 4202 &c
688 4151 697 4181 ⁴
715 4152 744 4201 E.
757 4152 910 4214 perferebat.
991 4150 1001 4178 ⁵
1019 4149 1095 4198 From
1108 4149 1152 4197 the
1163 4149 1223 4197 Vita
1234 4149 1269 4210 by
1282 4147 1372 4206 l'elix;
1388 4149 1440 4200 the

285 4233 356 4266 same
369 4217 470 4266 miracle
482 4233 544 4278 was,
558 4219 687 4280 however,
702 4218 756 4266 told
768 4217 864 4267 before.
920 4215 1071 4266 ⁸T.ulttra.
1123 4211 1183 4262 ⁷ul.
1196 4228 1325 4263 conamur.
1377 4210 1440 4268 ⁸13.

284 4284 409 4333 volumus.
477 4283 741 4332 'Rconcenderunt
809 4283 827 4312 ¹⁰
842 4283 986 4342 T.necare;
1003 4281 1032 4332 E.
1040 4281 1129 4330 vitare.
1200 4281 1215 4311 ¹¹
1234 4279 1262 4328 E.
1273 4277 1441 4333 solidaberis.

285 4357 304 4388 ¹²
321 4372 370 4406 om.
383 4357 449 4407 inT.
464 4357 493 4408 E.
564 4357 582 4386 ¹³
600 4359 628 4407 E.
641 4359 834 4410 commedendo.
907 4357 926 4389 ¹⁴
941 4357 1056 4407 Collect:
1076 4350 1131 4421 (O)
1143 4355 1207 4404 felix
1218 4355 1306 4404 diuino
1318 4367 1441 4419 munere,
