3044 4894
280 306 327 376 26
592 297 723 384 mma
748 293 939 398 imarus
963 292 1117 396 analo

277 498 460 557 subtrahens
479 497 575 567 vxori,
594 498 631 554 ab
650 513 738 554 ease
759 497 914 554 continere
932 495 1011 554 velle
1032 495 1196 569 disposuit;
1227 503 1257 551 et
1281 502 1436 552 secretum

277 587 358 658 quod
371 585 443 643 nulli
457 585 647 654 indicauerat,
656 583 758 641 virdei
767 583 900 642 venienti
908 583 1054 657 patefecit,
1064 585 1186 644 dicens:
1207 583 1300 653 ‘Quia
1310 583 1436 640 thorum

277 673 380 730 vxoris
398 682 450 730 tue
469 673 569 730 minus
587 673 716 729 discrete
735 673 935 745 contempnis,
953 672 984 729 in
1001 673 1066 728 loco
1082 670 1299 744 contemptibili
1317 679 1348 727 et
1365 687 1437 726 sor·

279 761 349 818 dido
363 761 493 834 teipsum
512 760 570 818 cito
589 759 741 833 reperies!
789 760 884 817 Nocte
902 777 975 816 vero
992 761 1122 833 quadam
1139 758 1368 832 expergefactus
1385 759 1436 814 vir

251 869 265 918 ⁵
279 849 337 918 ille,
351 848 483 922 repperit
496 865 530 906 se
543 849 656 906 nudum
671 849 702 904 in
711 846 830 904 stabulo
842 847 934 904 fetido
948 847 1026 904 insra
1038 863 1184 920 equorum
1198 847 1292 920 pedes
1304 845 1437 902 reclina·

278 945 350 993 tum.
382 936 479 1007 Quem
493 945 598 1009 postea
611 953 718 992 seruus
731 935 780 992 dei
793 935 933 1008 corripuit
943 934 1013 1008 quia
1021 953 1039 990 a
1051 935 1137 990 thoro
1150 933 1284 1006 coniugis
1297 951 1351 990 sue
1365 933 1436 991 sine

279 1023 439 1096 spiritualis
452 1023 576 1081 consilio
588 1023 683 1098 patris
698 1023 850 1080 abstinere
866 1023 1060 1096 presumpsit.
1098 1021 1222 1079 Dicebat
1239 1020 1320 1078 enim
1339 1037 1437 1078 nona

279 1112 411 1182 domino,
424 1112 479 1168 sed
492 1112 649 1168 immundo
662 1111 768 1183 spiritu
781 1119 971 1184 suggerente,
985 1110 1160 1167 temeritatis
1172 1109 1261 1166 huius
1273 1125 1436 1181 presump·

278 1199 391 1256 tionem
413 1199 469 1256 sibi
488 1198 626 1271 nequiter
645 1199 807 1268 accidisse;
830 1207 860 1255 et
878 1197 946 1255 ideo
965 1199 1032 1256 talis
1050 1207 1185 1271 potestas
1203 1197 1356 1270 spiritibus
1375 1196 1436 1253 im·

235 1311 266 1347 ro
279 1287 399 1344 mundis
418 1304 555 1360 superse
568 1289 637 1344 data
652 1286 714 1355 suit,
727 1295 758 1343 vt
777 1303 846 1342 eum
859 1287 897 1342 ad
914 1286 979 1342 loca
996 1286 1151 1342 immunda
1163 1285 1206 1341 sic
1219 1285 1434 1340 dormitantem

279 1383 526 1447 transportarent
563 1373 645 1430 Obiit
658 1383 757 1430 autem
772 1390 881 1430 seruus
893 1373 942 1430 dei
953 1373 1104 1431 ilenricus
1117 1391 1197 1430 anno
1209 1371 1322 1428 domini
1336 1371 1435 1429 mille-

279 1461 356 1520 simo
369 1461 533 1520 centesimo
544 1460 697 1532 vicesimo,
710 1461 958 1536 septimodecimo
971 1461 1115 1518 kalendas
1128 1460 1278 1517 februarii.

751 1655 776 1716 il
795 1653 962 1711 Narraho¹.

319 1779 385 1850 Illis
402 1792 508 1849 diebus
529 1793 649 1866 quidam
668 1792 827 1866 religiosus
845 1811 863 1850 a
881 1803 961 1850 terra
980 1801 1083 1850 sancta
1101 1793 1231 1862 rediens,
1250 1791 1281 1848 in
1300 1791 1435 1865 quadam

281 1881 372 1937 maris
392 1879 489 1936 insula
503 1880 600 1938 virum
620 1890 755 1937 sanctum
773 1880 922 1938 inclusum
942 1880 1064 1948 inuenit,
1084 1898 1153 1938 cum
1172 1897 1231 1952 quo
1250 1879 1435 1952 colloquium

237 1991 266 2041 15
281 1969 396 2026 habens
409 1968 478 2024 talia
496 1969 624 2027 audiuit:
653 1969 754 2040 ‘Sunt
767 1969 870 2043 inquit,
882 1968 980 2026 vicina
996 1968 1082 2026 nobis
1099 1969 1234 2041 locaque
1251 1967 1435 2040 grauissima

280 2055 469 2114 flammarum
490 2065 634 2114 euomunt
652 2056 799 2127 incendia,
817 2057 867 2113 vbi
887 2073 941 2129 pro
960 2056 1134 2113 meritorum
1151 2055 1292 2129 qualitate
1311 2054 1435 2112 diuersa
1511 2069 1512 2082 ¹

280 2145 380 2202 anime
393 2145 545 2216 patiuntur
554 2153 718 2214 tormenta;
738 2146 776 2201 ad
789 2161 917 2217 quorum
929 2161 1052 2216 semper
1061 2143 1273 2216 exaggeranda
1284 2143 1436 2216 supplicia

280 2233 515 2289 innumerabiles
535 2233 716 2305 deputantur
734 2233 889 2301 demones,
908 2232 959 2304 qui
981 2231 1194 2288 intollerabiles
1210 2247 1316 2288 eorum
1335 2249 1435 2303 penas

281 2320 414 2392 quotidie
428 2327 574 2376 renouant
586 2329 616 2376 et
629 2321 666 2375 ad
680 2319 814 2376 rediuiua
823 2337 878 2376 eos
886 2319 1032 2392 supplicia
1042 2319 1247 2376 indesinenter
1256 2318 1434 2376 instaurant.

237 2423 269 2458 ao
282 2407 366 2476 Quos
383 2407 558 2480 frequenter
570 2406 704 2480 querulis
722 2407 984 2465 lamentationibus
1001 2407 1146 2464 eiulantes
1158 2405 1259 2463 audiui
1272 2407 1352 2479 quod
1365 2423 1436 2464 ora-

281 2493 410 2551 tionibus
423 2504 453 2550 et
469 2493 642 2552 elemosinis
660 2495 848 2567 quorundam
865 2493 1038 2567 frequenter
1054 2493 1154 2550 anime
1171 2495 1435 2567 dampnandorum

281 2583 319 2638 de
339 2581 477 2638 manibus
496 2597 600 2638 eorum
619 2580 823 2654 eriperentur;
849 2591 879 2639 et
898 2582 1059 2640 maximam
1076 2584 1115 2639 de
1127 2581 1309 2638 cluniacensi
1322 2591 1390 2638 cetu
1404 2593 1436 2640 et

281 2685 386 2726 eorum
407 2670 513 2726 abbate
533 2668 662 2726 Odilone
682 2669 900 2742 querimoniam
921 2669 1040 2739 faciunt,
1056 2670 1126 2743 quia
1145 2687 1199 2742 per
1218 2685 1271 2726 eos
1289 2669 1336 2724 sui
1356 2669 1435 2728 iuris

281 2757 458 2814 vernaculos
477 2774 551 2830 sepe
569 2758 707 2830 perdunt.
745 2757 949 2827 Quamobrem
968 2775 1023 2830 per
1042 2774 1152 2814 nomen
1172 2757 1221 2814 dei
1239 2765 1270 2814 te
1288 2758 1437 2830 obtestor,

238 2869 267 2918 ²5
281 2853 313 2901 vt
325 2843 437 2901 sanctis
450 2843 590 2902 fratribus
602 2845 660 2902 illis
673 2845 837 2902 denuncias
849 2854 881 2902 vt
896 2845 1080 2902 orationibus
1093 2855 1122 2902 et
1134 2843 1308 2902 elemosinis
1326 2846 1437 2904 sedulo

282 2931 429 3000 insistant,
439 2940 469 2989 et
477 2933 515 2990 de
524 2933 662 2990 manibus
670 2932 859 2989 inimicorum
867 2932 983 2989 animas
992 2931 1145 3005 suppliciis
1153 2941 1276 2989 vexatas
1286 2933 1437 2992 edueant'

283 3019 399 3090 Quibus
418 3019 550 3077 seriatim
569 3021 735 3087 intellectis,
747 3022 828 3078 idem
845 3021 939 3077 abbas
955 3020 987 3076 in
1004 3020 1194 3078 monasteriis
1208 3019 1270 3076 suis
1283 3019 1438 3092 omnibus,

282 3117 350 3181 post
362 3108 471 3166 festum
484 3108 618 3166 omnium
631 3118 801 3165 sanctorum
814 3109 846 3166 in
858 3108 984 3181 psalmis
996 3118 1027 3166 et
1039 3107 1213 3166 elemosinis
1226 3117 1256 3165 et
1268 3109 1436 3167 missarum

282 3196 459 3270 solempniis
474 3197 609 3254 omnium
621 3196 651 3253 in
665 3197 785 3254 Christo
797 3197 1017 3270 quiescentium
1030 3195 1205 3254 memoriam
1218 3194 1353 3252 instituit

753 3391 778 3452 il
796 3389 961 3447 Narrab'o'.

238 3561 270 3612 30
319 3515 456 3602 Contigit
471 3528 630 3602 aliquando
647 3538 782 3585 sanctum
801 3528 964 3602 Hugonem
982 3529 1120 3586 abbatem
1138 3527 1349 3586 eucharistiam
1363 3545 1438 3601 pre·

283 3615 386 3673 buisse
401 3615 518 3672 cuidam
538 3616 668 3689 leproso,
687 3615 890 3673 communioni
908 3614 1043 3672 omnium
1062 3616 1256 3690 corporaliter
1274 3616 1438 3676 subtracto.

284 3703 341 3775 Qui
359 3704 541 3760 tumentibus
558 3703 644 3760 labiis
660 3713 690 3761 et
701 3705 838 3761 ulceroso
855 3721 907 3760 ore
925 3721 1034 3776 corpus
1049 3705 1163 3761 domini
1176 3703 1317 3760 iniuriose
1330 3707 1439 3764 masti-

283 3809 365 3862 cans,
385 3791 608 3864 porciunculam
629 3791 798 3864 importuna
817 3791 984 3850 screatione
1006 3791 1116 3862 reiecit,
1136 3810 1251 3850 nausea
1268 3809 1302 3848 ac
1324 3809 1439 3865 spuma

284 3879 417 3936 horribili
430 3887 585 3952 sequente.
617 3879 705 3936 Miles
718 3878 829 3936 Christi
843 3879 1050 3950 Goderannus,
1058 3879 1108 3952 qui
1122 3881 1232 3949 aderat,
1246 3893 1440 3940 sacramenta

239 3985 269 4035 35
284 3967 397 4024 domini
411 3967 456 4024 sui
470 3966 591 4040 indigne
604 3967 708 4042 agitari
721 3967 922 4038 considerans,
932 3969 1011 4042 quod
1022 3967 1160 4041 diligebat
1173 3967 1440 4042 celeri³obsequio
1511 3975 1512 3978 ’

284 4055 410 4128 collegit
449 4053 486 4111 Et
499 4073 569 4112 ecce
581 4054 626 4111 vir
642 4056 852 4128 magnanimus
868 4073 976 4113 manus
988 4065 1130 4129 vtrasque
1146 4073 1322 4130 supponens
1334 4071 1441 4118 sacra

285 4143 394 4200 mentis
407 4143 540 4214 viuificis,
554 4143 698 4199 vomitum
711 4143 882 4202 nauseantis
895 4145 960 4218 egri
972 4145 1003 4202 in
1017 4161 1069 4201 ore
1083 4162 1138 4201 suo
1151 4143 1282 4216 proiecit,
1295 4143 1441 4206 letalibus

285 4231 392 4288 coleris
414 4230 623 4288 coherentibus
643 4231 772 4289 fideliter
792 4233 965 4290 absorbens.
1011 4233 1079 4303 Qua
1098 4233 1129 4288 in
1151 4249 1184 4289 re
1203 4231 1346 4304 magister
1365 4236 1440 4304 pius

318 4369 467 4420 ¹ExVinc.
482 4370 547 4420 Bell.
559 4370 657 4424 XXIV.
673 4386 726 4435 105.
792 4371 943 4422 ²EnVine.
957 4371 1022 4424 Bell.
1035 4371 1164 4423 xxvle.
1231 4370 1289 4424 ³2.
1300 4371 1404 4426 sceleri.
