3054 4904
415 342 489 435 De
513 340 677 430 &tutta
703 339 915 438 millam.
1172 363 1240 437 147

224 549 246 610 li
270 536 325 606 DE
343 565 459 606 sancto
480 535 655 604 Lmnnano
674 565 817 605 Errscoro
835 565 873 605 ET
891 564 1083 606 confessum:
1093 548 1110 604 1.

96 652 257 782 Dlgnus
276 655 333 711 deo
352 653 478 710 antistes
491 652 687 724 Lethardus²,
705 671 865 726 precursor
882 665 911 710 et
931 653 1038 711 ianitor
1049 652 1165 710 venturi
1180 652 1242 709 Au-

199 741 311 814 gustini
329 741 359 797 in
379 741 490 814 Anglia
507 740 654 814 apparuit.
692 740 833 798 Preuenit
851 741 936 798 illum
954 751 986 797 vt
1004 741 1109 798 lucifer
1127 741 1241 810 solem3

89 829 210 901 parauit
224 829 252 885 ei
264 829 353 897 viam,
361 829 532 902 ingressum
546 838 575 885 et
587 829 695 897 locum,
704 837 736 885 vt
746 828 796 885 ille
809 838 928 901 pararet
939 829 1069 886 domino.
1095 828 1243 900 Prodigus

90 914 244 988 uigentis⁸
268 917 368 974 anime
396 935 457 972 non
481 916 578 973 timuit
604 916 730 973 lerinam
761 917 915 989 gentilium
946 917 1124 986 barbariem,
1150 915 1243 972 seculi

89 1005 279 1078 principibus
291 1006 466 1062 terribilem.
492 1005 562 1078 Ipse
574 1005 623 1062 dei
637 1004 746 1061 lamule
759 1003 862 1077 regine
877 1005 974 1071 Berte,
982 1007 1054 1062 dum
1070 1004 1243 1060 Ethelberto
1257 1018 1271 1067 5

89 1092 158 1165 regi
171 1093 267 1149 adhuc
281 1093 384 1166 gentili
396 1092 556 1150 christiana
574 1111 591 1149 a
607 1102 734 1166 patemo
752 1110 847 1165 regno
867 1092 1049 1148 Francorum
1067 1092 1243 1162 mitteretur,

88 1180 164 1247 dux,
184 1198 295 1249 comes,
315 1183 427 1247 doctor,
447 1190 590 1250 seruator,
610 1197 645 1236 ac
669 1180 760 1236 totius
785 1179 905 1253 pietatis
930 1179 1094 1253 instigator,
1115 1198 1133 1236 a
1157 1197 1244 1236 mon-

89 1271 220 1325 struosis
251 1269 356 1326 ritibus
386 1269 614 1339 munimentum,
641 1269 678 1325 ab
709 1268 858 1342 ydolatria
888 1268 1061 1338 sacrarium,
1091 1285 1108 1324 a
1136 1268 1244 1324 diaboli

89 1356 268 1412 venabulis*
296 1357 490 1426 obstaculum,
516 1356 547 1413 in
578 1357 660 1413 omni
685 1356 866 1413 aduersitate
891 1356 985 1430 patris
1010 1365 1074 1412 erat
1098 1357 1245 1413 solatium.

91 1443 161 1514 Que
181 1443 270 1501 etiam
290 1444 376 1501 cum³
394 1446 501 1501 eodem
521 1453 624 1500 sancto
642 1453 727 1517 patre
736 1443 755 1514 ⁶,
772 1461 807 1500 ac
827 1462 898 1517 rege
916 1443 974 1500 iam
993 1443 1111 1501 Christo
1129 1453 1244 1500 sacrato
1261 1457 1291 1495 ιο

91 1532 277 1605 consepeliri
296 1532 413 1588 meruit.
451 1532 514 1588 Nec
533 1531 614 1587 illam
634 1531 813 1588 arbitramur
833 1530 1041 1600 illaudabilem,
1061 1549 1117 1588 nec
1135 1531 1245 1604 pietate

91 1620 124 1676 in
150 1620 244 1675 deum
268 1629 429 1689 carentem,
454 1620 508 1676 sed
534 1619 688 1692 religione,
710 1617 892 1687 elemosinis,
919 1619 1086 1691 ceterisque
1110 1619 1245 1676 moribus

92 1707 255 1781 benignis⁷
279 1708 454 1781 pollentem,
472 1725 531 1781 que
556 1707 613 1763 ex⁸
632 1705 803 1763 christianis
828 1706 949 1778 regibus
974 1724 1007 1763 ac
1033 1707 1154 1781 populis
1177 1715 1246 1763 nata

91 1805 210 1852 tanturn
232 1795 335 1852 habuit
360 1795 570 1852 institutorem.
608 1794 691 1850 Inter
714 1795 889 1867 prophanos
914 1793 1025 1851 Christi
1050 1795 1116 1850 tulit
1138 1795 1245 1867 obpro·

91 1885 202 1950 brium,
223 1882 254 1939 in
277 1883 403 1940 ecelesia
423 1883 589 1950 ridiculum,
611 1884 642 1938 in
664 1881 712 1939 dei
732 1882 779 1938 sui
799 1882 879 1939 cultu
901 1881 1070 1938 ludibrium.
1116 1882 1150 1938 ln
1171 1881 1291 1946 anti-15

92 1971 241 2044 quissima
254 1971 350 2028 sancti
363 1971 495 2044 presulis
510 1970 630 2027 Martini
644 1969 770 2026 ecclesia
783 1971 840 2026 sub
850 1970 923 2027 vrbe
933 1970 998 2039 sita,
1007 1970 1095 2026 beato
1105 1969 1246 2043 pontifice

93 2059 269 2116 Lethardo²
287 2059 469 2132 presidente,
488 2057 694 2130 frequentabat
716 2057 820 2130 regina
841 2057 1003 2114 missarum
1025 2066 1055 2114 et
1080 2056 1247 2114 orationum

92 2155 285 2204 sacramenta
302 2164 371 2203 cum
390 2163 513 2202 suorum
533 2144 674 2201 comitum
694 2143 804 2200 familia
826 2144 995 2202 christiana.
1033 2145 1247 2202 Sanctissimus

91 2252 168 2291 vero
189 2234 367 2304 Lethardus,
380 2235 447 2306 quis
466 2234 557 2306 digne
575 2232 696 2289 estimet
716 2241 826 2304 quauta
845 2232 988 2289 miracula
1005 2250 1061 2306 per
1079 2241 1122 2289 tot
1141 2233 1247 2290 merita

92 2322 269 2380 exhibuerit
286 2323 317 2378 in
335 2322 403 2391 vita,
423 2321 508 2378 cuius
528 2331 610 2377 tanta
631 2321 825 2377 crebrescunt
844 2320 956 2377 nostris
974 2321 1159 2394 temporibus
1178 2330 1247 2393 post
1261 2336 1293 2372 ao

93 2421 138 2468 tot
152 2411 200 2467 sui
213 2410 313 2466 obitus
325 2410 442 2479 secula;
461 2411 500 2466 de
513 2409 621 2482 quibus
634 2408 741 2466 iniuria
753 2418 799 2466 est
809 2409 955 2466 memorie
966 2427 1026 2465 non
1035 2411 1247 2467 commendare

93 2495 205 2567 aliqua.
245 2480 352 2550 Puella
361 2495 491 2567 quedam
501 2511 518 2549 a
529 2493 680 2549 natiuitate
690 2510 760 2550 ceca
768 2493 778 2524 ⁰
786 2495 823 2550 ad
832 2493 927 2565 ipsius
935 2493 1081 2550 tumulum
1092 2494 1248 2564 accedens,

94 2581 214 2638 meritis
239 2581 334 2637 sancti
360 2579 511 2650 Lethardi,
536 2580 644 2653 fugatis
668 2580 822 2637 oculorum
845 2580 979 2639 tenebris
1003 2581 1102 2638 visum
1126 2581 1248 2654 recepit.

93 2670 277 2726 Contractus
298 2667 428 2741 quidam,
451 2666 556 2724 solutis
578 2669 726 2725 calcaneis
747 2677 777 2725 et
800 2669 936 2726 extensis
956 2668 1036 2725 tibiis
1057 2687 1128 2726 mox
1152 2672 1249 2742 pedes

95 2757 198 2815 erexit
228 2764 259 2812 et
289 2756 442 2813 ambulare
467 2756 554 2830 cepit.
625 2745 737 2813 Abbas
761 2756 972 2813 Abendonie¹³
996 2757 1117 2813 anulum
1143 2759 1248 2831 regine
1263 2783 1294 2834 ²5

96 2844 229 2918 Edgithe
240 2843 259 2876 ¹¹
279 2861 350 2900 casu
368 2844 487 2900 fortuito
505 2845 647 2917 perdens,
665 2843 774 2917 vbique
787 2845 872 2900 illum
890 2862 1022 2918 querens
1034 2846 1169 2901 inuenire
1189 2864 1249 2902 non

93 2934 203 3007 potuit.
242 2931 319 2988 Cum
346 2931 499 2988 lachrimis
523 2933 647 2988 demum
672 2939 701 2988 et
726 2932 866 3005 precibus
892 2932 1034 2989 Lethardi
1060 2932 1248 2990 clementiam

96 3020 254 3094 exposcit:
280 3029 311 3075 et
330 3019 408 3076 illico
427 3020 543 3088 anulus,
562 3018 612 3076 vbi
632 3020 744 3086 orabat,
763 3019 880 3076 reluxit.
956 3009 1101 3076 Matrona
1120 3022 1248 3092 quedam

96 3126 207 3184 parere
221 3125 282 3164 non
293 3109 406 3177 valens,
419 3106 565 3180 angustiis
578 3116 681 3179 partus
693 3124 773 3180 pene
787 3108 964 3178 exanimata,
975 3108 1006 3164 in
1016 3108 1100 3164 ardui
1111 3108 1221 3165 montis
1229 3107 1250 3141 ¹²

99 3196 305 3270 supercilium,
318 3203 350 3252 vt
366 3195 423 3252 sibi
440 3197 472 3251 in
490 3194 596 3267 spiritu
612 3196 710 3251 visum
727 3195 789 3263 fuit,
803 3196 925 3270 rapitur,
938 3205 968 3253 et
986 3194 1071 3253 tetris
1087 3197 1249 3252 demonum
1264 3215 1296 3266 30

97 3284 236 3343 tenebris
255 3281 366 3354 territa,
387 3283 425 3338 ab
447 3282 673 3340 immanissimis
694 3283 856 3341 tortoribus
878 3302 945 3341 eam
970 3284 1155 3357 rapientibus
1180 3303 1248 3342 curn

97 3371 175 3430 diris
194 3370 349 3445 suppliciis
367 3379 530 3443 torquetur.
578 3371 702 3444 Iamque
721 3389 776 3444 per
794 3381 910 3428 arctum
930 3371 1065 3428 foramen
1084 3379 1149 3428 rote
1167 3373 1250 3429 illam

96 3460 262 3518 extrudere
286 3468 375 3532 atque
399 3458 567 3526 detrahere,
591 3458 671 3516 etin
700 3459 878 3533 sulphureas
886 3458 907 3492 ¹⁸
930 3459 976 3516 sui
1001 3460 1109 3516 baratri
1133 3460 1250 3518 abissos

98 3547 281 3622 precipitare
299 3555 451 3603 conantur.
489 3545 544 3604 Cui
562 3545 593 3603 in
609 3556 692 3604 tanto
709 3548 816 3604 timore
834 3558 864 3605 et
883 3556 1014 3605 tremore
1031 3548 1138 3620 iugiter
1153 3549 1251 3605 salua-

96 3647 198 3694 torem
211 3634 391 3703 inclamanti,
409 3634 616 3690 inestimabilis
630 3635 771 3692 claritatis
784 3637 868 3693 sidus
882 3636 999 3693 eminus
1011 3639 1157 3709 apparuit,
1170 3638 1250 3708 quod
1265 3651 1295 3702 55

98 3731 215 3798 quanto
236 3720 442 3796 propinquius,
464 3731 547 3779 tanto
566 3723 674 3780 clarius
699 3723 799 3781 radios
823 3740 895 3780 suos
920 3723 1031 3780 effudit.
1069 3723 1108 3780 Et
1128 3742 1199 3780 ecce
1218 3724 1250 3780 in

100 3809 203 3869 medio
220 3810 299 3867 illius
315 3809 460 3867 chorusce
476 3809 551 3866 lucis
567 3811 673 3867 beatus
689 3811 859 3868 Lethardus
878 3810 1007 3882 emicuit,
1020 3811 1071 3883 qui
1088 3811 1252 3885 pontificali

97 3897 275 3960 auctoritate
306 3896 484 3971 perditionis
517 3896 670 3955 ministros
706 3899 909 3956 exterminans
943 3899 1033 3955 dixit:
1070 3898 1251 3968 ‘Discedite‚

131 4005 142 4036 ¹
162 4005 209 4054 Ed.
221 4005 248 4053 in
259 4003 316 4052 Act.
330 4003 377 4052 SS.
389 4003 455 4052 Boll.
470 4019 503 4064 24
515 4003 587 4053 Febr.
600 4003 646 4053 lll.
660 4020 684 4067 p.
698 4018 754 4066 475.
788 4004 848 4054 abr.
867 4005 931 4053 from
947 4002 1089 4054 Goscelin's
1106 4004 1253 4055 Translatio

97 4071 126 4121 S.
140 4071 278 4132 Augustini
296 4069 320 4117 ll
338 4070 365 4117 in
383 4069 439 4118 ldS.
456 4069 524 4120 Cott.
542 4069 619 4132 Vesp.
639 4069 660 4118 B
678 4070 740 4130 XX,
761 4071 802 4121 ed.
820 4071 846 4119 ia
860 4070 891 4120 A.
911 4071 958 4121 SS.
974 4071 1040 4120 Boll.
1057 4069 1117 4132 May
1133 4069 1178 4119 Vl.
1195 4085 1253 4133 43¹1.

98 4135 453 4188 cs.chron.ThorninDec.
465 4134 642 4198 Scriptaqbq.
691 4134 747 4185 ’E
757 4136 916 4196 Lethardus3
933 4136 962 4185 T.
972 4136 1003 4185 G.
1013 4137 1146 4186 Letardus.
1196 4135 1252 4189 ³T.

97 4203 229 4266 uigentis;
247 4201 405 4262 Magantia
471 4201 527 4250 ’Β
536 4201 667 4251 venebilis.
733 4201 835 4252 ’Βία
895 4200 1134 4264 ⁸T.sanctopatre
1146 4209 1254 4262 sanct03

99 4269 132 4319 G.
145 4267 232 4317 eidem
246 4283 268 4317 s.
284 4267 350 4330 patri
364 4281 421 4328 suo,
437 4281 494 4316 cum
511 4282 559 4316 suo
576 4283 646 4328 rege.
712 4265 769 4316 ¹1¹3.
781 4268 916 4329 benignus.
982 4268 1036 4319 ¹T.
1050 4268 1079 4317 E.
1097 4275 1131 4318 et
1196 4267 1254 4320 Vl.

99 4333 219 4384 Puellam
230 4333 358 4396 quandam
371 4347 503 4382 ..cecam
602 4333 622 4361 ¹⁹
639 4333 671 4382 G.
682 4333 746 4382 adds
757 4333 864 4383 aurificii
875 4333 1078 4397 probatissimus.
1184 4333 1202 4365 ²¹
1221 4333 1250 4387 E.

100 4399 200 4464 egitha
268 4397 287 4428 ¹³
304 4397 444 4450 Emortis.
510 4397 528 4429 ¹³
544 4397 789 4462 T.F.sulphureos.

655 4491 703 4533 La
