3046 4902
97 338 168 390 ns.
180 338 334 406 aanor
365 322 440 416 Dc
460 319 520 410 θ.
539 321 759 410 mutunus
780 335 874 423 tenc
894 325 934 407 ct
954 326 1145 423 mtttntt.
1188 327 1259 418 635

96 524 282 596 porrigitque
303 535 384 595 retro,
407 525 523 597 quoda
544 524 632 581 natali
657 523 764 580 domiui
783 523 950 596 nequiuerat
971 525 1028 580 vllo
1047 525 1140 581 modo.
1177 521 1260 596 Quod

97 624 212 664 munus
226 606 254 662 iu
266 625 301 664 eo
312 609 502 678 gratissimum
515 608 614 677 sancti,
626 609 726 664 eadem
738 607 784 663 die
797 607 928 664 fratribus
940 607 1085 665 reuelauit.

235 775 285 831 DE
304 786 439 841 Quanam
457 788 602 832 MULIERE
620 789 660 832 AB
678 787 896 844 intraturam,
915 787 956 830 ΕΤ
974 787 1058 832 mlo
1077 787 1138 832 SUO

482 872 504 915 Α
521 871 728 916 LIPPITUDINE
747 870 888 914 cumis.

451 975 566 1032 Uedam
577 974 707 1046 Gylindis
716 973 841 1042 nomine,
848 972 877 1029 in
888 973 1063 1031 suthfolchia
1071 991 1261 1043 commanens,

486 1068 614 1114 sendum
644 1056 760 1128 requirit
789 1057 972 1112 Edmundum
1001 1074 1052 1128 pro
1083 1075 1134 1112 sua
1157 1074 1261 1128 magna

103 1137 507 1198 necessitate—infirmabatur
527 1141 604 1196 enim
624 1140 790 1196 intrinsecus
810 1139 889 1210 graui
912 1139 1090 1208 infirmitate3
1117 1139 1289 1207 adducens5

105 1237 208 1276 secum
231 1222 379 1292 paruulum
400 1223 487 1280 filium
506 1224 619 1280 nomine
642 1225 785 1294 Otgerum,
804 1223 962 1295 pacientem
982 1223 1010 1277 in
1032 1223 1119 1278 oculis
1144 1222 1260 1278 nimiam

105 1303 301 1376 profusionem
318 1305 504 1363 lacrimarum.
541 1307 683 1376 Quidum
702 1307 789 1377 pedes
810 1323 861 1376 pro
883 1306 971 1361 sancti
992 1305 1154 1361 reuerencia
1174 1306 1261 1362 ferme

146 1010 342 1068 Hermannus.

106 1403 163 1458 per
172 1385 210 1441 xii
222 1385 340 1444 miliaria
356 1387 538 1460 perueniunt¹
551 1390 588 1445 ad
608 1399 736 1444 sanctum
754 1389 814 1445 eius
830 1398 957 1460 petentes
975 1389 1124 1459 suffragia:
1142 1389 1261 1445 accubat

106 1479 202 1524 mater
218 1467 328 1526 infirma
345 1487 410 1528 cum
428 1472 485 1527 filio
501 1473 644 1528 oculorum
662 1471 829 1543 lippitudine
845 1482 980 1542 grauat03
1003 1482 1063 1527 orat
1079 1473 1132 1528 hec
1148 1489 1200 1544 pro
1217 1472 1260 1528 in·

107 1551 245 1608 firmitate
261 1569 320 1622 sua,
333 1571 442 1611 merens
454 1566 483 1612 et
500 1572 607 1626 angens
622 1554 728 1610 fortiter
745 1555 783 1610 ad
798 1565 926 1611 sanctum
944 1555 1048 1610 clamat
1061 1555 1259 1612 Edmundum:
1276 1571 1308 1608 ro

105 1637 200 1704 ‘Eya,
213 1645 310 1692 sancte
322 1647 350 1692 et
365 1638 485 1709 gloriose
503 1639 599 1694 martir
614 1638 774 1703 Edmunde,
787 1653 853 1693 ecce
868 1648 895 1693 te
912 1637 1107 1708 requisiuimus
1124 1639 1161 1692 de
1178 1638 1261 1708 longe

107 1718 231 1790 pedibus
248 1728 277 1775 et
297 1736 361 1775 cum
382 1737 502 1790 angore:
527 1721 649 1789 domine,
668 1721 800 1776 miserere
818 1720 918 1789 nobie,'
935 1720 1039 1776 deinde
1059 1728 1155 1775 monet
1173 1719 1260 1775 filium

108 1818 163 1872 pro
175 1801 268 1872 seipso
280 1820 316 1858 ne
328 1803 445 1860 desistat
457 1805 494 1859 ab
507 1804 637 1860 oracione
650 1803 798 1871 dominica,
809 1820 895 1875 quam
907 1812 988 1874 pater
999 1819 1066 1858 suus
1079 1803 1188 1858 nouiter
1196 1819 1261 1858 eum

109 1886 253 1941 docuerat.
299 1887 479 1958 Complentes
501 1898 596 1944 autem
620 1887 788 1953 oracionem,
810 1894 839 1941 et
860 1902 1011 1957 pauperem
1029 1901 1114 1957 quam
1132 1895 1261 1955 poterant

108 1968 295 2038 oblacionem,
317 1969 490 2026 descendunt
514 1969 543 2025 in
564 1971 665 2027 eadem
682 1969 748 2026 villa
769 1969 858 2025 sancti
880 1968 1023 2024 Edmundi
1044 1969 1081 2023 ad
1103 1967 1261 2039 hospicium
1275 1981 1305 2036 ¹5

108 2061 225 2123 propter
242 2052 419 2122 pausationis
438 2054 661 2123 recreacionem;
680 2053 727 2108 vbi
746 2053 888 2123 paululum
906 2051 1130 2122 requiescentes:
1154 2051 1260 2122 experti

108 2146 176 2191 aunt
193 2135 238 2192 dei
256 2137 370 2202 donum,
390 2135 500 2192 matre¹
516 2137 591 2193 iacta
610 2153 688 2207 sana,
705 2146 733 2193 et
752 2136 808 2192 filio
824 2136 861 2191 ab
878 2134 1066 2191 inundacione
1084 2133 1260 2189 lacrimarum

108 2228 215 2274 curato.

166 2376 253 2437 llDa
271 2389 408 2436 vucrona
426 2391 525 2436 carru
544 2393 579 2437 ru
597 2391 779 2447 muronula,
798 2390 934 2435 nomme
953 2389 1138 2434 narramur
1158 2389 1201 2434 oa

458 2475 602 2520 renarro
621 2475 734 2520 saucrr
752 2463 920 2518 Euuuuor.

449 2579 556 2636 Uidam
568 2579 766 2651 miser[r]imus
782 2578 856 2635 furto
870 2579 962 2650 rapuit
974 2578 1011 2635 de
1029 2578 1129 2635 lectica
1141 2577 1259 2649 preciosi

483 2663 605 2718 martiris
617 2662 761 2718 Edmundi
774 2662 830 2717 duo
842 2662 965 2730 monilia,
979 2662 1070 2718 eidem
1083 2662 1161 2733 operi
1174 2661 1259 2716 labri·
1275 2673 1307 2710 πο

109 2741 174 2797 liter
185 2741 298 2798 inserta.
335 2745 398 2814 Que
410 2745 524 2802 sceleris
536 2746 709 2817 perpetracio
721 2747 790 2802 dum
801 2745 959 2813 ventilatur,
972 2746 1047 2800 circa
1059 2744 1149 2800 sancti
1162 2743 1260 2800 tumuli

109 2823 283 2894 crepidinem
300 2825 398 2883 fratres
416 2829 506 2884 tocius
524 2827 753 2898 congregacionis
771 2837 992 2899 prosternuntur,
1010 2837 1118 2898 septem
1136 2827 1260 2898 psalmos

110 2908 272 2977 psallentes,
285 2917 313 2963 et
329 2909 484 2966 vindictam
501 2910 639 2966 latrocinii
659 2911 844 2982 inprecantes.
888 2911 937 2966 Set
955 2910 1048 2965 adhuc
1066 2927 1123 2964 non
1142 2908 1257 2964 exaudit

111 2989 184 3044 deus
195 2991 240 3044 vel
254 3001 368 3047 sanctus
380 2995 455 3064 quod
474 2993 660 3063 congregacio
676 2995 848 3064 deprecatur,
868 2991 957 3048 donec
974 2991 1065 3048 simile
1082 2991 1258 3046 latrocinium

111 3071 187 3128 circa
205 3073 361 3140 preciosum
381 3077 523 3132 martirem
542 3077 664 3145 iteretur,
682 3077 778 3146 sicque
796 3075 988 3146 dupplicatum
1006 3073 1161 3130 mirabilius
1179 3091 1259 3129 reue·
1274 3091 1305 3142 ²⁵

110 3157 191 3212 letur.
227 3157 367 3212 Accedit³
379 3159 480 3215 iterum
495 3161 566 3215 latro
582 3169 611 3214 et
626 3160 662 3214 de
675 3159 777 3216 scrinio
792 3157 914 3214 martiris
930 3156 1003 3229 rapit
1019 3157 1122 3213 monile
1139 3157 1175 3212 de
1191 3172 1260 3211 auro

110 3238 218 3306 maius;
245 3251 457 3312 verumptamen
482 3243 505 3298 si
527 3243 707 3299 maledictum
730 3240 817 3312 repeti
842 3242 966 3311 stropha,
988 3249 1179 3312 perpetratum
1202 3255 1259 3295 non

111 3321 209 3377 latebit
221 3325 379 3380 anathema.
417 3326 501 3394 Quod
514 3327 581 3382 dum
594 3325 782 3380 thesaurarius
796 3323 914 3380 ecclesie
925 3323 1052 3395 percipit,
1065 3324 1102 3379 de
1114 3321 1260 3393 sacrilegio

111 3405 254 3476 querelam
265 3405 331 3461 iacit
343 3424 407 3462 cum
420 3417 526 3478 sancto,
536 3409 612 3479 quod
625 3417 655 3464 ut
672 3407 865 3462 manifestetur
880 3406 939 3476 agit
950 3406 1025 3462 circa
1038 3417 1165 3462 sanctum
1176 3413 1261 3460 nocte

111 3487 213 3558 dieque
227 3489 376 3558 precando.
412 3492 498 3546 Latro
510 3508 574 3546 cum
586 3491 764 3546 anathemate
775 3489 949 3546 descendens
961 3491 998 3546 ab
1010 3491 1137 3557 ecclesia,
1150 3488 1220 3560 petit
1231 3487 1260 3542 in
1273 3505 1306 3555 30

112 3573 213 3627 eadem
237 3571 302 3626 villa
326 3573 499 3641 diuerticula,
524 3583 560 3640 et,
586 3583 617 3628 ut
639 3582 739 3643 postea
763 3583 862 3644 captus
887 3573 988 3640 retulit,
1012 3573 1116 3628 monile
1140 3573 1260 3628 iuratum

111 3671 243 3711 amouere
260 3655 417 3711 nullatenus
439 3676 457 3712 a
478 3675 510 3713 se
527 3657 622 3711 valuit.
661 3658 749 3711 Heret
771 3673 836 3712 cum
856 3657 963 3711 latrone
985 3655 1169 3721 latrocinium,
1188 3655 1259 3708 latro

110 3755 176 3794 cum
185 3737 331 3794 latrocinio
340 3738 404 3796 ville
414 3739 504 3796 sancti
515 3757 572 3795 non
583 3739 657 3795 valet
666 3741 742 3794 exire
754 3738 910 3794 terminum.
944 3740 1009 3795 Hoc
1017 3747 1177 3810 perpetrato
1190 3738 1259 3790 latro

111 3837 176 3877 cum
194 3821 347 3888 latrocinio,
369 3821 467 3878 iterum
490 3823 557 3894 petit
578 3823 727 3879 ecclesiam
744 3839 815 3878 ausu
833 3820 989 3889 temerario,
1008 3820 1156 3892 appropiat
1175 3819 1259 3874 velud

110 3903 213 3975 aliquis
226 3921 290 3959 cum
303 3905 451 3962 oblacione
462 3907 499 3962 ad
512 3923 622 3962 sacrum
638 3907 734 3973 altare,
748 3907 840 3977 ipsum
852 3905 1018 3961 deosculans
1035 3919 1179 3960 nummum
1192 3901 1259 3958 inde
1272 3919 1304 3971 35

111 3987 188 4058 capit
212 4004 267 4053 ore,
288 3987 344 4042 iam
369 3987 458 4044 tercio
482 3988 659 4046 latrocinium
682 3989 789 4061 perficit
814 3989 898 4044 corde
922 3987 1061 4042 maliuolo.
1100 3989 1133 4041 ln
1157 3985 1259 4042 eodem

111 4079 257 4126 momento
270 4071 379 4142 capitur
394 4071 431 4128 ab
449 4073 638 4129 assidentibus
653 4073 800 4129 custodum
817 4071 933 4128 ecclesie
951 4069 1150 4137 seruientibus;
1169 4067 1259 4140 alapis

111 4153 229 4223 ceditur,
248 4153 349 4223 pugnis
368 4154 501 4224 tunditur,
520 4172 652 4211 nummus
669 4156 776 4212 iuratus
794 4156 832 4210 ab
850 4171 898 4210 ore
914 4153 1053 4225 proicitur.
1091 4151 1203 4208 Deinde
1221 4151 1259 4206 ad

111 4245 221 4294 remota
244 4236 400 4306 deducitur,
424 4239 491 4309 quid
516 4255 652 4310 superse
675 4247 766 4309 gestet
790 4238 936 4308 diligenter
958 4235 1119 4309 exquiritur,
1142 4251 1259 4291 aureum

146 2615 340 2672 Hermannus.

176 4393 186 4423 ¹
203 4394 258 4446 MS.
269 4396 413 4463 perueniunt
423 4397 575 4466 perueniunt.
702 4395 783 4450 ¹Ms
795 4404 881 4450 meter.
1003 4393 1084 4448 ’MS
1097 4395 1195 4447 eccidit.
