3028 4894
281 287 355 378 468
581 282 712 370 moos
738 278 930 383 [intulit
952 277 1107 382 finalia.

282 501 318 542 ae
335 491 509 548 sonuerunt,
521 491 552 540 et
568 500 663 556 panes
681 474 867 539 sufficienter
878 479 992 538 decocti
1010 479 1040 536 in
1059 489 1211 536 momento
1227 477 1347 552 reperti
1361 486 1439 534 sunt

283 559 428 648 Quadam
442 571 536 628 eciam
549 571 600 628 die
611 572 682 627 dum
696 570 821 626 missam
836 570 960 636 audiret,
973 578 1004 626 et
1018 568 1107 624 lenita
1122 567 1317 640 euangelium
1334 566 1439 623 incon·

282 675 356 732 grue
378 659 597 732 pronunciaret,
616 658 667 714 illa
688 657 729 728 (in
750 656 866 726 uerlbis
885 656 994 714 diuinis
1016 657 1124 712 nolens
1148 655 1252 712 audire
1275 654 1439 720 fallaciam,
1506 661 1507 664 ’

282 748 321 804 de
334 747 461 804 humero
474 746 591 804 diaconi
604 745 709 802 stolam
722 744 861 801 auferens
878 745 1004 802 humero
1017 761 1072 800 suo
1084 743 1225 817 imposuit
1242 742 1438 814 euangelium
1506 767 1507 770 ¹

254 843 269 896 t
283 835 402 892 lectura.
439 834 527 891 Vnde
539 843 569 890 et
581 832 715 906 angelica
727 831 936 904 increpacione
946 831 1071 905 culpata,
1081 834 1112 888 in
1122 831 1251 887 oratorio
1263 847 1300 886 se
1314 830 1440 886 reclusit

282 931 313 980 et
330 922 368 979 ab
387 921 468 978 omni
488 919 641 978 hominum
661 927 785 992 aspectu
804 927 920 991 septem
941 919 1030 976 annis
1048 937 1081 976 se
1100 919 1235 987 remouit,
1254 917 1438 974 acerrimam

283 1009 483 1083 penitenciam
496 1025 597 1080 agens.
632 1007 765 1064 Assidue
783 1007 906 1064 sedebat
924 1006 955 1063 in
974 1007 1116 1064 cathedra
1134 1023 1223 1080 quarn
1238 1005 1298 1062 sibi
1314 1005 1438 1072 iecerat,

284 1097 432 1154 habente¹
457 1095 673 1170 quinquaginta
697 1095 798 1152 clauos
823 1094 853 1150 in
878 1096 1012 1164 dextera,
1037 1103 1068 1151 et
1094 1095 1218 1150 totidem
1245 1093 1277 1148 in
1305 1093 1439 1160 sinistra,

282 1185 467 1257 totidemque
492 1183 523 1240 in
545 1183 626 1240 dorsi
652 1181 791 1255 regione:
823 1182 1036 1255 quinquaginta
1057 1181 1190 1254 psalmos
1213 1179 1322 1237 innixa
1343 1180 1438 1236 clauis

240 1279 271 1318 ¹0
284 1274 389 1330 dextre
403 1271 506 1344 partis,
519 1270 702 1342 totidemque
720 1270 751 1325 in
770 1279 851 1326 sorte
869 1270 1021 1326 clauorum
1036 1269 1104 1326 leue
1116 1269 1218 1342 partis,
1231 1267 1262 1324 in
1275 1268 1438 1340 posteriori

283 1359 421 1418 similiter
436 1358 561 1416 totidem
578 1356 762 1426 decantauit;
783 1373 936 1430 nunquam
955 1374 1063 1414 carnes
1080 1356 1241 1412 comedens
1259 1364 1312 1412 aut
1332 1355 1438 1411 uinum

283 1447 333 1504 uel
352 1445 498 1504 siceram¹
514 1445 630 1512 bibens,
649 1453 695 1502 set
716 1445 898 1502 stillicidium
920 1444 1013 1502 cineri
1034 1461 1214 1517 expressum
1237 1451 1347 1516 potare
1366 1461 1438 1500 eon·

283 1533 389 1594 meur.
427 1533 464 1590 Et
486 1542 590 1592 sancto
611 1531 707 1606 Eligio
728 1532 786 1590 sibi
807 1543 981 1606 apparente,
1003 1532 1094 1606 plena
1118 1531 1205 1588 bonis
1229 1531 1379 1605 operibus
1401 1533 1437 1587 ad

282 1621 438 1682 dominum
450 1619 588 1695 migrauit
596 1619 628 1694 ⁸.]

548 1875 572 1938 ‘l
594 1861 648 1932 Da
667 1889 784 1931 saucra
801 1871 1001 1930 Wrrusunoa
1018 1871 1169 1929 vmomsi

240 2041 269 2094 ¹5
288 2012 437 2146 SAncta
456 2010 647 2084 Wythburga
668 2009 729 2068 lilia
753 2008 806 2066 init
828 2009 918 2066 Anne
941 2009 1020 2083 regis
1033 2007 1265 2082 'Estanglorum
1289 2025 1438 2081 sororque

375 2107 478 2158 sancte
492 2097 675 2155 Etheldrede
687 2097 819 2171 virginis.
848 2097 921 2154 Eius
934 2115 1063 2172 namque
1076 2097 1218 2154 sanctitas
1230 2105 1261 2153 et
1273 2097 1337 2153 vite
1350 2115 1438 2154 mun·
1506 2091 1507 2098 '

284 2186 356 2244 ditia
380 2204 420 2244 ex
444 2186 582 2243 diuturna
606 2194 675 2258 post
699 2184 812 2242 obitum
837 2203 924 2242 suum
949 2183 1169 2258 incorruptione
1194 2193 1342 2258 apparet:
1370 2195 1437 2258 post

283 2283 434 2332 trecentos
453 2273 516 2331 sere
536 2282 566 2330 et
582 2273 796 2346 quinquaginta
814 2282 940 2346 quatuor
957 2289 1054 2336 acinos
1072 2287 1181 2345 corpus
1200 2271 1266 2329 eius
1284 2271 1435 2347 integrum

283 2371 436 2436 repertum
461 2371 507 2418 est
532 2369 561 2418 et
586 2360 799 2434 incorruptum.
847 2359 913 2416 llec
938 2359 1019 2417 enim
1043 2361 1127 2434 virgo
1152 2369 1265 2430 sancta,
1291 2359 1322 2416 in
1349 2361 1436 2417 annis

240 2470 271 2507 ao
283 2450 467 2524 puellaribus
480 2447 647 2518 constituta,
660 2448 818 2505 cenobium
831 2449 911 2522 apud
925 2445 1058 2505 Derham
1074 2446 1240 2504 construxit
1257 2457 1289 2504 et
1302 2447 1435 2504 habitum

284 2536 457 2594 monialium
479 2535 650 2609 assumpsit.
694 2534 823 2609 Contigit
845 2535 926 2592 enim
944 2544 976 2592 vt
997 2553 1065 2592 cum
1090 2535 1247 2592 ecclesiam
1274 2535 1306 2591 in
1328 2537 1435 2593 eodem

284 2625 349 2681 loco
362 2633 557 2692 construeret,
571 2623 642 2679 nihil
656 2621 827 2680 victualium
840 2633 941 2696 preter
956 2621 1069 2680 siccum
1087 2639 1196 2695 panem
1213 2622 1341 2680 haberet
1357 2625 1435 2696 quod

283 2711 428 2786 operariis
442 2711 505 2768 suis
514 2719 687 2785 apponeret
718 2710 768 2767 Ad
776 2709 895 2767 vnicam
905 2727 978 2784 ergo
990 2719 1058 2783 post
1071 2709 1225 2766 Christum
1237 2727 1327 2783 spem
1342 2729 1436 2778 suam,

283 2799 331 2856 dei
350 2799 524 2874 genitricem
543 2798 683 2872 confugit,
702 2807 732 2855 et
750 2816 806 2872 pro
825 2797 948 2854 instanti
970 2797 1148 2854 necessitate
1166 2797 1312 2870 precibus
1330 2816 1435 2872 rogare

239 2905 269 2956 ²⁵
284 2887 371 2962 cepit.
408 2887 545 2961 Cumque
567 2885 644 2942 inter
664 2903 772 2960 preces
793 2885 947 2958 paululum
969 2884 1150 2954 dormitaret,
1169 2885 1260 2942 astitit
1284 2885 1313 2942 ei
1332 2887 1436 2959 regina

283 2975 432 3050 virginum
457 2972 677 3048 pulchritudine
698 2972 840 3030 ineffabili
864 2974 1011 3042 decorata,
1032 2974 1145 3029 docens
1166 2990 1235 3029 eam
1256 2972 1288 3029 in
1314 2974 1435 3031 domino

284 3063 395 3121 habere
420 3062 568 3132 fiduciam,
589 3079 649 3117 non
671 3060 810 3118 solicitari
831 3061 870 3118 de
890 3061 970 3117 victu
990 3078 1143 3134 corporeo,
1164 3077 1219 3116 nec
1242 3061 1377 3135 cogitare
1398 3064 1435 3119 de

284 3151 422 3208 crastino.
460 3149 561 3206 ‘Mitte
569 3149 589 3219 ⁴,
611 3149 714 3222 inquit,
736 3148 865 3205 diluculo
886 3150 1002 3222 puellas
1024 3147 1175 3205 ministras
1197 3150 1235 3205 ad
1260 3151 1433 3222 proximum

284 3249 407 3312 pontem
420 3237 567 3296 siluestris
580 3235 681 3293 fluuii:
701 3235 741 3292 ibi
758 3235 840 3293 enim
858 3237 964 3293 diebus
979 3236 1105 3309 singulis
1124 3245 1283 3293 occurrent
1301 3239 1362 3294 duo
1374 3238 1434 3294 sere

240 3345 271 3397 30
285 3325 421 3395 lactissue,
434 3343 509 3398 quas
522 3324 698 3397 mulgenteS,
711 3324 848 3380 solatium
858 3325 948 3380 victui
961 3334 1062 3381 vestro
1073 3323 1193 3380 interim
1206 3325 1436 3394 ministrabunt'

286 3413 376 3470 Facto
400 3421 501 3470 autem
527 3430 626 3482 mane,
648 3411 729 3468 misit
755 3412 830 3468 duas
851 3413 966 3485 puellas
987 3413 1023 3468 ad
1046 3421 1170 3485 pontem
1193 3429 1254 3468 vno
1276 3414 1375 3470 stadio
1394 3413 1435 3469 di·

285 3509 433 3558 stantem:
463 3509 494 3557 et
516 3518 586 3557 ecce
607 3509 768 3556 occurrunt
788 3499 845 3555 illis
866 3501 925 3556 due
947 3517 1036 3556 cerne
1058 3499 1145 3572 quasi
1165 3501 1342 3571 domestice,
1361 3519 1435 3574 quas

317 3678 325 3707 ¹
341 3681 397 3731 VB.
411 3681 555 3731 habentem.
753 3677 764 3708 ³
780 3680 809 3730 T.
823 3680 939 3730 ciatrem

316 3744 327 3775 ⁸
342 3747 405 3797 Ant.
417 3755 443 3796 et
455 3747 520 3796 Coll
533 3748 558 3795 in
570 3745 601 3796 T.
612 3763 618 3798 τ

320 3809 415 3871 illicito
430 3821 560 3869 connubio
575 3819 663 3868 matris
679 3834 744 3882 puer
754 3819 889 3870 Wistanus
905 3818 1014 3868 Resistit
1028 3818 1094 3881 legis
1108 3821 1203 3880 studio,
1215 3836 1294 3882 quem
1306 3831 1437 3884 compater

284 3889 436 3952 prophanus
454 3887 571 3935 Accitana
593 3886 620 3934 in
640 3885 769 3948 colloquio
793 3884 914 3934 interficit
932 3900 979 3948 spe
999 3901 1090 3944 uanus,
1112 3887 1244 3936 insontem
1264 3889 1303 3936 sic
1322 3891 1436 3937 martirio

285 3960 392 4004 coronat
402 3967 466 4001 seua
477 3967 574 4000 manus.
609 3949 639 4000 V.
660 3950 713 4000 Ora
723 3966 771 4012 pro
782 3951 864 4000 nobis.

320 4018 399 4078 Deus
411 4027 453 4088 qui
465 4026 640 4074 beatissimum
656 4039 743 4086 regem
756 4025 900 4074 Wistanum
916 4026 999 4073 adhuc
1015 4023 1147 4088 puerulum
1164 4041 1213 4087 pro
1228 4024 1295 4088 legis
1311 4028 1435 4076 catholice

285 4092 439 4142 defensione
450 4091 612 4140 dimicantem
629 4091 803 4139 occumbendo
819 4091 901 4139 fecisti
917 4091 1048 4150 uictorem,
1063 4098 1150 4153 presta
1161 4107 1304 4153 quesumus
1315 4101 1343 4140 ut
1356 4094 1435 4155 ipsim

285 4158 404 4235 exempla
415 4166 555 4219 sequentes
570 4173 618 4220 per
631 4157 814 4206 aduersitatum
829 4157 993 4206 toleranciam
1007 4157 1167 4220 perhennem
1183 4159 1315 4208 ualeam
1325 4159 1433 4208 leticiam

284 4224 483 4338 adppffl'ppgm
496 4287 541 4336 the
549 4285 609 4335 Vita
619 4287 736 4336 ascribed
748 4295 774 4338 to
787 4287 916 4346 Goecelm,
928 4289 955 4335 in
969 4287 1021 4338 taS.
1032 4287 1110 4351 Corp.
1117 4287 1180 4341 cnr.
1191 4287 1259 4338 Coll.
1267 4287 1369 4340 Cambr.
1376 4303 1432 4351 393

286 4354 359 4404 Trin.
371 4353 435 4404 Coll.
448 4354 508 4404 Cbr.
520 4353 585 4403 Gale
596 4353 628 4404 0.
641 4369 664 4403 a.
679 4369 699 4403 r.
784 4353 794 4383 ⁸
811 4353 840 4403 E.
854 4353 954 4405 Mittite
