<?xml version="1.0" encoding="UTF-8"?>
<!DOCTYPE html PUBLIC "-//W3C//DTD XHTML 1.0 Transitional//EN"
    "http://www.w3.org/TR/xhtml1/DTD/xhtml1-transitional.dtd">
<html xmlns="http://www.w3.org/1999/xhtml" xml:lang="en" lang="en">
 <head>
  <title>
</title>
<meta http-equiv="Content-Type" content="text/html;charset=utf-8" />
  <meta name='ocr-system' content='tesseract 3.04.00' />
  <meta name='ocr-capabilities' content='ocr_page ocr_carea ocr_par ocr_line ocrx_word'/>
</head>
<body>
  <div class='ocr_page' id='page_1' title='image "./novalegendaangl00wordgoog/novalegendaangl00wordgoog_0040.png"; bbox 0 0 3044 4894; ppageno 0'>
   <div class='ocr_carea' id='block_1_1' title="bbox 451 291 870 395">
    <p class='ocr_par' dir='ltr' id='par_1_1' title="bbox 451 291 870 395">
     <span class='ocr_line' id='line_1_1' title="bbox 451 291 870 395; baseline -0.017 -8"><span class='ocrx_word' id='word_1_1' title='bbox 451 293 527 387; x_wconf 65' lang='lat' dir='ltr'><strong>bc</strong></span> <span class='ocrx_word' id='word_1_2' title='bbox 551 291 717 382; x_wconf 69' lang='lat' dir='ltr'><strong>sanun</strong></span> <span class='ocrx_word' id='word_1_3' title='bbox 736 291 870 395; x_wconf 76' lang='lat' dir='ltr'><strong>uiua</strong></span> 
     </span>
    </p>
   </div>
   <div class='ocr_carea' id='block_1_2' title="bbox 274 495 1051 570">
    <p class='ocr_par' dir='ltr' id='par_1_2' title="bbox 274 495 1051 570">
     <span class='ocr_line' id='line_1_2' title="bbox 274 495 1051 570; baseline -0.008 0"><span class='ocrx_word' id='word_1_4' title='bbox 274 507 299 570; x_wconf 62' lang='lat' dir='ltr'><strong>ii</strong></span> <span class='ocrx_word' id='word_1_5' title='bbox 319 495 374 566; x_wconf 79' lang='lat' dir='ltr'><strong>DE</strong></span> <span class='ocrx_word' id='word_1_6' title='bbox 392 523 509 565; x_wconf 78' lang='lat' dir='ltr'><strong>SANCTA</strong></span> <span class='ocrx_word' id='word_1_7' title='bbox 529 495 641 564; x_wconf 68' lang='lat' dir='ltr'><strong>Hiran</strong></span> <span class='ocrx_word' id='word_1_8' title='bbox 658 523 783 564; x_wconf 77' lang='lat' dir='ltr'><strong>vntoirta</strong></span> <span class='ocrx_word' id='word_1_9' title='bbox 802 523 840 564; x_wconf 80' lang='lat' dir='ltr'><strong>ET</strong></span> <span class='ocrx_word' id='word_1_10' title='bbox 857 505 1051 564; x_wconf 75' lang='lat' dir='ltr'><strong>nsaartssn¹.</strong></span> 
     </span>
    </p>
   </div>
   <div class='ocr_carea' id='block_1_3' title="bbox 84 617 1286 4018">
    <p class='ocr_par' dir='ltr' id='par_1_3' title="bbox 84 617 1286 4018">
     <span class='ocr_line' id='line_1_3' title="bbox 89 617 1238 747; baseline -0.002 -70"><span class='ocrx_word' id='word_1_11' title='bbox 89 619 287 747; x_wconf 79' lang='lat' dir='ltr'><strong>REligiosa</strong></span> <span class='ocrx_word' id='word_1_12' title='bbox 306 619 418 678; x_wconf 90' lang='lat' dir='ltr'><strong>Christi</strong></span> <span class='ocrx_word' id='word_1_13' title='bbox 437 619 547 677; x_wconf 82' lang='lat' dir='ltr'><strong>famula</strong></span> <span class='ocrx_word' id='word_1_14' title='bbox 566 619 666 688; x_wconf 88' lang='lat' dir='ltr'><strong>Hilda,</strong></span> <span class='ocrx_word' id='word_1_15' title='bbox 679 619 830 676; x_wconf 85' lang='lat' dir='ltr'><strong>abbatissa</strong></span> <span class='ocrx_word' id='word_1_16' title='bbox 847 619 1020 676; x_wconf 88' lang='lat' dir='ltr'><strong>monasterii</strong></span> <span class='ocrx_word' id='word_1_17' title='bbox 1037 619 1116 692; x_wconf 91' lang='lat' dir='ltr'><strong>quod</strong></span> <span class='ocrx_word' id='word_1_18' title='bbox 1129 617 1238 675; x_wconf 90' lang='lat' dir='ltr'><strong>dicitur</strong></span> 
     </span>
     <span class='ocr_line' id='line_1_4' title="bbox 191 706 1237 781; baseline -0.002 -15"><span class='ocrx_word' id='word_1_19' title='bbox 191 707 415 778; x_wconf 89' lang='lat' dir='ltr'><strong>Streneshalch,</strong></span> <span class='ocrx_word' id='word_1_20' title='bbox 432 716 501 781; x_wconf 88' lang='lat' dir='ltr'><strong>post</strong></span> <span class='ocrx_word' id='word_1_21' title='bbox 519 707 613 764; x_wconf 85' lang='lat' dir='ltr'><strong>multa</strong></span> <span class='ocrx_word' id='word_1_22' title='bbox 632 724 693 780; x_wconf 91' lang='lat' dir='ltr'><strong>que</strong></span> <span class='ocrx_word' id='word_1_23' title='bbox 714 707 784 763; x_wconf 82' lang='lat' dir='ltr'><strong>iecit</strong></span> <span class='ocrx_word' id='word_1_24' title='bbox 802 706 833 763; x_wconf 89' lang='lat' dir='ltr'><strong>in</strong></span> <span class='ocrx_word' id='word_1_25' title='bbox 851 706 941 763; x_wconf 91' lang='lat' dir='ltr'><strong>terris</strong></span> <span class='ocrx_word' id='word_1_26' title='bbox 959 725 1052 780; x_wconf 90' lang='lat' dir='ltr'><strong>opera</strong></span> <span class='ocrx_word' id='word_1_27' title='bbox 1064 707 1187 764; x_wconf 89' lang='lat' dir='ltr'><strong>celestia</strong></span> <span class='ocrx_word' id='word_1_28' title='bbox 1200 707 1237 764; x_wconf 92' lang='lat' dir='ltr'><strong>ad</strong></span> 
     </span>
     <span class='ocr_line' id='line_1_5' title="bbox 85 790 1237 873; baseline -0.005 -17"><span class='ocrx_word' id='word_1_29' title='bbox 85 797 282 873; x_wconf 90' lang='lat' dir='ltr'><strong>percipienda</strong></span> <span class='ocrx_word' id='word_1_30' title='bbox 297 790 413 869; x_wconf 90' lang='lat' dir='ltr'><strong>premia</strong></span> <span class='ocrx_word' id='word_1_31' title='bbox 427 795 488 852; x_wconf 85' lang='lat' dir='ltr'><strong>vite</strong></span> <span class='ocrx_word' id='word_1_32' title='bbox 505 794 626 851; x_wconf 90' lang='lat' dir='ltr'><strong>celestis</strong></span> <span class='ocrx_word' id='word_1_33' title='bbox 643 795 681 850; x_wconf 96' lang='lat' dir='ltr'><strong>de</strong></span> <span class='ocrx_word' id='word_1_34' title='bbox 698 793 788 850; x_wconf 88' lang='lat' dir='ltr'><strong>terris</strong></span> <span class='ocrx_word' id='word_1_35' title='bbox 805 794 902 850; x_wconf 89' lang='lat' dir='ltr'><strong>ablata</strong></span> <span class='ocrx_word' id='word_1_36' title='bbox 919 793 1011 866; x_wconf 84' lang='lat' dir='ltr'><strong>[est]¹</strong></span> <span class='ocrx_word' id='word_1_37' title='bbox 1025 811 1105 851; x_wconf 90' lang='lat' dir='ltr'><strong>anno</strong></span> <span class='ocrx_word' id='word_1_38' title='bbox 1124 795 1237 850; x_wconf 91' lang='lat' dir='ltr'><strong>domini</strong></span> 
     </span>
     <span class='ocr_line' id='line_1_6' title="bbox 85 881 1238 955; baseline -0.004 -12"><span class='ocrx_word' id='word_1_39' title='bbox 85 885 309 944; x_wconf 84' lang='lat' dir='ltr'><strong>sexcentesimo</strong></span> <span class='ocrx_word' id='word_1_40' title='bbox 330 881 523 955; x_wconf 82' lang='lat' dir='ltr'><strong>octogesimo,</strong></span> <span class='ocrx_word' id='word_1_41' title='bbox 543 881 647 954; x_wconf 92' lang='lat' dir='ltr'><strong>quinto</strong></span> <span class='ocrx_word' id='word_1_42' title='bbox 672 882 788 938; x_wconf 89' lang='lat' dir='ltr'><strong>decimo</strong></span> <span class='ocrx_word' id='word_1_43' title='bbox 810 881 953 938; x_wconf 85' lang='lat' dir='ltr'>kalendas</span> <span class='ocrx_word' id='word_1_44' title='bbox 972 881 1148 951; x_wconf 86' lang='lat' dir='ltr'><strong>decembris,</strong></span> <span class='ocrx_word' id='word_1_45' title='bbox 1168 900 1238 944; x_wconf 91' lang='lat' dir='ltr'><strong>cum</strong></span> 
     </span>
     <span class='ocr_line' id='line_1_7' title="bbox 85 969 1267 1043; baseline -0.004 -12"><span class='ocrx_word' id='word_1_46' title='bbox 85 983 170 1031; x_wconf 91' lang='lat' dir='ltr'><strong>esset</strong></span> <span class='ocrx_word' id='word_1_47' title='bbox 188 988 336 1030; x_wconf 87' lang='lat' dir='ltr'><strong>annorum</strong></span> <span class='ocrx_word' id='word_1_48' title='bbox 353 970 574 1043; x_wconf 85' lang='lat' dir='ltr'><strong>sexagintasex.</strong></span> <span class='ocrx_word' id='word_1_49' title='bbox 611 969 726 1040; x_wconf 87' lang='lat' dir='ltr'><strong>Quibus</strong></span> <span class='ocrx_word' id='word_1_50' title='bbox 740 987 817 1043; x_wconf 93' lang='lat' dir='ltr'><strong>equa</strong></span> <span class='ocrx_word' id='word_1_51' title='bbox 829 969 965 1042; x_wconf 85' lang='lat' dir='ltr'><strong>portione</strong></span> <span class='ocrx_word' id='word_1_52' title='bbox 978 969 1091 1038; x_wconf 90' lang='lat' dir='ltr'><strong>diuisis,</strong></span> <span class='ocrx_word' id='word_1_53' title='bbox 1104 969 1236 1042; x_wconf 85' lang='lat' dir='ltr'><strong>triginta·</strong></span> <span class='ocrx_word' id='word_1_54' title='bbox 1253 985 1267 1036; x_wconf 90' lang='lat'><strong>5</strong></span> 
     </span>
     <span class='ocr_line' id='line_1_8' title="bbox 84 1052 1237 1134; baseline -0.003 -16"><span class='ocrx_word' id='word_1_55' title='bbox 84 1070 150 1118; x_wconf 87' lang='lat' dir='ltr'><strong>tres</strong></span> <span class='ocrx_word' id='word_1_56' title='bbox 165 1059 305 1134; x_wconf 88' lang='lat' dir='ltr'><strong>primo[s]</strong></span> <span class='ocrx_word' id='word_1_57' title='bbox 324 1059 355 1114; x_wconf 89' lang='lat' dir='ltr'><strong>in</strong></span> <span class='ocrx_word' id='word_1_58' title='bbox 369 1057 495 1114; x_wconf 87' lang='lat' dir='ltr'><strong>seculari</strong></span> <span class='ocrx_word' id='word_1_59' title='bbox 513 1056 613 1113; x_wconf 92' lang='lat' dir='ltr'><strong>habitu</strong></span> <span class='ocrx_word' id='word_1_60' title='bbox 631 1052 818 1113; x_wconf 86' lang='lat' dir='ltr'><strong>nobilissime</strong></span> <span class='ocrx_word' id='word_1_61' title='bbox 833 1066 1011 1114; x_wconf 87' lang='lat' dir='ltr'><strong>conuersata</strong></span> <span class='ocrx_word' id='word_1_62' title='bbox 1023 1056 1192 1130; x_wconf 91' lang='lat' dir='ltr'><strong>compleuit,</strong></span> <span class='ocrx_word' id='word_1_63' title='bbox 1207 1067 1237 1114; x_wconf 89' lang='lat' dir='ltr'><strong>et</strong></span> 
     </span>
     <span class='ocr_line' id='line_1_9' title="bbox 84 1143 1238 1219; baseline -0.003 -15"><span class='ocrx_word' id='word_1_64' title='bbox 84 1148 212 1205; x_wconf 90' lang='lat' dir='ltr'><strong>totidem</strong></span> <span class='ocrx_word' id='word_1_65' title='bbox 231 1153 396 1219; x_wconf 87' lang='lat' dir='ltr'><strong>sequentes</strong></span> <span class='ocrx_word' id='word_1_66' title='bbox 420 1145 550 1202; x_wconf 88' lang='lat' dir='ltr'><strong>nobilius</strong></span> <span class='ocrx_word' id='word_1_67' title='bbox 573 1144 603 1200; x_wconf 89' lang='lat' dir='ltr'><strong>in</strong></span> <span class='ocrx_word' id='word_1_68' title='bbox 626 1143 790 1200; x_wconf 86' lang='lat' dir='ltr'><strong>monastica</strong></span> <span class='ocrx_word' id='word_1_69' title='bbox 812 1143 873 1200; x_wconf 89' lang='lat' dir='ltr'><strong>vita</strong></span> <span class='ocrx_word' id='word_1_70' title='bbox 898 1144 1019 1201; x_wconf 89' lang='lat' dir='ltr'><strong>domino</strong></span> <span class='ocrx_word' id='word_1_71' title='bbox 1043 1146 1238 1202; x_wconf 90' lang='lat' dir='ltr'><strong>consecrauit.</strong></span> 
     </span>
     <span class='ocr_line' id='line_1_10' title="bbox 86 1230 1238 1304; baseline -0.003 -12"><span class='ocrx_word' id='word_1_72' title='bbox 86 1237 166 1292; x_wconf 90' lang='lat' dir='ltr'><strong>Nam</strong></span> <span class='ocrx_word' id='word_1_73' title='bbox 179 1243 209 1291; x_wconf 90' lang='lat' dir='ltr'><strong>et</strong></span> <span class='ocrx_word' id='word_1_74' title='bbox 222 1233 330 1290; x_wconf 91' lang='lat' dir='ltr'><strong>nobilis</strong></span> <span class='ocrx_word' id='word_1_75' title='bbox 347 1241 418 1289; x_wconf 88' lang='lat' dir='ltr'><strong>natu</strong></span> <span class='ocrx_word' id='word_1_76' title='bbox 436 1241 508 1300; x_wconf 89' lang='lat' dir='ltr'><strong>erat,</strong></span> <span class='ocrx_word' id='word_1_77' title='bbox 521 1231 634 1289; x_wconf 89' lang='lat' dir='ltr'><strong>scilicet</strong></span> <span class='ocrx_word' id='word_1_78' title='bbox 647 1231 708 1288; x_wconf 87' lang='lat' dir='ltr'><strong>filia</strong></span> <span class='ocrx_word' id='word_1_79' title='bbox 725 1231 843 1304; x_wconf 89' lang='lat' dir='ltr'><strong>nepotis</strong></span> <span class='ocrx_word' id='word_1_80' title='bbox 861 1230 979 1288; x_wconf 88' lang='lat' dir='ltr'><strong>Edwini</strong></span> <span class='ocrx_word' id='word_1_81' title='bbox 993 1233 1081 1304; x_wconf 88' lang='lat' dir='ltr'><strong>regis,</strong></span> <span class='ocrx_word' id='word_1_82' title='bbox 1093 1233 1238 1289; x_wconf 89' lang='lat' dir='ltr'><strong>vocabulo</strong></span> 
     </span>
     <span class='ocr_line' id='line_1_11' title="bbox 87 1318 1238 1394; baseline -0.003 -15"><span class='ocrx_word' id='word_1_83' title='bbox 87 1321 246 1391; x_wconf 81' lang='lat' dir='ltr'><strong>Hererici3</strong></span> <span class='ocrx_word' id='word_1_84' title='bbox 273 1337 341 1377; x_wconf 90' lang='lat' dir='ltr'><strong>cum</strong></span> <span class='ocrx_word' id='word_1_85' title='bbox 359 1337 420 1393; x_wconf 92' lang='lat' dir='ltr'><strong>quo</strong></span> <span class='ocrx_word' id='word_1_86' title='bbox 437 1318 529 1376; x_wconf 89' lang='lat' dir='ltr'><strong>etiam</strong></span> <span class='ocrx_word' id='word_1_87' title='bbox 550 1336 621 1391; x_wconf 87' lang='lat' dir='ltr'><strong>rege</strong></span> <span class='ocrx_word' id='word_1_88' title='bbox 646 1320 684 1375; x_wconf 90' lang='lat' dir='ltr'><strong>ad</strong></span> <span class='ocrx_word' id='word_1_89' title='bbox 710 1319 944 1392; x_wconf 86' lang='lat' dir='ltr'><strong>predicationem</strong></span> <span class='ocrx_word' id='word_1_90' title='bbox 965 1319 1080 1375; x_wconf 87' lang='lat' dir='ltr'><strong>Paulini</strong></span> <span class='ocrx_word' id='word_1_91' title='bbox 1105 1319 1238 1394; x_wconf 89' lang='lat' dir='ltr'><strong>episcopi</strong></span> 
     </span>
     <span class='ocr_line' id='line_1_12' title="bbox 85 1406 1284 1484; baseline 0 -19"><span class='ocrx_word' id='word_1_92' title='bbox 85 1409 177 1484; x_wconf 92' lang='lat' dir='ltr'><strong>primi</strong></span> <span class='ocrx_word' id='word_1_93' title='bbox 191 1407 523 1465; x_wconf 88' lang='lat' dir='ltr'><strong>Northanhumbrorum</strong></span> <span class='ocrx_word' id='word_1_94' title='bbox 537 1407 629 1463; x_wconf 86' lang='lat' dir='ltr'><strong>iidem</strong></span> <span class='ocrx_word' id='word_1_95' title='bbox 641 1415 672 1463; x_wconf 90' lang='lat' dir='ltr'><strong>et</strong></span> <span class='ocrx_word' id='word_1_96' title='bbox 682 1414 869 1463; x_wconf 87' lang='lat' dir='ltr'><strong>sacramenta</strong></span> <span class='ocrx_word' id='word_1_97' title='bbox 879 1406 989 1464; x_wconf 84' lang='lat' dir='ltr'><strong>Christi</strong></span> <span class='ocrx_word' id='word_1_98' title='bbox 1000 1407 1140 1481; x_wconf 90' lang='lat' dir='ltr'><strong>suscepit.</strong></span> <span class='ocrx_word' id='word_1_99' title='bbox 1172 1407 1238 1478; x_wconf 87' lang='lat' dir='ltr'><strong>Que</strong></span> <span class='ocrx_word' id='word_1_100' title='bbox 1254 1429 1284 1466; x_wconf 73' lang='grc' dir='ltr'><strong>ιο</strong></span> 
     </span>
     <span class='ocr_line' id='line_1_13' title="bbox 85 1493 1238 1568; baseline -0.002 -14"><span class='ocrx_word' id='word_1_101' title='bbox 85 1514 156 1554; x_wconf 90' lang='lat' dir='ltr'><strong>cum</strong></span> <span class='ocrx_word' id='word_1_102' title='bbox 169 1497 272 1554; x_wconf 90' lang='lat' dir='ltr'><strong>relicto</strong></span> <span class='ocrx_word' id='word_1_103' title='bbox 289 1495 390 1551; x_wconf 90' lang='lat' dir='ltr'><strong>habitu</strong></span> <span class='ocrx_word' id='word_1_104' title='bbox 408 1493 535 1551; x_wconf 81' lang='lat' dir='ltr'><strong>seculari</strong></span> <span class='ocrx_word' id='word_1_105' title='bbox 554 1495 612 1550; x_wconf 89' lang='lat' dir='ltr'><strong>deo</strong></span> <span class='ocrx_word' id='word_1_106' title='bbox 630 1496 746 1552; x_wconf 87' lang='lat' dir='ltr'><strong>seruire</strong></span> <span class='ocrx_word' id='word_1_107' title='bbox 766 1494 958 1564; x_wconf 89' lang='lat' dir='ltr'><strong>decreuisset,</strong></span> <span class='ocrx_word' id='word_1_108' title='bbox 972 1495 1097 1552; x_wconf 90' lang='lat' dir='ltr'><strong>secessit</strong></span> <span class='ocrx_word' id='word_1_109' title='bbox 1115 1497 1152 1552; x_wconf 96' lang='lat' dir='ltr'><strong>ad</strong></span> <span class='ocrx_word' id='word_1_110' title='bbox 1170 1513 1238 1568; x_wconf 86' lang='lat' dir='ltr'><strong>pro·</strong></span> 
     </span>
     <span class='ocr_line' id='line_1_14' title="bbox 85 1581 1238 1655; baseline -0.003 -13"><span class='ocrx_word' id='word_1_111' title='bbox 85 1585 217 1643; x_wconf 89' lang='lat' dir='ltr'><strong>uinciam</strong></span> <span class='ocrx_word' id='word_1_112' title='bbox 231 1582 431 1640; x_wconf 86' lang='lat' dir='ltr'><strong>Orientalium</strong></span> <span class='ocrx_word' id='word_1_113' title='bbox 447 1581 625 1654; x_wconf 69' lang='lat' dir='ltr'><strong>Augurum,</strong></span> <span class='ocrx_word' id='word_1_114' title='bbox 638 1591 703 1638; x_wconf 89' lang='lat' dir='ltr'><strong>erat</strong></span> <span class='ocrx_word' id='word_1_115' title='bbox 720 1599 850 1655; x_wconf 87' lang='lat' dir='ltr'><strong>namque</strong></span> <span class='ocrx_word' id='word_1_116' title='bbox 867 1581 1036 1655; x_wconf 87' lang='lat' dir='ltr'><strong>propinqua</strong></span> <span class='ocrx_word' id='word_1_117' title='bbox 1048 1582 1129 1655; x_wconf 83' lang='lat' dir='ltr'><strong>regis</strong></span> <span class='ocrx_word' id='word_1_118' title='bbox 1140 1582 1238 1653; x_wconf 90' lang='lat' dir='ltr'><strong>illius;</strong></span> 
     </span>
     <span class='ocr_line' id='line_1_15' title="bbox 85 1668 1239 1743; baseline -0.001 -14"><span class='ocrx_word' id='word_1_119' title='bbox 85 1673 264 1730; x_wconf 88' lang='lat' dir='ltr'><strong>desiderans</strong></span> <span class='ocrx_word' id='word_1_120' title='bbox 283 1669 402 1740; x_wconf 83' lang='lat' dir='ltr'><strong>exinde,</strong></span> <span class='ocrx_word' id='word_1_121' title='bbox 420 1668 446 1726; x_wconf 92' lang='lat' dir='ltr'><strong>si</strong></span> <span class='ocrx_word' id='word_1_122' title='bbox 465 1687 525 1742; x_wconf 91' lang='lat' dir='ltr'><strong>quo</strong></span> <span class='ocrx_word' id='word_1_123' title='bbox 541 1670 630 1726; x_wconf 90' lang='lat' dir='ltr'><strong>modo</strong></span> <span class='ocrx_word' id='word_1_124' title='bbox 649 1677 761 1742; x_wconf 89' lang='lat' dir='ltr'><strong>posset,</strong></span> <span class='ocrx_word' id='word_1_125' title='bbox 779 1669 920 1725; x_wconf 90' lang='lat' dir='ltr'><strong>derelicta</strong></span> <span class='ocrx_word' id='word_1_126' title='bbox 938 1668 1034 1743; x_wconf 89' lang='lat' dir='ltr'><strong>patria</strong></span> <span class='ocrx_word' id='word_1_127' title='bbox 1051 1679 1081 1726; x_wconf 90' lang='lat' dir='ltr'><strong>et</strong></span> <span class='ocrx_word' id='word_1_128' title='bbox 1099 1671 1239 1728; x_wconf 89' lang='lat' dir='ltr'><strong>omnibus</strong></span> 
     </span>
     <span class='ocr_line' id='line_1_16' title="bbox 84 1756 1286 1833; baseline -0.001 -17"><span class='ocrx_word' id='word_1_129' title='bbox 84 1776 266 1833; x_wconf 89' lang='lat' dir='ltr'><strong>quecunque</strong></span> <span class='ocrx_word' id='word_1_130' title='bbox 286 1757 439 1824; x_wconf 84' lang='lat' dir='ltr'><strong>habuerat,</strong></span> <span class='ocrx_word' id='word_1_131' title='bbox 462 1756 539 1828; x_wconf 86' lang='lat' dir='ltr'><strong>[in]⁸</strong></span> <span class='ocrx_word' id='word_1_132' title='bbox 559 1756 685 1814; x_wconf 86' lang='lat' dir='ltr'><strong>Galliam</strong></span> <span class='ocrx_word' id='word_1_133' title='bbox 710 1756 871 1829; x_wconf 89' lang='lat' dir='ltr'><strong>peruenire</strong></span> <span class='ocrx_word' id='word_1_134' title='bbox 892 1766 980 1830; x_wconf 88' lang='lat' dir='ltr'><strong>atque</strong></span> <span class='ocrx_word' id='word_1_135' title='bbox 1005 1757 1035 1813; x_wconf 92' lang='lat' dir='ltr'><strong>in</strong></span> <span class='ocrx_word' id='word_1_136' title='bbox 1056 1760 1238 1815; x_wconf 89' lang='lat' dir='ltr'><strong>monasterio</strong></span> <span class='ocrx_word' id='word_1_137' title='bbox 1281 1763 1286 1774; x_wconf 97' lang='grc'><strong>’</strong></span> 
     </span>
     <span class='ocr_line' id='line_1_17' title="bbox 86 1842 1284 1919; baseline -0.004 -15"><span class='ocrx_word' id='word_1_138' title='bbox 86 1847 160 1904; x_wconf 90' lang='lat' dir='ltr'><strong>Cale</strong></span> <span class='ocrx_word' id='word_1_139' title='bbox 178 1845 370 1919; x_wconf 80' lang='lat' dir='ltr'><strong>peregrinam</strong></span> <span class='ocrx_word' id='word_1_140' title='bbox 388 1861 445 1917; x_wconf 92' lang='lat' dir='ltr'><strong>pro</strong></span> <span class='ocrx_word' id='word_1_141' title='bbox 464 1844 586 1901; x_wconf 88' lang='lat' dir='ltr'><strong>domino</strong></span> <span class='ocrx_word' id='word_1_142' title='bbox 605 1843 697 1901; x_wconf 90' lang='lat' dir='ltr'><strong>vitam</strong></span> <span class='ocrx_word' id='word_1_143' title='bbox 716 1842 914 1918; x_wconf 77' lang='lat' dir='ltr'><strong>ducere,‘quo</strong></span> <span class='ocrx_word' id='word_1_144' title='bbox 931 1843 1044 1902; x_wconf 86' lang='lat' dir='ltr'><strong>facilius</strong></span> <span class='ocrx_word' id='word_1_145' title='bbox 1061 1855 1238 1918; x_wconf 88' lang='lat' dir='ltr'><strong>perpetuam</strong></span> <span class='ocrx_word' id='word_1_146' title='bbox 1256 1863 1284 1914; x_wconf 88' lang='lat'><strong>15</strong></span> 
     </span>
     <span class='ocr_line' id='line_1_18' title="bbox 84 1929 1239 2006; baseline -0.002 -14"><span class='ocrx_word' id='word_1_147' title='bbox 84 1935 118 1992; x_wconf 88' lang='lat' dir='ltr'><strong>in</strong></span> <span class='ocrx_word' id='word_1_148' title='bbox 138 1934 212 1991; x_wconf 92' lang='lat' dir='ltr'><strong>celis</strong></span> <span class='ocrx_word' id='word_1_149' title='bbox 231 1932 357 2006; x_wconf 87' lang='lat' dir='ltr'><strong>patriam</strong></span> <span class='ocrx_word' id='word_1_150' title='bbox 376 1941 480 2005; x_wconf 90' lang='lat' dir='ltr'><strong>posset</strong></span> <span class='ocrx_word' id='word_1_151' title='bbox 497 1931 664 2004; x_wconf 89' lang='lat' dir='ltr'><strong>promereri</strong></span> <span class='ocrx_word' id='word_1_152' title='bbox 673 1929 692 1988; x_wconf 87' lang='lat'><strong>⁴.</strong></span> <span class='ocrx_word' id='word_1_153' title='bbox 738 1932 815 1988; x_wconf 89' lang='lat' dir='ltr'><strong>Nam</strong></span> <span class='ocrx_word' id='word_1_154' title='bbox 834 1939 864 1988; x_wconf 91' lang='lat' dir='ltr'><strong>et</strong></span> <span class='ocrx_word' id='word_1_155' title='bbox 882 1931 913 1988; x_wconf 87' lang='lat' dir='ltr'><strong>in</strong></span> <span class='ocrx_word' id='word_1_156' title='bbox 931 1933 1038 1989; x_wconf 89' lang='lat' dir='ltr'><strong>eodem</strong></span> <span class='ocrx_word' id='word_1_157' title='bbox 1057 1933 1239 1990; x_wconf 89' lang='lat' dir='ltr'><strong>monasterio</strong></span> 
     </span>
     <span class='ocr_line' id='line_1_19' title="bbox 87 2019 1239 2094; baseline -0.002 -15"><span class='ocrx_word' id='word_1_158' title='bbox 87 2039 175 2079; x_wconf 89' lang='lat' dir='ltr'><strong>soror</strong></span> <span class='ocrx_word' id='word_1_159' title='bbox 187 2021 282 2094; x_wconf 89' lang='lat' dir='ltr'><strong>ipsius</strong></span> <span class='ocrx_word' id='word_1_160' title='bbox 300 2019 488 2089; x_wconf 89' lang='lat' dir='ltr'><strong>Hereswida‚</strong></span> <span class='ocrx_word' id='word_1_161' title='bbox 502 2028 599 2075; x_wconf 91' lang='lat' dir='ltr'><strong>mater</strong></span> <span class='ocrx_word' id='word_1_162' title='bbox 611 2019 735 2076; x_wconf 89' lang='lat' dir='ltr'><strong>Aldwlfi</strong></span> <span class='ocrx_word' id='word_1_163' title='bbox 747 2019 828 2092; x_wconf 87' lang='lat' dir='ltr'><strong>regis</strong></span> <span class='ocrx_word' id='word_1_164' title='bbox 846 2019 1043 2076; x_wconf 85' lang='lat' dir='ltr'><strong>Orientalium</strong></span> <span class='ocrx_word' id='word_1_165' title='bbox 1060 2021 1239 2092; x_wconf 86' lang='lat' dir='ltr'><strong>Anglorum,</strong></span> 
     </span>
     <span class='ocr_line' id='line_1_20' title="bbox 87 2105 1241 2183; baseline -0.001 -17"><span class='ocrx_word' id='word_1_166' title='bbox 87 2109 274 2183; x_wconf 85' lang='lat' dir='ltr'><strong>regularibus</strong></span> <span class='ocrx_word' id='word_1_167' title='bbox 303 2106 422 2164; x_wconf 91' lang='lat' dir='ltr'><strong>subdita</strong></span> <span class='ocrx_word' id='word_1_168' title='bbox 447 2105 613 2179; x_wconf 90' lang='lat' dir='ltr'><strong>disciplinis</strong></span> <span class='ocrx_word' id='word_1_169' title='bbox 645 2107 712 2180; x_wconf 92' lang='lat' dir='ltr'><strong>ipso</strong></span> <span class='ocrx_word' id='word_1_170' title='bbox 735 2116 873 2180; x_wconf 90' lang='lat' dir='ltr'><strong>tempore</strong></span> <span class='ocrx_word' id='word_1_171' title='bbox 898 2123 1039 2162; x_wconf 88' lang='lat' dir='ltr'><strong>coronam</strong></span> <span class='ocrx_word' id='word_1_172' title='bbox 1064 2109 1241 2180; x_wconf 84' lang='lat' dir='ltr'><strong>expectabat</strong></span> 
     </span>
     <span class='ocr_line' id='line_1_21' title="bbox 87 2193 1239 2268; baseline -0.002 -14"><span class='ocrx_word' id='word_1_173' title='bbox 87 2206 233 2255; x_wconf 87' lang='lat' dir='ltr'><strong>eternam.</strong></span> <span class='ocrx_word' id='word_1_174' title='bbox 270 2195 363 2252; x_wconf 89' lang='lat' dir='ltr'><strong>Cuius</strong></span> <span class='ocrx_word' id='word_1_175' title='bbox 381 2194 510 2251; x_wconf 90' lang='lat' dir='ltr'><strong>emulata</strong></span> <span class='ocrx_word' id='word_1_176' title='bbox 529 2194 703 2266; x_wconf 82' lang='lat' dir='ltr'><strong>exemplum</strong></span> <span class='ocrx_word' id='word_1_177' title='bbox 721 2203 751 2250; x_wconf 87' lang='lat' dir='ltr'><strong>et</strong></span> <span class='ocrx_word' id='word_1_178' title='bbox 769 2193 842 2267; x_wconf 83' lang='lat' dir='ltr'><strong>ipsa,</strong></span> <span class='ocrx_word' id='word_1_179' title='bbox 859 2195 1012 2267; x_wconf 89' lang='lat' dir='ltr'><strong>proposito</strong></span> <span class='ocrx_word' id='word_1_180' title='bbox 1028 2195 1239 2268; x_wconf 86' lang='lat' dir='ltr'><strong>peregrinandi</strong></span> 
     </span>
     <span class='ocr_line' id='line_1_22' title="bbox 87 2280 1285 2356; baseline -0.002 -14"><span class='ocrx_word' id='word_1_181' title='bbox 87 2281 223 2342; x_wconf 68' lang='lat' dir='ltr'><strong>annum⁸</strong></span> <span class='ocrx_word' id='word_1_182' title='bbox 238 2291 333 2339; x_wconf 88' lang='lat' dir='ltr'><strong>totum</strong></span> <span class='ocrx_word' id='word_1_183' title='bbox 352 2282 383 2338; x_wconf 91' lang='lat' dir='ltr'><strong>in</strong></span> <span class='ocrx_word' id='word_1_184' title='bbox 402 2281 555 2356; x_wconf 88' lang='lat' dir='ltr'><strong>prouincia</strong></span> <span class='ocrx_word' id='word_1_185' title='bbox 573 2280 688 2355; x_wconf 87' lang='lat' dir='ltr'><strong>prefata</strong></span> <span class='ocrx_word' id='word_1_186' title='bbox 706 2290 822 2338; x_wconf 88' lang='lat' dir='ltr'><strong>retenta</strong></span> <span class='ocrx_word' id='word_1_187' title='bbox 840 2290 895 2339; x_wconf 82' lang='lat' dir='ltr'><strong>est</strong></span> <span class='ocrx_word' id='word_1_188' title='bbox 934 2280 1050 2337; x_wconf 91' lang='lat' dir='ltr'><strong>Deinde</strong></span> <span class='ocrx_word' id='word_1_189' title='bbox 1068 2283 1105 2340; x_wconf 87' lang='lat' dir='ltr'><strong>ab</strong></span> <span class='ocrx_word' id='word_1_190' title='bbox 1120 2283 1239 2340; x_wconf 86' lang='lat' dir='ltr'><strong>Aidano</strong></span> <span class='ocrx_word' id='word_1_191' title='bbox 1254 2305 1285 2340; x_wconf 78' lang='lat' dir='ltr'><strong>ao</strong></span> 
     </span>
     <span class='ocr_line' id='line_1_23' title="bbox 88 2368 1239 2445; baseline -0.002 -16"><span class='ocrx_word' id='word_1_192' title='bbox 88 2373 233 2445; x_wconf 87' lang='lat' dir='ltr'><strong>episcopo</strong></span> <span class='ocrx_word' id='word_1_193' title='bbox 250 2370 307 2427; x_wconf 82' lang='lat' dir='ltr'><strong>ad‘</strong></span> <span class='ocrx_word' id='word_1_194' title='bbox 318 2370 445 2444; x_wconf 90' lang='lat' dir='ltr'><strong>patriam</strong></span> <span class='ocrx_word' id='word_1_195' title='bbox 465 2378 612 2440; x_wconf 88' lang='lat' dir='ltr'><strong>reuocata,</strong></span> <span class='ocrx_word' id='word_1_196' title='bbox 628 2368 743 2443; x_wconf 88' lang='lat' dir='ltr'><strong>accepit</strong></span> <span class='ocrx_word' id='word_1_197' title='bbox 761 2369 858 2425; x_wconf 92' lang='lat' dir='ltr'><strong>locum</strong></span> <span class='ocrx_word' id='word_1_198' title='bbox 879 2368 966 2426; x_wconf 81' lang='lat' dir='ltr'><strong>unius</strong></span> <span class='ocrx_word' id='word_1_199' title='bbox 985 2369 1095 2427; x_wconf 82' lang='lat' dir='ltr'><strong>familie</strong></span> <span class='ocrx_word' id='word_1_200' title='bbox 1114 2372 1151 2428; x_wconf 88' lang='lat' dir='ltr'><strong>ad</strong></span> <span class='ocrx_word' id='word_1_201' title='bbox 1170 2388 1239 2445; x_wconf 88' lang='lat' dir='ltr'><strong>sep-</strong></span> 
     </span>
     <span class='ocr_line' id='line_1_24' title="bbox 88 2455 1239 2532; baseline 0 -15"><span class='ocrx_word' id='word_1_202' title='bbox 88 2459 300 2518; x_wconf 88' lang='lat' dir='ltr'><strong>tentrionalem</strong></span> <span class='ocrx_word' id='word_1_203' title='bbox 314 2459 433 2532; x_wconf 83' lang='lat' dir='ltr'><strong>plagam</strong></span> <span class='ocrx_word' id='word_1_204' title='bbox 444 2455 541 2514; x_wconf 68' lang='lat' dir='ltr'><strong>Wiri&#39;</strong></span> <span class='ocrx_word' id='word_1_205' title='bbox 554 2455 687 2514; x_wconf 86' lang='lat' dir='ltr'><strong>fluminis</strong></span> <span class='ocrx_word' id='word_1_206' title='bbox 700 2477 707 2514; x_wconf 78' lang='grc' dir='ltr'><strong>ι</strong></span> <span class='ocrx_word' id='word_1_207' title='bbox 722 2457 771 2514; x_wconf 92' lang='lat' dir='ltr'><strong>vbi</strong></span> <span class='ocrx_word' id='word_1_208' title='bbox 784 2475 863 2514; x_wconf 91' lang='lat' dir='ltr'><strong>anno</strong></span> <span class='ocrx_word' id='word_1_209' title='bbox 875 2475 934 2514; x_wconf 90' lang='lat' dir='ltr'><strong>vno</strong></span> <span class='ocrx_word' id='word_1_210' title='bbox 947 2458 1160 2515; x_wconf 78' lang='lat' dir='ltr'><strong>monasticam⁸</strong></span> <span class='ocrx_word' id='word_1_211' title='bbox 1171 2477 1239 2517; x_wconf 91' lang='lat' dir='ltr'><strong>cum</strong></span> 
     </span>
     <span class='ocr_line' id='line_1_25' title="bbox 88 2544 1239 2622; baseline 0 -18"><span class='ocrx_word' id='word_1_212' title='bbox 88 2546 251 2622; x_wconf 88' lang='lat' dir='ltr'><strong>perpaucis</strong></span> <span class='ocrx_word' id='word_1_213' title='bbox 275 2545 364 2603; x_wconf 91' lang='lat' dir='ltr'><strong>sociis</strong></span> <span class='ocrx_word' id='word_1_214' title='bbox 388 2549 479 2603; x_wconf 88' lang='lat' dir='ltr'><strong>vitam</strong></span> <span class='ocrx_word' id='word_1_215' title='bbox 510 2545 624 2617; x_wconf 81' lang='lat' dir='ltr'><strong>agebat</strong></span> <span class='ocrx_word' id='word_1_216' title='bbox 674 2545 746 2602; x_wconf 90' lang='lat' dir='ltr'><strong>Post</strong></span> <span class='ocrx_word' id='word_1_217' title='bbox 771 2546 827 2602; x_wconf 89' lang='lat' dir='ltr'><strong>hec</strong></span> <span class='ocrx_word' id='word_1_218' title='bbox 852 2544 928 2601; x_wconf 87' lang='lat' dir='ltr'><strong>sacta</strong></span> <span class='ocrx_word' id='word_1_219' title='bbox 958 2553 1005 2602; x_wconf 92' lang='lat' dir='ltr'><strong>est</strong></span> <span class='ocrx_word' id='word_1_220' title='bbox 1034 2546 1184 2604; x_wconf 87' lang='lat' dir='ltr'><strong>abbatissa</strong></span> <span class='ocrx_word' id='word_1_221' title='bbox 1207 2547 1239 2604; x_wconf 91' lang='lat' dir='ltr'><strong>in</strong></span> 
     </span>
     <span class='ocr_line' id='line_1_26' title="bbox 88 2631 1238 2708; baseline 0 -16"><span class='ocrx_word' id='word_1_222' title='bbox 88 2633 273 2692; x_wconf 90' lang='lat' dir='ltr'><strong>monasterio</strong></span> <span class='ocrx_word' id='word_1_223' title='bbox 292 2634 371 2706; x_wconf 92' lang='lat' dir='ltr'><strong>quod</strong></span> <span class='ocrx_word' id='word_1_224' title='bbox 393 2641 516 2690; x_wconf 88' lang='lat' dir='ltr'><strong>vocatur</strong></span> <span class='ocrx_word' id='word_1_225' title='bbox 538 2631 712 2704; x_wconf 68' lang='lat' dir='ltr'><strong>Hertheial,</strong></span> <span class='ocrx_word' id='word_1_226' title='bbox 733 2631 764 2689; x_wconf 93' lang='lat' dir='ltr'><strong>id</strong></span> <span class='ocrx_word' id='word_1_227' title='bbox 792 2641 838 2689; x_wconf 91' lang='lat' dir='ltr'><strong>est</strong></span> <span class='ocrx_word' id='word_1_228' title='bbox 862 2631 976 2689; x_wconf 88' lang='lat' dir='ltr'><strong>‘insula</strong></span> <span class='ocrx_word' id='word_1_229' title='bbox 1005 2633 1134 2705; x_wconf 85' lang='lat' dir='ltr'><strong>cemi¹⁰,’</strong></span> <span class='ocrx_word' id='word_1_230' title='bbox 1159 2638 1238 2708; x_wconf 92' lang='lat' dir='ltr'><strong>quod</strong></span> 
     </span>
     <span class='ocr_line' id='line_1_27' title="bbox 88 2718 1284 2794; baseline -0.003 -15"><span class='ocrx_word' id='word_1_231' title='bbox 88 2722 227 2779; x_wconf 89' lang='lat' dir='ltr'><strong>videlicet</strong></span> <span class='ocrx_word' id='word_1_232' title='bbox 239 2720 454 2777; x_wconf 89' lang='lat' dir='ltr'><strong>monasterium</strong></span> <span class='ocrx_word' id='word_1_233' title='bbox 470 2718 580 2776; x_wconf 88' lang='lat' dir='ltr'><strong>sactum</strong></span> <span class='ocrx_word' id='word_1_234' title='bbox 598 2727 662 2776; x_wconf 89' lang='lat' dir='ltr'><strong>erat</strong></span> <span class='ocrx_word' id='word_1_235' title='bbox 675 2737 736 2776; x_wconf 89' lang='lat' dir='ltr'><strong>non</strong></span> <span class='ocrx_word' id='word_1_236' title='bbox 750 2721 843 2777; x_wconf 91' lang='lat' dir='ltr'><strong>multo</strong></span> <span class='ocrx_word' id='word_1_237' title='bbox 856 2729 924 2778; x_wconf 90' lang='lat' dir='ltr'><strong>ante</strong></span> <span class='ocrx_word' id='word_1_238' title='bbox 941 2738 959 2777; x_wconf 91' lang='lat' dir='ltr'><strong>a</strong></span> <span class='ocrx_word' id='word_1_239' title='bbox 976 2721 1113 2794; x_wconf 88' lang='lat' dir='ltr'><strong>religiosa</strong></span> <span class='ocrx_word' id='word_1_240' title='bbox 1128 2722 1239 2780; x_wconf 88' lang='lat' dir='ltr'><strong>Christi</strong></span> <span class='ocrx_word' id='word_1_241' title='bbox 1254 2739 1284 2790; x_wconf 81' lang='lat'><strong>²5</strong></span> 
     </span>
     <span class='ocr_line' id='line_1_28' title="bbox 90 2807 1240 2881; baseline 0 -14"><span class='ocrx_word' id='word_1_242' title='bbox 90 2810 200 2868; x_wconf 82' lang='lat' dir='ltr'><strong>famula</strong></span> <span class='ocrx_word' id='word_1_243' title='bbox 220 2808 303 2880; x_wconf 86' lang='lat' dir='ltr'><strong>Bega</strong></span> <span class='ocrx_word' id='word_1_244' title='bbox 312 2807 341 2878; x_wconf 86' lang='lat'><strong>¹¹,</strong></span> <span class='ocrx_word' id='word_1_245' title='bbox 360 2825 418 2880; x_wconf 90' lang='lat' dir='ltr'><strong>que</strong></span> <span class='ocrx_word' id='word_1_246' title='bbox 437 2807 535 2881; x_wconf 85' lang='lat' dir='ltr'><strong>prima</strong></span> <span class='ocrx_word' id='word_1_247' title='bbox 552 2807 736 2864; x_wconf 84' lang='lat' dir='ltr'><strong>seminarum</strong></span> <span class='ocrx_word' id='word_1_248' title='bbox 754 2807 849 2864; x_wconf 87' lang='lat' dir='ltr'><strong>fertur</strong></span> <span class='ocrx_word' id='word_1_249' title='bbox 866 2807 897 2864; x_wconf 91' lang='lat' dir='ltr'><strong>in</strong></span> <span class='ocrx_word' id='word_1_250' title='bbox 916 2809 1070 2881; x_wconf 89' lang='lat' dir='ltr'><strong>prouincia</strong></span> <span class='ocrx_word' id='word_1_251' title='bbox 1090 2809 1240 2867; x_wconf 91' lang='lat' dir='ltr'><strong>Northan·</strong></span> 
     </span>
     <span class='ocr_line' id='line_1_29' title="bbox 89 2894 1240 2968; baseline 0.002 -14"><span class='ocrx_word' id='word_1_252' title='bbox 89 2897 287 2954; x_wconf 90' lang='lat' dir='ltr'><strong>humbrorum</strong></span> <span class='ocrx_word' id='word_1_253' title='bbox 312 2894 498 2968; x_wconf 87' lang='lat' dir='ltr'><strong>propositum</strong></span> <span class='ocrx_word' id='word_1_254' title='bbox 521 2904 698 2968; x_wconf 89' lang='lat' dir='ltr'><strong>vestemque</strong></span> <span class='ocrx_word' id='word_1_255' title='bbox 723 2894 957 2952; x_wconf 88' lang='lat' dir='ltr'><strong>sanctimonialis</strong></span> <span class='ocrx_word' id='word_1_256' title='bbox 983 2895 1109 2966; x_wconf 84' lang='lat' dir='ltr'><strong>habitus,</strong></span> <span class='ocrx_word' id='word_1_257' title='bbox 1134 2916 1240 2956; x_wconf 89' lang='lat' dir='ltr'><strong>conse·</strong></span> 
     </span>
     <span class='ocr_line' id='line_1_30' title="bbox 90 2970 1241 3057; baseline 0.001 -16"><span class='ocrx_word' id='word_1_258' title='bbox 90 2992 195 3042; x_wconf 85' lang='lat' dir='ltr'><strong>crante</strong></span> <span class='ocrx_word' id='word_1_259' title='bbox 227 2982 347 3038; x_wconf 88' lang='lat' dir='ltr'><strong>Aidano</strong></span> <span class='ocrx_word' id='word_1_260' title='bbox 376 2981 528 3056; x_wconf 88' lang='lat' dir='ltr'><strong>episcopo,</strong></span> <span class='ocrx_word' id='word_1_261' title='bbox 553 2983 733 3055; x_wconf 89' lang='lat' dir='ltr'><strong>suscepisse.</strong></span> <span class='ocrx_word' id='word_1_262' title='bbox 814 2970 936 3040; x_wconf 89' lang='lat' dir='ltr'><strong>Prelata</strong></span> <span class='ocrx_word' id='word_1_263' title='bbox 960 2982 1050 3056; x_wconf 87' lang='lat' dir='ltr'><strong>igitur</strong></span> <span class='ocrx_word' id='word_1_264' title='bbox 1074 2984 1241 3057; x_wconf 79' lang='lat' dir='ltr'><strong>regimini¹²</strong></span> 
     </span>
     <span class='ocr_line' id='line_1_31' title="bbox 90 3068 1241 3146; baseline 0.001 -18"><span class='ocrx_word' id='word_1_265' title='bbox 90 3069 267 3128; x_wconf 86' lang='lat' dir='ltr'><strong>monasterii</strong></span> <span class='ocrx_word' id='word_1_266' title='bbox 287 3068 366 3125; x_wconf 90' lang='lat' dir='ltr'><strong>illius</strong></span> <span class='ocrx_word' id='word_1_267' title='bbox 387 3068 497 3126; x_wconf 87' lang='lat' dir='ltr'><strong>famula</strong></span> <span class='ocrx_word' id='word_1_268' title='bbox 518 3069 630 3126; x_wconf 89' lang='lat' dir='ltr'><strong>Christi</strong></span> <span class='ocrx_word' id='word_1_269' title='bbox 652 3069 751 3140; x_wconf 86' lang='lat' dir='ltr'><strong>Hilda,</strong></span> <span class='ocrx_word' id='word_1_270' title='bbox 773 3087 844 3126; x_wconf 82' lang='lat' dir='ltr'><strong>mox</strong></span> <span class='ocrx_word' id='word_1_271' title='bbox 869 3070 924 3126; x_wconf 92' lang='lat' dir='ltr'><strong>hoc</strong></span> <span class='ocrx_word' id='word_1_272' title='bbox 949 3071 1077 3142; x_wconf 85' lang='lat' dir='ltr'><strong>regulari</strong></span> <span class='ocrx_word' id='word_1_273' title='bbox 1102 3072 1161 3129; x_wconf 89' lang='lat' dir='ltr'><strong>vita</strong></span> <span class='ocrx_word' id='word_1_274' title='bbox 1185 3091 1241 3146; x_wconf 90' lang='lat' dir='ltr'><strong>per</strong></span> 
     </span>
     <span class='ocr_line' id='line_1_32' title="bbox 90 3155 1286 3230; baseline 0.001 -13"><span class='ocrx_word' id='word_1_275' title='bbox 90 3158 202 3227; x_wconf 89' lang='lat' dir='ltr'><strong>omnia,</strong></span> <span class='ocrx_word' id='word_1_276' title='bbox 214 3164 303 3230; x_wconf 87' lang='lat' dir='ltr'><strong>prout</strong></span> <span class='ocrx_word' id='word_1_277' title='bbox 322 3173 340 3213; x_wconf 92' lang='lat' dir='ltr'><strong>a</strong></span> <span class='ocrx_word' id='word_1_278' title='bbox 358 3156 453 3214; x_wconf 89' lang='lat' dir='ltr'><strong>doctis</strong></span> <span class='ocrx_word' id='word_1_279' title='bbox 471 3155 543 3214; x_wconf 87' lang='lat' dir='ltr'><strong>viris</strong></span> <span class='ocrx_word' id='word_1_280' title='bbox 561 3157 679 3214; x_wconf 87' lang='lat' dir='ltr'><strong>discere</strong></span> <span class='ocrx_word' id='word_1_281' title='bbox 697 3166 823 3230; x_wconf 89' lang='lat' dir='ltr'><strong>poterat,</strong></span> <span class='ocrx_word' id='word_1_282' title='bbox 839 3157 979 3215; x_wconf 91' lang='lat' dir='ltr'><strong>ordinare</strong></span> <span class='ocrx_word' id='word_1_283' title='bbox 995 3159 1124 3216; x_wconf 89' lang='lat' dir='ltr'><strong>curabat.</strong></span> <span class='ocrx_word' id='word_1_284' title='bbox 1162 3160 1239 3217; x_wconf 90' lang='lat' dir='ltr'><strong>Nam</strong></span> <span class='ocrx_word' id='word_1_285' title='bbox 1254 3180 1286 3230; x_wconf 78' lang='lat'><strong>30</strong></span> 
     </span>
     <span class='ocr_line' id='line_1_33' title="bbox 89 3244 1240 3319; baseline -0.001 -14"><span class='ocrx_word' id='word_1_286' title='bbox 89 3256 121 3305; x_wconf 92' lang='lat' dir='ltr'><strong>et</strong></span> <span class='ocrx_word' id='word_1_287' title='bbox 134 3245 295 3319; x_wconf 89' lang='lat' dir='ltr'><strong>episcopus</strong></span> <span class='ocrx_word' id='word_1_288' title='bbox 308 3244 453 3315; x_wconf 86' lang='lat' dir='ltr'><strong>Aidanus,</strong></span> <span class='ocrx_word' id='word_1_289' title='bbox 467 3253 497 3302; x_wconf 93' lang='lat' dir='ltr'><strong>et</strong></span> <span class='ocrx_word' id='word_1_290' title='bbox 512 3245 623 3317; x_wconf 91' lang='lat' dir='ltr'><strong>quique</strong></span> <span class='ocrx_word' id='word_1_291' title='bbox 642 3253 788 3301; x_wconf 87' lang='lat' dir='ltr'><strong>nouerant</strong></span> <span class='ocrx_word' id='word_1_292' title='bbox 807 3261 873 3301; x_wconf 88' lang='lat' dir='ltr'><strong>eam</strong></span> <span class='ocrx_word' id='word_1_293' title='bbox 891 3245 1030 3317; x_wconf 83' lang='lat' dir='ltr'><strong>religiosi,</strong></span> <span class='ocrx_word' id='word_1_294' title='bbox 1044 3263 1100 3318; x_wconf 92' lang='lat' dir='ltr'><strong>pro</strong></span> <span class='ocrx_word' id='word_1_295' title='bbox 1112 3247 1200 3304; x_wconf 89' lang='lat' dir='ltr'><strong>insita</strong></span> <span class='ocrx_word' id='word_1_296' title='bbox 1212 3248 1240 3306; x_wconf 95' lang='lat' dir='ltr'><strong>ei</strong></span> 
     </span>
     <span class='ocr_line' id='line_1_34' title="bbox 90 3331 1240 3407; baseline 0 -15"><span class='ocrx_word' id='word_1_297' title='bbox 90 3332 240 3407; x_wconf 90' lang='lat' dir='ltr'><strong>sapientia</strong></span> <span class='ocrx_word' id='word_1_298' title='bbox 249 3341 279 3390; x_wconf 87' lang='lat' dir='ltr'><strong>et</strong></span> <span class='ocrx_word' id='word_1_299' title='bbox 289 3349 391 3389; x_wconf 89' lang='lat' dir='ltr'><strong>amore</strong></span> <span class='ocrx_word' id='word_1_300' title='bbox 404 3331 497 3389; x_wconf 91' lang='lat' dir='ltr'><strong>diuini</strong></span> <span class='ocrx_word' id='word_1_301' title='bbox 510 3331 669 3388; x_wconf 87' lang='lat' dir='ltr'><strong>famulatus</strong></span> <span class='ocrx_word' id='word_1_302' title='bbox 682 3332 786 3388; x_wconf 89' lang='lat' dir='ltr'><strong>sedulo</strong></span> <span class='ocrx_word' id='word_1_303' title='bbox 798 3349 866 3388; x_wconf 89' lang='lat' dir='ltr'><strong>eam</strong></span> <span class='ocrx_word' id='word_1_304' title='bbox 874 3331 1003 3401; x_wconf 85' lang='lat' dir='ltr'><strong>visitare,</strong></span> <span class='ocrx_word' id='word_1_305' title='bbox 1012 3333 1121 3391; x_wconf 83' lang='lat' dir='ltr'><strong>obnixe</strong></span> <span class='ocrx_word' id='word_1_306' title='bbox 1129 3352 1240 3406; x_wconf 88' lang='lat' dir='ltr'><strong>amare,</strong></span> 
     </span>
     <span class='ocr_line' id='line_1_35' title="bbox 90 3419 1241 3495; baseline 0 -16"><span class='ocrx_word' id='word_1_307' title='bbox 90 3421 251 3495; x_wconf 89' lang='lat' dir='ltr'><strong>diligenter</strong></span> <span class='ocrx_word' id='word_1_308' title='bbox 263 3420 383 3477; x_wconf 90' lang='lat' dir='ltr'><strong>erudire</strong></span> <span class='ocrx_word' id='word_1_309' title='bbox 396 3419 540 3477; x_wconf 90' lang='lat' dir='ltr'><strong>solebant.</strong></span> <span class='ocrx_word' id='word_1_310' title='bbox 571 3419 648 3476; x_wconf 90' lang='lat' dir='ltr'><strong>Cum</strong></span> <span class='ocrx_word' id='word_1_311' title='bbox 657 3436 730 3492; x_wconf 85' lang='lat' dir='ltr'><strong>ergo</strong></span> <span class='ocrx_word' id='word_1_312' title='bbox 742 3419 853 3492; x_wconf 85' lang='lat' dir='ltr'><strong>aliquot</strong></span> <span class='ocrx_word' id='word_1_313' title='bbox 865 3437 962 3476; x_wconf 91' lang='lat' dir='ltr'><strong>annos</strong></span> <span class='ocrx_word' id='word_1_314' title='bbox 975 3419 1042 3476; x_wconf 93' lang='lat' dir='ltr'><strong>huic</strong></span> <span class='ocrx_word' id='word_1_315' title='bbox 1051 3422 1241 3492; x_wconf 89' lang='lat' dir='ltr'><strong>monasterio,</strong></span> 
     </span>
     <span class='ocr_line' id='line_1_36' title="bbox 91 3505 1241 3582; baseline 0 -15"><span class='ocrx_word' id='word_1_316' title='bbox 91 3507 239 3582; x_wconf 82' lang='lat' dir='ltr'><strong>regularis</strong></span> <span class='ocrx_word' id='word_1_317' title='bbox 249 3507 311 3566; x_wconf 86' lang='lat' dir='ltr'><strong>vite</strong></span> <span class='ocrx_word' id='word_1_318' title='bbox 324 3505 500 3563; x_wconf 91' lang='lat' dir='ltr'><strong>institutioni</strong></span> <span class='ocrx_word' id='word_1_319' title='bbox 513 3508 639 3564; x_wconf 90' lang='lat' dir='ltr'><strong>multum</strong></span> <span class='ocrx_word' id='word_1_320' title='bbox 653 3506 767 3563; x_wconf 88' lang='lat' dir='ltr'><strong>intenta</strong></span> <span class='ocrx_word' id='word_1_321' title='bbox 778 3516 923 3579; x_wconf 89' lang='lat' dir='ltr'><strong>preesset,</strong></span> <span class='ocrx_word' id='word_1_322' title='bbox 932 3507 1054 3580; x_wconf 85' lang='lat' dir='ltr'><strong>contigit</strong></span> <span class='ocrx_word' id='word_1_323' title='bbox 1066 3526 1133 3565; x_wconf 89' lang='lat' dir='ltr'><strong>eam</strong></span> <span class='ocrx_word' id='word_1_324' title='bbox 1147 3510 1241 3567; x_wconf 90' lang='lat' dir='ltr'><strong>susci-</strong></span> 
     </span>
     <span class='ocr_line' id='line_1_37' title="bbox 90 3593 1286 3674; baseline 0.001 -21"><span class='ocrx_word' id='word_1_325' title='bbox 90 3614 167 3672; x_wconf 92' lang='lat' dir='ltr'><strong>pere</strong></span> <span class='ocrx_word' id='word_1_326' title='bbox 181 3594 293 3667; x_wconf 86' lang='lat' dir='ltr'><strong>[etiam]</strong></span> <span class='ocrx_word' id='word_1_327' title='bbox 308 3595 541 3652; x_wconf 87' lang='lat' dir='ltr'><strong>construendum</strong></span> <span class='ocrx_word' id='word_1_328' title='bbox 555 3594 619 3650; x_wconf 92' lang='lat' dir='ltr'><strong>siue</strong></span> <span class='ocrx_word' id='word_1_329' title='bbox 631 3593 829 3652; x_wconf 88' lang='lat' dir='ltr'><strong>ordinandum</strong></span> <span class='ocrx_word' id='word_1_330' title='bbox 843 3595 1056 3652; x_wconf 88' lang='lat' dir='ltr'><strong>monasterium</strong></span> <span class='ocrx_word' id='word_1_331' title='bbox 1069 3596 1099 3652; x_wconf 90' lang='lat' dir='ltr'><strong>in</strong></span> <span class='ocrx_word' id='word_1_332' title='bbox 1113 3598 1177 3654; x_wconf 89' lang='lat' dir='ltr'><strong>loco</strong></span> <span class='ocrx_word' id='word_1_333' title='bbox 1190 3599 1241 3671; x_wconf 92' lang='lat' dir='ltr'><strong>qui</strong></span> <span class='ocrx_word' id='word_1_334' title='bbox 1255 3622 1286 3674; x_wconf 79' lang='lat'><strong>35</strong></span> 
     </span>
     <span class='ocr_line' id='line_1_38' title="bbox 90 3681 1241 3756; baseline -0.001 -14"><span class='ocrx_word' id='word_1_335' title='bbox 90 3693 217 3742; x_wconf 88' lang='lat' dir='ltr'><strong>vocatur</strong></span> <span class='ocrx_word' id='word_1_336' title='bbox 236 3682 469 3740; x_wconf 87' lang='lat' dir='ltr'><strong>Streneshalch:</strong></span> <span class='ocrx_word' id='word_1_337' title='bbox 497 3683 578 3754; x_wconf 92' lang='lat' dir='ltr'><strong>quod</strong></span> <span class='ocrx_word' id='word_1_338' title='bbox 596 3699 672 3755; x_wconf 93' lang='lat' dir='ltr'><strong>opus</strong></span> <span class='ocrx_word' id='word_1_339' title='bbox 692 3681 750 3739; x_wconf 86' lang='lat' dir='ltr'><strong>sibi</strong></span> <span class='ocrx_word' id='word_1_340' title='bbox 770 3681 935 3739; x_wconf 91' lang='lat' dir='ltr'><strong>iniunctum</strong></span> <span class='ocrx_word' id='word_1_341' title='bbox 955 3701 1015 3739; x_wconf 90' lang='lat' dir='ltr'><strong>non</strong></span> <span class='ocrx_word' id='word_1_342' title='bbox 1034 3685 1168 3756; x_wconf 87' lang='lat' dir='ltr'><strong>segniter</strong></span> <span class='ocrx_word' id='word_1_343' title='bbox 1184 3685 1241 3742; x_wconf 92' lang='lat' dir='ltr'><strong>im·</strong></span> 
     </span>
     <span class='ocr_line' id='line_1_39' title="bbox 91 3769 1241 3848; baseline 0 -19"><span class='ocrx_word' id='word_1_344' title='bbox 91 3772 197 3848; x_wconf 88' lang='lat' dir='ltr'><strong>pleuit.</strong></span> <span class='ocrx_word' id='word_1_345' title='bbox 229 3770 305 3826; x_wconf 89' lang='lat' dir='ltr'><strong>Nam</strong></span> <span class='ocrx_word' id='word_1_346' title='bbox 319 3769 444 3838; x_wconf 89' lang='lat' dir='ltr'><strong>eisdem,</strong></span> <span class='ocrx_word' id='word_1_347' title='bbox 453 3769 561 3844; x_wconf 90' lang='lat' dir='ltr'><strong>quibus</strong></span> <span class='ocrx_word' id='word_1_348' title='bbox 572 3769 656 3843; x_wconf 90' lang='lat' dir='ltr'><strong>prius</strong></span> <span class='ocrx_word' id='word_1_349' title='bbox 669 3769 893 3840; x_wconf 88' lang='lat' dir='ltr'><strong>monasterium,</strong></span> <span class='ocrx_word' id='word_1_350' title='bbox 907 3769 996 3827; x_wconf 87' lang='lat' dir='ltr'><strong>etiam</strong></span> <span class='ocrx_word' id='word_1_351' title='bbox 1009 3770 1065 3828; x_wconf 93' lang='lat' dir='ltr'><strong>hoc</strong></span> <span class='ocrx_word' id='word_1_352' title='bbox 1077 3772 1241 3845; x_wconf 90' lang='lat' dir='ltr'><strong>disciplinis</strong></span> 
     </span>
     <span class='ocr_line' id='line_1_40' title="bbox 91 3857 1241 3932; baseline -0.001 -15"><span class='ocrx_word' id='word_1_353' title='bbox 91 3860 155 3917; x_wconf 89' lang='lat' dir='ltr'><strong>vite</strong></span> <span class='ocrx_word' id='word_1_354' title='bbox 174 3859 319 3932; x_wconf 79' lang='lat' dir='ltr'><strong>regularis</strong></span> <span class='ocrx_word' id='word_1_355' title='bbox 336 3857 470 3928; x_wconf 89' lang='lat' dir='ltr'><strong>instituit,</strong></span> <span class='ocrx_word' id='word_1_356' title='bbox 490 3865 520 3914; x_wconf 89' lang='lat' dir='ltr'><strong>et</strong></span> <span class='ocrx_word' id='word_1_357' title='bbox 539 3857 663 3913; x_wconf 89' lang='lat' dir='ltr'><strong>multam</strong></span> <span class='ocrx_word' id='word_1_358' title='bbox 682 3857 722 3913; x_wconf 92' lang='lat' dir='ltr'><strong>ibi</strong></span> <span class='ocrx_word' id='word_1_359' title='bbox 741 3857 859 3928; x_wconf 90' lang='lat' dir='ltr'><strong>iustitie,</strong></span> <span class='ocrx_word' id='word_1_360' title='bbox 877 3857 1002 3931; x_wconf 87' lang='lat' dir='ltr'><strong>pietatis,</strong></span> <span class='ocrx_word' id='word_1_361' title='bbox 1022 3868 1053 3915; x_wconf 91' lang='lat' dir='ltr'><strong>et</strong></span> <span class='ocrx_word' id='word_1_362' title='bbox 1068 3859 1241 3917; x_wconf 86' lang='lat' dir='ltr'><strong>castimonie</strong></span> 
     </span>
     <span class='ocr_line' id='line_1_41' title="bbox 92 3943 1241 4018; baseline -0.002 -13"><span class='ocrx_word' id='word_1_363' title='bbox 92 3957 322 4018; x_wconf 87' lang='lat' dir='ltr'><strong>ceterarumque</strong></span> <span class='ocrx_word' id='word_1_364' title='bbox 343 3944 494 4015; x_wconf 86' lang='lat' dir='ltr'><strong>virtutum,</strong></span> <span class='ocrx_word' id='word_1_365' title='bbox 513 3945 568 4001; x_wconf 90' lang='lat' dir='ltr'><strong>sed</strong></span> <span class='ocrx_word' id='word_1_366' title='bbox 589 3943 721 4001; x_wconf 89' lang='lat' dir='ltr'><strong>maxime</strong></span> <span class='ocrx_word' id='word_1_367' title='bbox 743 3943 825 4018; x_wconf 88' lang='lat' dir='ltr'><strong>pacis</strong></span> <span class='ocrx_word' id='word_1_368' title='bbox 846 3954 876 4002; x_wconf 87' lang='lat' dir='ltr'><strong>et</strong></span> <span class='ocrx_word' id='word_1_369' title='bbox 897 3945 1057 4015; x_wconf 86' lang='lat' dir='ltr'><strong>charitatis,</strong></span> <span class='ocrx_word' id='word_1_370' title='bbox 1076 3947 1241 4004; x_wconf 90' lang='lat' dir='ltr'><strong>custodiam</strong></span> 
     </span>
    </p>
   </div>
   <div class='ocr_carea' id='block_1_4' title="bbox 91 4057 1242 4455">
    <p class='ocr_par' dir='ltr' id='par_1_4' title="bbox 127 4057 1242 4125">
     <span class='ocr_line' id='line_1_42' title="bbox 127 4057 1242 4125; baseline 0.002 -17"><span class='ocrx_word' id='word_1_371' title='bbox 127 4061 135 4092; x_wconf 86' lang='lat'><em>¹</em></span> <span class='ocrx_word' id='word_1_372' title='bbox 153 4060 286 4122; x_wconf 78' lang='lat' dir='ltr'><strong>Abtidged</strong></span> <span class='ocrx_word' id='word_1_373' title='bbox 300 4059 365 4108; x_wconf 79' lang='lat' dir='ltr'><strong>from</strong></span> <span class='ocrx_word' id='word_1_374' title='bbox 381 4059 453 4109; x_wconf 87' lang='lat' dir='ltr'><strong>Beda</strong></span> <span class='ocrx_word' id='word_1_375' title='bbox 468 4059 502 4109; x_wconf 90' lang='lat' dir='ltr'><strong>H.</strong></span> <span class='ocrx_word' id='word_1_376' title='bbox 517 4059 546 4110; x_wconf 87' lang='lat' dir='ltr'><strong>E.</strong></span> <span class='ocrx_word' id='word_1_377' title='bbox 560 4057 603 4109; x_wconf 90' lang='lat' dir='ltr'><strong>IV.</strong></span> <span class='ocrx_word' id='word_1_378' title='bbox 617 4073 659 4120; x_wconf 76' lang='lat'><strong>23,</strong></span> <span class='ocrx_word' id='word_1_379' title='bbox 674 4059 740 4108; x_wconf 90' lang='lat' dir='ltr'><strong>with</strong></span> <span class='ocrx_word' id='word_1_380' title='bbox 753 4059 882 4109; x_wconf 84' lang='lat' dir='ltr'><strong>additions</strong></span> <span class='ocrx_word' id='word_1_381' title='bbox 899 4059 1022 4124; x_wconf 84' lang='lat' dir='ltr'><strong>(perhaps</strong></span> <span class='ocrx_word' id='word_1_382' title='bbox 1036 4059 1101 4108; x_wconf 80' lang='lat' dir='ltr'><strong>from</strong></span> <span class='ocrx_word' id='word_1_383' title='bbox 1117 4076 1133 4109; x_wconf 86' lang='lat' dir='ltr'><strong>a</strong></span> <span class='ocrx_word' id='word_1_384' title='bbox 1147 4060 1190 4110; x_wconf 82' lang='lat' dir='ltr'><strong>lile</strong></span> <span class='ocrx_word' id='word_1_385' title='bbox 1207 4061 1242 4125; x_wconf 85' lang='lat' dir='ltr'><strong>by</strong></span> 
     </span>
    </p>

    <p class='ocr_par' dir='ltr' id='par_1_5' title="bbox 91 4123 1242 4455">
     <span class='ocr_line' id='line_1_43' title="bbox 91 4123 1241 4218; baseline 0.001 -43"><span class='ocrx_word' id='word_1_386' title='bbox 91 4126 231 4191; x_wconf 79' lang='lat' dir='ltr'><strong>Joscelin).</strong></span> <span class='ocrx_word' id='word_1_387' title='bbox 274 4123 398 4217; x_wconf 48' lang='lat' dir='ltr'><strong>&#39;’omq</strong></span> <span class='ocrx_word' id='word_1_388' title='bbox 416 4124 685 4218; x_wconf 49' lang='lat' dir='ltr'><strong>Bedabl3transiuit3</strong></span> <span class='ocrx_word' id='word_1_389' title='bbox 753 4125 829 4204; x_wconf 70' lang='lat' dir='ltr'><strong>&#39;oua</strong></span> <span class='ocrx_word' id='word_1_390' title='bbox 903 4125 1105 4218; x_wconf 36' lang='lat' dir='ltr'><strong>‘&#39;hedmeperi.</strong></span> <span class='ocrx_word' id='word_1_391' title='bbox 1184 4127 1241 4179; x_wconf 69' lang='grc' dir='ltr'><strong>5Ε.</strong></span> 
     </span>
     <span class='ocr_line' id='line_1_44' title="bbox 92 4189 1241 4318; baseline 0 -9"><span class='ocrx_word' id='word_1_392' title='bbox 92 4209 199 4309; x_wconf 62' lang='lat' dir='ltr'><strong>iiiia.</strong></span> <span class='ocrx_word' id='word_1_393' title='bbox 267 4189 829 4318; x_wconf 60' lang='lat' dir='ltr'><strong>·n⁰?i.¹liff;lte¹ifh¹linmepohw‘“l</strong></span> <span class='ocrx_word' id='word_1_394' title='bbox 842 4189 962 4305; x_wconf 50' lang='lat' dir='ltr'><strong>{lviii</strong></span> <span class='ocrx_word' id='word_1_395' title='bbox 975 4255 1023 4305; x_wconf 91' lang='lat'>111.</span> <span class='ocrx_word' id='word_1_396' title='bbox 1036 4191 1241 4318; x_wconf 37' lang='lat' dir='ltr'><strong>unctum&amp;</strong></span> 
     </span>
     <span class='ocr_line' id='line_1_45' title="bbox 94 4321 1242 4386; baseline 0.003 -12"><span class='ocrx_word' id='word_1_397' title='bbox 94 4323 166 4374; x_wconf 83' lang='lat' dir='ltr'><strong>Helu</strong></span> <span class='ocrx_word' id='word_1_398' title='bbox 186 4323 260 4386; x_wconf 84' lang='lat' dir='ltr'><strong>(who</strong></span> <span class='ocrx_word' id='word_1_399' title='bbox 277 4337 334 4371; x_wconf 82' lang='lat' dir='ltr'><strong>was</strong></span> <span class='ocrx_word' id='word_1_400' title='bbox 353 4322 474 4386; x_wconf 82' lang='lat' dir='ltr'><strong>wrongly</strong></span> <span class='ocrx_word' id='word_1_401' title='bbox 493 4321 625 4372; x_wconf 88' lang='lat' dir='ltr'><strong>identified</strong></span> <span class='ocrx_word' id='word_1_402' title='bbox 644 4322 801 4385; x_wconf 73' lang='lat' dir='ltr'><strong>witb,Bega</strong></span> <span class='ocrx_word' id='word_1_403' title='bbox 817 4321 852 4384; x_wconf 89' lang='lat' dir='ltr'><strong>by</strong></span> <span class='ocrx_word' id='word_1_404' title='bbox 868 4322 912 4372; x_wconf 91' lang='lat' dir='ltr'><strong>the</strong></span> <span class='ocrx_word' id='word_1_405' title='bbox 930 4323 1024 4372; x_wconf 85' lang='lat' dir='ltr'><strong>author</strong></span> <span class='ocrx_word' id='word_1_406' title='bbox 1037 4321 1068 4372; x_wconf 87' lang='lat' dir='ltr'><strong>oi</strong></span> <span class='ocrx_word' id='word_1_407' title='bbox 1079 4323 1123 4372; x_wconf 89' lang='lat' dir='ltr'><strong>the</strong></span> <span class='ocrx_word' id='word_1_408' title='bbox 1136 4323 1196 4374; x_wconf 85' lang='lat' dir='ltr'><strong>Vita</strong></span> <span class='ocrx_word' id='word_1_409' title='bbox 1213 4325 1242 4378; x_wconf 88' lang='lat' dir='ltr'><strong>S.</strong></span> 
     </span>
     <span class='ocr_line' id='line_1_46' title="bbox 94 4387 468 4455; baseline -0.005 -14"><span class='ocrx_word' id='word_1_410' title='bbox 94 4391 190 4455; x_wconf 70' lang='lat' dir='ltr'><strong>sege).</strong></span> <span class='ocrx_word' id='word_1_411' title='bbox 256 4387 276 4417; x_wconf 77' lang='lat'><strong>¹²</strong></span> <span class='ocrx_word' id='word_1_412' title='bbox 293 4387 322 4438; x_wconf 82' lang='lat' dir='ltr'><strong>E.</strong></span> <span class='ocrx_word' id='word_1_413' title='bbox 336 4387 468 4450; x_wconf 73' lang='lat' dir='ltr'><strong>regimine.</strong></span> 
     </span>
    </p>
   </div>
   <div class='ocr_carea' id='block_1_5' title="bbox 0 0 1531 4894">
    <p class='ocr_par' dir='ltr' id='par_1_6' title="bbox 0 0 1531 4894">
     <span class='ocr_line' id='line_1_47' title="bbox 0 0 1531 4894; baseline 0 0"><span class='ocrx_word' id='word_1_414' title='bbox 0 0 1531 4894; x_wconf 95' lang='lat' dir='ltr'><strong> </strong></span> 
     </span>
    </p>
   </div>
  </div>
 </body>
</html>
