3052 4896
263 313 336 388 550
697 281 900 385 dormit
928 284 979 360 11·

260 505 341 546 suam
354 489 518 560 opulentam
531 485 639 559 panuit
651 497 680 542 et
693 487 825 556 uberem3
844 485 919 541 intus
931 483 1029 555 religio
1045 485 1201 555 augebator
1212 487 1297 542 omni
1310 485 1395 542 hora
1408 497 1438 542 et

261 573 405 628 crescebat
428 571 542 640 cotidie,
566 570 603 626 de
627 570 694 624 ioris
717 585 786 624 vero
809 569 1004 640 possessiones
1029 569 1301 639 augmentabantur.
1346 573 1438 626 Dens

261 655 337 710 enirn
350 663 410 711 erat
423 655 451 710 in
464 655 550 710 domo
565 653 659 720 illaet
671 653 803 708 dominus
815 667 880 708 eam
892 653 1078 707 benedicebat
1088 652 1181 706 ualde.
1217 653 1244 712 ll
1257 655 1337 709 Erat
1351 655 1437 710 enirn

262 739 291 794 in
303 737 403 794 eodem
419 737 538 794 cenobio
558 737 596 792 de
615 737 748 806 Reuesby
764 735 920 791 monachus
935 735 1051 807 qnidam
1070 735 1267 792 mutabilitatis
1288 737 1437 792 incendio

233 821 457 898 geonilagratus,
472 837 490 876 a
508 820 680 876 monasterio
699 821 830 875 recedere
849 820 964 874 volens:
992 819 1040 889 qui
1062 818 1200 888 (v)eniens
1222 819 1262 874 ad
1285 821 1436 876 abbatem

263 905 415 960 aelredum
436 903 520 959 dixit:
548 905 658 970 ‘Paten
680 901 848 973 grauitatem
872 901 980 957 ordinis
1004 901 1104 957 leuitas
1125 919 1189 958 mea
1209 919 1269 958 non
1290 905 1435 971 sustinet,

261 1005 307 1044 res
326 1005 424 1044 omnes
447 986 586 1042 contrarie
612 997 677 1041 sunt
699 985 786 1040 mihi:
818 985 932 1040 diurnos
952 985 1063 1041 labores
1082 1002 1140 1040 nnn
1163 985 1233 1053 lero,
1253 987 1377 1043 crucior
1403 998 1435 1042 et

263 1087 351 1140 angor
364 1071 391 1126 in
405 1087 482 1126 mora
494 1072 578 1139 longa
590 1067 754 1139 vigiliarum,
768 1069 909 1124 laboribus
925 1069 1084 1140 frequenter
1096 1070 1250 1124 succumbo
1263 1087 1433 1134 manunnu

263 1171 328 1210 esce
341 1153 482 1210 absinthio
495 1154 523 1208 in
535 1169 583 1208 ore
596 1154 694 1208 herent
706 1151 868 1220 amariores,
880 1153 1111 1208 vestimentorum
1123 1153 1265 1223 asperitas
1283 1167 1390 1210 cutem
1404 1165 1433 1208 et

222 1254 378 1303 ,ocarnem
398 1247 548 1308 penetrans
568 1237 605 1292 ad
624 1253 690 1291 ossa
711 1253 801 1307 usque
824 1236 902 1292 nuda
920 1235 1061 1306 pertingit.
1097 1237 1190 1306 Super
1210 1236 1266 1292 hec
1288 1241 1433 1293 voluntas

263 1322 301 1378 ad
314 1322 370 1376 alia
382 1337 494 1391 semper
506 1319 603 1386 inhiat,
615 1319 732 1374 delicias
744 1319 852 1390 appetit
864 1329 892 1374 et
905 1319 943 1374 ad
961 1319 1058 1374 mundi
1072 1319 1230 1390 voluptates
1248 1321 1317 1376 sine
1337 1324 1431 1377 inter-

263 1403 397 1460 missione
418 1404 555 1474 suspirat.¹
592 1403 644 1458 Cui
664 1403 754 1457 abbas
773 1403 927 1458 Aelredus:
948 1403 1002 1458 ‘Et
1019 1419 1079 1473 ego,
1098 1402 1196 1474 inquit,
1211 1404 1431 1460 esculenciores

264 1487 341 1542 cibos
366 1496 394 1542 et
423 1485 572 1542 blandiora
596 1484 762 1541 vestimenta
786 1483 837 1542 tibi
861 1501 980 1556 prepare
1010 1495 1038 1540 et
1066 1487 1162 1541 omnia
1192 1502 1247 1557 que
1277 1489 1432 1543 monacho

264 1571 401 1626 debentur
413 1569 594 1640 portabiliora
607 1569 749 1638 indulgeo,
761 1568 917 1624 dummodo
931 1569 1133 1624 monasterium
1151 1586 1245 1624 meum
1259 1571 1431 1626 inhabitare

221 1681 250 1732 ¹5
264 1663 474 1724 perseueranter
496 1651 651 1708 sustineas!
689 1652 790 1720 ‘Nolo,
814 1652 902 1722 inquit
922 1651 976 1718 ille,
994 1652 1059 1706 licet
1081 1652 1167 1707 michi
1184 1654 1299 1709 dederis
1320 1671 1430 1710 omnes

264 1736 382 1792 diuicias
407 1737 506 1792 domus
531 1736 630 1790 huius!
667 1735 719 1790 Cui
742 1735 879 1791 Alredus:
907 1735 988 1790 ‘Nec
1011 1751 1066 1804 ego
1089 1745 1174 1805 gusto
1197 1737 1303 1804 cibum,
1329 1738 1429 1794 donec

264 1821 383 1876 inuitum
400 1831 448 1876 aut
464 1820 604 1875 volentem
621 1827 649 1874 te
666 1819 782 1874 reducat
797 1818 944 1874 dominua’
983 1818 1059 1887 Quid
1076 1819 1176 1889 plura?
1211 1821 1306 1876 Currit
1321 1839 1429 1877 mona·

265 1907 334 1960 chus
363 1903 401 1959 ad
430 1913 540 1974 portam
565 1912 594 1957 vt
618 1903 740 1968 recedat,
766 1903 903 1956 Aelredus
928 1901 957 1956 in
988 1901 1147 1957 cubiculum
1172 1903 1258 1959 intrat
1283 1915 1314 1958 vt
1342 1915 1426 1973 oret;

265 1989 434 2042 lamentatur
453 1985 594 2056 piissimus
614 1994 695 2056 pater
711 1983 808 2052 filium,
826 1995 854 2040 et
871 1985 999 2056 suspiriis
1018 1985 1112 2040 cordis
1130 2003 1279 2042 erroneum
1301 1989 1427 2060 plangit.

222 2089 252 2126 ao
267 2069 414 2140 Fugitiuus
429 2081 524 2125 autem
543 2068 580 2124 ad
600 2079 711 2139 portam
728 2069 845 2124 veniens
862 2069 936 2124 exire
952 2067 1121 2124 festinabat:
1142 2081 1184 2125 set
1199 2069 1309 2140 apertis
1328 2071 1425 2127 ianuis

265 2153 346 2225 quasi
360 2171 469 2208 murum
481 2154 599 2208 ferreum
612 2152 700 2207 sensit
717 2153 823 2207 aeriam
836 2153 999 2208 vanitatem.
1037 2155 1163 2208 conatur
1175 2155 1266 2223 magis
1278 2171 1315 2209 ac
1328 2157 1424 2225 magis

266 2237 362 2306 egredi
383 2237 532 2308 sepiusque
551 2233 692 2306 inceptat¹
705 2235 780 2290 iores
798 2237 968 2306 irrumpere:
991 2245 1035 2292 set
1053 2247 1164 2291 cessato
1181 2238 1334 2294 conamine
1354 2239 1423 2293 vetit

265 2319 337 2376 nolit
357 2335 414 2376 non
438 2319 571 2390 procedit.
618 2320 748 2374 Tandem
774 2319 861 2374 iratus
888 2317 991 2374 acriter
1014 2319 1067 2375 sibi
1093 2319 1155 2390 ipsi,
1179 2321 1312 2377 cardines
1337 2321 1422 2377 ianue

267 2413 383 2474 utraque
402 2419 488 2458 manu
504 2401 700 2473 apprehendit,
713 2412 741 2458 et
758 2403 860 2473 pedem
872 2419 958 2457 vnum
976 2403 1113 2473 producta
1129 2402 1199 2459 tibia
1215 2407 1375 2462 extendens
1394 2407 1421 2461 in
1509 2469 1510 2472 Ἴ

223 2501 253 2554 aa
266 2489 391 2555 longum,
409 2487 487 2541 nullo
508 2486 594 2541 modo
615 2485 692 2540 illurn
710 2487 754 2540 vel
776 2487 813 2541 ad
833 2485 957 2542 medium
979 2485 1082 2541 liminis
1103 2487 1223 2557 dirigere
1245 2490 1421 2558 preualebat.
1509 2511 1510 2548 1

266 2571 346 2625 Tunc
365 2585 463 2626 omnes
484 2569 531 2640 qui
550 2571 668 2625 aderant
690 2569 865 2626 detestantur
886 2569 1115 2640 ingratitudinem
1137 2570 1211 2625 illius
1233 2588 1302 2641 erga
1324 2573 1420 2640 deum,

266 2663 294 2708 et
314 2651 403 2722 patris
421 2651 535 2708 Aelredi
552 2652 733 2722 magnificant
749 2652 903 2719 caritatem,
923 2651 970 2723 qui
988 2653 1118 2709 oracione
1135 2669 1187 2708 sua
1205 2655 1298 2710 bouis
1313 2658 1420 2726 apertis

266 2743 364 2790 contra
377 2733 454 2789 illum
467 2751 560 2789 aerem
573 2735 720 2802 clauserat,
732 2736 929 2806 volentemque
945 2737 974 2792 in
991 2737 1134 2792 baratmm
1147 2737 1304 2808 iniquitatis
1317 2740 1420 2796 cadere

267 2834 324 2874 non
342 2816 528 2888 permittebat.
568 2819 617 2874 Set
633 2829 661 2874 et
679 2819 725 2874 ille
744 2829 928 2889 compunctus
946 2819 1019 2874 redit
1039 2819 1077 2875 ad
1096 2832 1213 2890 patrem,
1230 2822 1303 2891 petit
1321 2825 1418 2879 remis·

221 2921 255 2972 go
267 2904 384 2968 sionem,
392 2912 419 2958 et
428 2901 610 2956 stabilitatem
619 2903 765 2973 promittit.
783 2902 805 2960 tl
819 2905 932 2958 Mortuo
940 2903 1082 2959 Willelmo
1093 2904 1183 2975 primo
1192 2905 1296 2960 abbate
1304 2908 1417 2963 Rieual·

267 2985 312 3055 lie,
325 2985 461 3042 successit
480 2985 634 3041 Mauricius
647 2986 690 3040 vir
705 3003 809 3056 magne
826 2987 984 3042 sanctitatis
1001 2997 1029 3042 et
1046 2986 1208 3056 prudencie,
1220 2999 1319 3060 vtpote
1336 2993 1383 3063 qui
1400 3009 1416 3046 a
1509 3051 1510 3062 ἶ

267 3085 354 3140 puero
378 3069 406 3124 in
430 3071 551 3124 claustro
576 3068 752 3124 dunelmensi
777 3070 913 3125 educatus
937 3081 1062 3125 creuerat
1087 3071 1115 3125 in
1139 3072 1260 3141 sublimi,
1282 3072 1324 3128 ita
1347 3085 1416 3130 vta

266 3152 351 3208 sociis
359 3153 498 3208 secundus
509 3153 587 3206 Beda
596 3151 847 3222 cognominaretur.
868 3152 1415 3226 Hicmolestelerensoneracurepasto-

267 3236 333 3290 ralis
345 3247 463 3306 portare,
472 3235 637 3291 villicacioni
647 3237 853 3291 abrenuncians
865 3245 930 3307 post
943 3237 1015 3292 duos
1026 3235 1138 3308 [annos]
1149 3237 1178 3292 in
1188 3237 1311 3293 claustro
1320 3241 1415 3295 maluit

222 3339 252 3389 tt
267 3319 398 3374 residere.
443 3317 495 3374 Cui
515 3319 652 3375 Aelredus
676 3337 695 3374 a
720 3320 853 3376 iratribus
879 3321 1054 3390 subrogatus,
1076 3320 1197 3390 amplius
1222 3322 1307 3376 solito
1327 3324 1415 3378 lucere
1509 3339 1510 3350 *

267 3401 324 3456 iam
336 3401 411 3471 cepit
424 3411 451 3457 et
464 3402 543 3474 quasi
557 3403 599 3457 sol
612 3402 640 3457 in
651 3413 747 3460 centro
758 3404 885 3459 eleuatus
898 3403 1053 3459 claritatem
1067 3421 1116 3458 sue
1127 3404 1198 3459 lucis
1210 3405 1300 3460 lacius
1310 3407 1413 3463 effudit.

268 3483 323 3552 Qui
344 3494 438 3540 tamen
461 3487 554 3556 plures
573 3487 681 3542 emulos
703 3485 801 3542 habuit
822 3485 926 3542 cotidie
948 3485 1001 3541 sibi
1030 3486 1218 3552 detrahentes,
1240 3497 1269 3543 et
1291 3489 1413 3545 dicentes

267 3584 332 3623 eum
357 3585 420 3624 esse
444 3585 585 3636 voracem,
609 3569 667 3624 vini
691 3579 858 3640 potatorem,
882 3580 911 3624 et
935 3570 1044 3626 balneis
1066 3587 1168 3640 corpus
1187 3587 1270 3626 suom
1292 3572 1413 3628 dantem.

268 3651 378 3721 Quibus
402 3652 627 3723 respondendum
647 3663 707 3708 est:
739 3653 929 3709 manducabat
953 3653 1030 3708 enim
1051 3654 1126 3724 quod
1150 3652 1177 3709 ei
1201 3656 1413 3725 apponebatur¹

222 3757 255 3809 40
267 3735 373 3791 licitum
387 3745 416 3791 et
432 3736 566 3806 regulare,
580 3745 622 3791 set
637 3735 678 3791 ita
692 3753 784 3806 parce,
797 3745 827 3790 vt
838 3736 965 3792 videntes
980 3747 1009 3792 et
1026 3747 1164 3803 amantes,
1176 3753 1235 3792 non
1246 3755 1312 3794 eum
1325 3740 1411 3795 homi·

267 3835 333 3874 nem
346 3827 388 3875 set
401 3819 536 3874 infantem
552 3820 666 3874 credere
681 3819 846 3890 potuissent.
883 3819 1002 3875 Bibebat
1018 3820 1169 3892 aliquando
1187 3820 1285 3877 vinum
1301 3833 1410 3894 propter

266 3913 390 3959 veterem
410 3902 540 3957 morbum
558 3902 656 3957 calculi
674 3918 731 3973 quo
749 3902 866 3973 singulis
884 3903 1028 3958 mensibus
1046 3903 1222 3959 cruciabatur
1238 3907 1408 3974 grauissime.

267 3983 292 4042 tl
305 3987 399 4055 Quam
412 3985 571 4056 passionem
585 3985 625 4040 ita
637 3984 736 4040 duram
751 3985 891 4054 sustinuit,
903 3997 934 4041 vt
949 3985 1096 4057 sepissime
1113 3985 1141 4040 in
1154 3986 1234 4042 urina
1249 3990 1408 4058 produceret

267 4067 426 4138 fragmenta
437 4083 522 4122 saxea
534 4067 572 4122 ad
584 4066 801 4138 grossitudinem
813 4067 885 4134 labe,
898 4084 1017 4139 quorum
1028 4067 1118 4124 exitus
1130 4079 1189 4124 tam
1201 4081 1262 4126 erat
1275 4071 1408 4128 intollera-

223 4165 255 4217 45
269 4151 333 4207 bilis
346 4161 375 4206 vt
388 4150 512 4222 paciens,
524 4151 578 4206 nisi
591 4151 693 4207 balneo
708 4161 876 4222 temperaret
892 4163 920 4206 et
937 4151 1075 4208 emolliret
1092 4151 1277 4209 infistulatum
1294 4156 1405 4228 lapidem

269 4233 402 4305 quatinus
413 4235 503 4292 leuius
519 4235 738 4306 perfunderetur,
752 4234 845 4291 subito
862 4246 1006 4306 cogeretur
1023 4234 1051 4290 in
1067 4247 1194 4292 mortem.
1230 4239 1315 4294 Vnde
1332 4239 1405 4295 fiebat

443 4347 452 4379 ¹
469 4347 524 4398 MS.
537 4355 659 4414 acceptat.
899 4345 909 4376 ¹
927 4347 978 4398 tls.
992 4363 1050 4412 app.
1063 4349 1138 4411 suple
1148 4348 1253 4398 licitum.
