3064 4882
394 287 469 381 itt
492 285 657 375 &uncto
682 285 950 392 teutranno.
1177 311 1244 385 115

90 484 120 542 in
138 487 232 542 domo
251 495 381 560 paterna
399 485 543 544 fornicata
561 496 592 543 et
607 487 730 559 grauida
747 485 877 556 inuenta,
896 486 934 542 de
955 485 1066 544 montis
1085 484 1247 557 supercilio

91 574 332 648 precipitaretur,
345 583 375 630 et
388 578 545 646 corruptor
560 575 640 631 illius
655 573 751 646 capite
769 574 957 647 plecteretur.
994 573 1141 630 Statuitur
1158 573 1248 646 igitur

92 662 193 732 puella
211 662 299 720 iussu
318 661 402 734 regis
420 661 451 718 in
471 661 582 720 montis
601 661 728 734 fastigio,
743 661 919 734 Dunpelder
937 662 974 718 ab
993 661 1098 718 lncolis
1116 669 1221 718 vocato
1230 661 1247 730 ¹,

91 748 299 808 vtdeorsum²
311 749 488 822 precipitata
497 749 686 806 membratim
696 747 945 821 dirumperetur³,
970 749 1025 804 llla
1034 766 1107 806 vero
1116 749 1249 822 grauiter

93 836 310 909 ingemiscens,
329 836 408 893 etin
428 836 525 894 celum
544 837 721 909 suspiciens,
744 837 944 909 redemptoris
963 837 1198 893 misericordiam
1217 847 1276 904 et5

92 923 239 981 auxilium
253 925 393 981 manibus
408 923 439 980 in
454 925 551 980 celum
569 923 678 981 erectis
697 941 765 980 cum
781 924 881 980 multis
895 923 1047 981 lachrimis
1060 923 1248 996 implorabat.

93 1011 170 1068 Curn
184 1029 259 1084 ergo
272 1013 311 1068 de
321 1020 422 1068 monte
436 1010 611 1085 precipitata
624 1013 754 1082 caderet,
767 1029 828 1068 non
845 1021 892 1068 est
907 1011 1017 1082 collisa,
1031 1028 1088 1068 nec
1106 1012 1179 1080 lesa,
1193 1013 1249 1068 sed

94 1099 235 1172 placido‘
253 1100 341 1173 lapsu
360 1108 390 1156 et
409 1099 494 1156 suaui
513 1101 551 1155 ad
572 1108 682 1156 terram
702 1100 867 1156 descendit.
905 1099 1017 1171 Pagani
1029 1099 1111 1155 enim
1124 1098 1248 1171 magicis

94 1186 332 1244 christianonun
349 1187 464 1243 artibus
480 1187 536 1243 hoc
555 1186 750 1257 ascribentes,
763 1204 836 1258 rege
849 1187 1056 1244 consentiente
1068 1186 1099 1242 in
1112 1186 1249 1242 nauicula

93 1291 189 1346 parua
202 1276 243 1330 de
255 1274 337 1331 con'o
349 1274 425 1332 sacta
438 1274 505 1331 sine
516 1276 598 1331 omni
611 1275 736 1347 remigio
749 1292 804 1346 per
816 1275 927 1346 aliquot
943 1275 1070 1330 miliaria
1084 1273 1201 1332 fortune
1219 1283 1248 1331 et
1264 1295 1295 1330 io

94 1362 171 1418 mari
183 1363 318 1434 puellam
332 1362 425 1418 solam
440 1371 470 1418 et
489 1361 571 1418 omni
588 1363 720 1418 humano
732 1361 842 1418 auxilio
861 1361 1034 1419 destitutam
1048 1363 1248 1435 exponebant.

96 1449 281 1522 Protegente
300 1459 402 1506 tamen
422 1450 472 1506 illo
489 1450 651 1523 quiveritis
667 1449 796 1522 imperat
810 1458 840 1506 et
857 1449 940 1519 mari,
954 1449 1048 1505 multo
1061 1449 1193 1506 velocius
1210 1450 1248 1506 ad

94 1545 218 1609 portum
238 1536 331 1594 alium
350 1537 488 1594 nauicula
504 1539 707 1610 percurrebat,
725 1554 814 1610 quam
833 1555 851 1593 a
870 1536 976 1609 quouis
991 1537 1109 1594 velifico
1131 1536 1248 1606 cursu⁵‚

94 1633 147 1681 aut
168 1625 332 1681 multorum
357 1625 567 1697 remigantium
592 1624 813 1698 propelleretur
835 1624 952 1681 annisu.
991 1623 1122 1698 Egressa
1148 1635 1248 1680 autem

94 1714 135 1769 de
148 1712 221 1768 naui
234 1713 333 1785 puella
346 1711 377 1768 in
393 1712 457 1768 loco
470 1711 646 1769 Collenros⁸
658 1713 745 1782 dicto,
759 1711 897 1784 angustie
916 1721 1021 1784 partus
1039 1711 1248 1784 apprehende·
1265 1724 1294 1784 15

95 1809 166 1856 runt
187 1817 273 1856 eam:
303 1808 333 1857 et
352 1799 419 1856 sine
440 1799 610 1856 obstetricis
632 1800 776 1872 cuiusque
799 1799 905 1856 solatio
924 1798 1051 1872 peperit.
1088 1797 1123 1854 In
1142 1800 1250 1855 eadem

96 1888 171 1944 bora
196 1896 321 1944 sanctus
346 1887 509 1956 Seruanus,
535 1896 604 1959 post
629 1886 790 1944 matutinas
819 1887 945 1943 orationi
969 1886 1111 1956 intentus,
1137 1886 1250 1944 audiuit

94 1975 251 2048 angelicos
272 1983 357 2032 cetus
378 1974 520 2031 melliflua
538 1977 679 2047 preconia
698 1983 728 2031 et
750 1975 854 2031 laudes
876 1975 933 2031 deo
952 1975 983 2030 in
1004 1991 1075 2030 aere
1095 1991 1250 2030 resonare.

97 2063 190 2119 Mane
202 2081 276 2119 vero
288 2063 438 2120 accedens
452 2064 490 2118 ad
507 2062 614 2131 locum,
628 2073 657 2118 et
668 2062 734 2119 visa
752 2072 849 2119 matre
868 2079 936 2118 curn
954 2061 1023 2130 filio,
1037 2060 1133 2133 patria
1149 2060 1251 2132 lingua

95 2149 191 2207 dixit:
220 2149 396 2218 ‘Mocbohe,
419 2149 586 2220 Mochohe‚’
606 2151 686 2222 quod
707 2149 797 2206 latine
822 2149 929 2206 dicitur
957 2149 1063 2205 ‘chare
1088 2147 1137 2218 mi,
1160 2149 1296 2205 chareae

95 2238 176 2308 mi’;
197 2245 227 2294 et
245 2237 416 2294 subiunxit:
437 2236 637 2294 ‘Benedictus
650 2236 701 2310 qui
713 2236 823 2294 venisti
835 2237 866 2294 in
879 2236 1000 2294 nomine
1014 2235 1141 2293 domini!
1178 2235 1251 2292 Sus·

95 2325 178 2398 cepit
191 2341 265 2397 ergo
277 2343 338 2391 eos,
354 2334 384 2381 et
399 2325 549 2396 cnuti-luit,
563 2343 597 2381 ac
616 2324 784 2398 baptizauit,
797 2324 972 2397 vocauitque
990 2333 1118 2380 matrem
1137 2323 1250 2394 Taneu‚

96 2423 126 2470 et
139 2429 269 2486 puerum
291 2411 448 2469 Kientiern
457 2412 477 2480 ⁷,
490 2413 570 2485 quod
582 2412 796 2484 interpretatur
812 2412 963 2485 ‘capitalis
982 2411 1139 2470 dominus!
1178 2411 1250 2468 Pro·

96 2500 167 2558 fecit
180 2517 254 2572 ergo
267 2517 343 2573 puer
359 2500 439 2556 bone
455 2500 563 2557 indolis
582 2499 612 2556 in
631 2499 797 2573 disciplinis
816 2499 983 2557 litterarum
1002 2501 1082 2556 etin
1101 2498 1251 2556 exercitiis

97 2597 271 2646 sanctarum
287 2587 430 2644 virtutum
440 2587 458 2656 ¹,
471 2596 502 2643 et
516 2605 571 2660 pre
584 2587 700 2644 cunctis
716 2587 905 2644 consortibus
922 2588 985 2644 suis
998 2586 1028 2643 in
1044 2588 1139 2644 oculis
1156 2586 1251 2643 sancti
1267 2607 1296 2655 25

97 2674 228 2733 Seruani
245 2675 371 2732 dilectus
386 2674 457 2731 suit:
478 2675 620 2746 illumque
639 2674 784 2748 Munghu‚
797 2676 877 2748 quod
894 2675 983 2732 latine
1001 2675 1108 2732 dicitur
1123 2675 1251 2731 ‘charis-

97 2764 195 2822 simus
216 2762 349 2832 amicus,’
370 2780 410 2820 ex
430 2762 646 2820 consuetudine
669 2763 838 2835 appellauit.
875 2762 942 2833 Quo
964 2762 1084 2819 nomine
1103 2780 1197 2835 vsque
1219 2761 1250 2818 in

97 2851 280 2908 hodiernum
298 2849 379 2906 diem
398 2850 506 2922 vulgus
524 2867 595 2907 eum
614 2867 721 2906 vocare
739 2852 819 2908 etin
838 2849 1067 2906 necessitatibus
1086 2850 1149 2906 suis
1167 2851 1251 2906 inuo-

97 2957 168 2998 care
194 2937 331 2995 crebrius
356 2937 520 2995 consueuit.
592 2925 743 2994 Videntes
764 2937 960 3010 condiscipuli
984 2936 1080 2994 sancti
1102 2937 1252 3010 primum⁹

97 3027 181 3100 quod
205 3043 225 3082 a
249 3035 335 3098 patre
359 3024 485 3097 spiritali
509 3025 579 3097 plus
603 3024 743 3081 omnibus
767 3034 925 3094 amaretur,
947 3026 1072 3081 oderant
1096 3041 1174 3094 eum,
1195 3041 1251 3080 nec
1267 3032 1298 3081 50

97 3115 261 3187 quicquam
280 3112 310 3170 ei
328 3112 452 3186 pacifice
470 3120 609 3185 poterant
627 3112 715 3186 loqui.
754 3111 983 3182 Insidiabantur,
1000 3111 1251 3179 conuiciabantur,

96 3202 287 3269 inuidebant,
311 3209 341 3256 et
365 3200 562 3256 detrahebant
586 3199 637 3256 illi.
683 3199 841 3270 Quendam
867 3199 1022 3270 aniculam,
1047 3200 1086 3254 ob
1111 3201 1251 3255 ruborem

98 3287 272 3362 corpusculi
293 3286 476 3344 ‘rubiscam'
493 3295 637 3356 vocatam,
653 3288 691 3344 de
710 3305 800 3344 manu
820 3287 915 3344 sancti
935 3287 1063 3344 Seruani
1082 3287 1252 3343 alimoniam

98 3377 248 3449 accipere,
261 3373 392 3448 scapulis
404 3375 469 3431 eius
483 3384 512 3430 et
525 3375 613 3447 capiti
626 3393 680 3431 seu
692 3374 807 3448 gremio
820 3373 960 3444 insidere,
972 3376 1068 3430 oranti
1080 3375 1129 3433 vel
1141 3374 1252 3447 legenti

97 3464 254 3532 assistere,
273 3462 388 3518 alarum
408 3462 514 3534 plausu
533 3471 564 3520 et
583 3461 665 3519 vocis
688 3479 742 3519 sue
764 3480 839 3519 sono
863 3461 1003 3518 affectum
1028 3461 1069 3518 illi
1093 3463 1252 3519 ostendere
1267 3472 1297 3522 35

98 3551 221 3610 solitam
240 3549 320 3606 inter
338 3567 373 3606 se
392 3559 494 3606 mutuo
513 3558 683 3620 tractantes,
702 3559 791 3624 caput
809 3567 828 3605 a
846 3567 972 3622 corpore
990 3549 1131 3620 auellunt,
1150 3559 1180 3607 et
1200 3566 1253 3606 ex·

98 3639 249 3712 tinguuut,
263 3636 460 3709 Kentegerno
472 3636 589 3694 absenti
608 3638 722 3693 crimen
738 3638 894 3711 imponere
914 3654 975 3694 non
987 3647 1136 3694 verentes.
1174 3637 1255 3694 Puer

96 3735 201 3783 autern
221 3724 373 3782 volucrem
392 3727 423 3780 in
442 3725 581 3781 manibus
599 3723 777 3798 suscipiens,
796 3733 826 3781 et
844 3734 933 3796 caput
951 3725 1069 3798 corpori
1087 3724 1252 3798 applicans,

100 3813 168 3870 susc
180 3814 218 3870 ad
232 3813 324 3869 deum
337 3829 428 3884 prece
439 3812 626 3884 signaculum
642 3813 739 3869 crucis
747 3811 917 3885 impressit:
939 3821 969 3869 et
984 3811 1050 3868 auis
1061 3813 1122 3869 vite
1137 3811 1254 3868 reddita

100 3901 168 3958 seni
180 3902 220 3958 de
232 3899 360 3957 ecclesia
372 3897 535 3957 reuertenti
554 3916 638 3956 more
653 3900 740 3956 solito
757 3901 945 3973 applaudens
963 3899 1082 3955 obuiam
1098 3897 1253 3971 prosiliuit
1268 3907 1299 3954 40

102 3977 220 4050 Statuit
246 3996 348 4044 autem
379 3996 501 4045 sanctus
532 3987 686 4044 Seruanus
709 3997 741 4044 vt
769 3986 975 4060 vnusquisque
1005 4002 1166 4058 puerorum
1198 4001 1255 4057 per

100 4075 271 4150 septimane
303 4073 457 4145 circulum,
482 4092 521 4132 ue
550 4074 649 4148 aliqua
680 4073 862 4148 negligentia
887 4075 926 4130 ob
954 4072 1104 4130 desectum
1133 4071 1255 4130 luminis

132 4199 180 4250 ²r.
193 4197 287 4248 vocati
397 4195 454 4247 ¹13.
466 4197 578 4248 dorsum.
692 4197 970 4260 ⁸T.dirrumperetur.
1081 4195 1136 4246 ’Β
1152 4195 1253 4258 placito.

99 4265 109 4294 ⁵
124 4265 178 4316 vit.
189 4279 266 4328 quam
278 4263 300 4313 si
311 4262 420 4312 velifero
430 4263 568 4312 veheretur
579 4264 647 4315 flattu
773 4263 783 4292 ⁸
799 4263 850 4316 ie.
862 4263 968 4312 Culross
979 4262 1005 4310 in
1019 4261 1080 4312 Fise.
1195 4259 1205 4287 ⁷
1223 4261 1252 4314 F.

101 4331 248 4381 Kicntieru.
292 4328 346 4380 wt
370 4329 529 4391 eyn-eniel,
552 4327 726 4392 teyrn=lord
857 4328 933 4378 'Vit
956 4328 1077 4378 virtutum
1098 4334 1254 4378 sanctorum.

101 4396 111 4428 ¹
126 4397 177 4448 Ἧι
192 4394 379 4457 Kentegernij
397 4409 417 4444 r.
430 4395 521 4460 pueril
