3028 4894
263 268 338 362 Dc
362 266 526 357 sancto
553 266 718 365 diuma
744 267 1041 372 acrhiepiscopo.
1153 290 1222 362 401

77 466 240 542 episcopus
267 469 395 528 defuerit
419 469 448 527 in
474 469 589 528 iusticia
614 471 793 540 exhibenda,
814 481 967 546 postremo
991 472 1029 530 ad
1052 486 1156 546 regem
1179 475 1226 528 est

76 555 326 626 perueniendum‚
338 567 370 615 ut
384 568 528 632 precepto
539 558 633 632 ipsius
647 559 678 615 in
696 559 777 616 curia
790 560 1007 635 archiepiscopi
1021 557 1226 618 controuersia

76 643 264 715 terminetur,
284 645 325 703 ita
342 648 422 719 quod
443 663 504 704 non
526 648 616 704 debet
635 647 759 704 ulterius
777 650 942 721 procedere
960 649 1074 722 absque
1098 661 1225 704 assensu

75 729 167 803 regis.
260 732 461 806 Dampnaue't:
486 721 525 792 Si
551 735 719 808 calumpnia
746 736 902 792 emerserit
927 735 1006 794 inter
1029 735 1171 793 clericum
1196 741 1226 790 et

73 818 196 890 laicum,
216 821 266 878 uel
289 838 462 893 econuerso,
488 823 527 880 de
553 823 612 879 ullo
634 831 816 893 tenemento,
840 825 919 897 quod
944 825 1069 882 clericus
1092 823 1164 880 uelit
1188 823 1255 888 ad5

74 906 274 965 elemosinam
299 909 427 978 trahere,
452 910 545 966 laicus
569 928 640 968 uero
665 912 703 968 ad
729 910 837 970 laicum
862 911 992 983 feodum,
1016 909 1226 985 recognicione

74 994 237 1052 duodecim
258 997 398 1070 legalium
418 997 573 1056 hominum
601 1015 657 1071 per
678 998 812 1071 capitalis
842 997 958 1056 iusticie
988 999 1068 1072 regis
1099 1015 1226 1056 consue·

74 1082 214 1139 tudinem
235 1073 284 1140 uel
306 1085 580 1143 consideracionem
604 1085 810 1144 terminabitur
831 1095 930 1143 utrum
956 1095 1162 1145 tenementum
1186 1083 1225 1142 sit

72 1169 234 1240 pertinens
253 1173 291 1228 ad
307 1172 504 1230 elemosinam
522 1173 587 1230 siue
603 1175 641 1230 ad
658 1173 765 1230 laicum
782 1173 903 1231 feodum
920 1191 1020 1231 coram
1033 1173 1099 1247 ipsa
1111 1172 1225 1231 iusticia

74 1256 167 1329 regis.
205 1257 243 1315 Et
263 1260 289 1316 si
311 1260 498 1334 recognitum
517 1259 606 1318 fuerit
626 1263 664 1318 ad
686 1262 884 1319 elemosinam
902 1261 1063 1335 pertinere,
1083 1261 1225 1335 placitum
1242 1271 1272 1308 ¹0

73 1344 133 1400 erit
151 1344 181 1401 in
201 1345 283 1403 curia
294 1347 503 1405 ecclesiastica
540 1348 574 1405 Si
592 1365 665 1405 uero
683 1351 721 1406 ad
740 1348 846 1405 laicum
866 1349 995 1418 feodum,
1008 1348 1066 1406 nisi
1082 1350 1170 1406 ambo
1187 1349 1226 1405 de

72 1433 185 1488 eodem
198 1433 339 1508 episcopo
352 1435 400 1491 uel
416 1436 529 1492 barone
543 1436 762 1506 aduocauerint,
776 1435 806 1492 in
819 1436 901 1493 curia
913 1437 994 1510 regis
1008 1435 1063 1493 erit
1075 1436 1226 1510 placitum.

73 1519 132 1576 Set
151 1520 177 1577 si
198 1522 288 1578 ambo
310 1522 521 1580 aduocauerint
539 1524 579 1579 de
599 1523 686 1580 feodo
705 1523 755 1580 illo
776 1525 815 1582 ad
837 1525 968 1581 eundem
983 1523 1158 1597 episcopum
1177 1523 1226 1582 uel

71 1607 231 1677 baronem,
244 1609 301 1665 erit
313 1609 454 1682 placitum
467 1611 498 1667 in
516 1611 596 1667 curia
614 1607 718 1684 ipsius.
756 1611 801 1668 Ita
815 1613 895 1684 quod
910 1620 1034 1686 propter
1051 1611 1159 1669 factam
1178 1630 1225 1669 re·

72 1695 282 1767 cognicionem
296 1697 438 1754 saisinam
451 1715 512 1754 non
525 1699 638 1755 amittat
651 1698 702 1771 qui
714 1699 799 1772 prius
812 1699 930 1756 saisitus
943 1700 1047 1767 fuerat,
1060 1701 1156 1756 donec
1170 1716 1226 1772 per
1241 1713 1270 1764 15

71 1782 217 1855 placitum
237 1785 468 1842 disracionatum
485 1785 581 1842 fuerit.
652 1785 837 1858 Dampnam't
850 1787 874 1842 ¹:
901 1775 966 1861 Qui
985 1788 1023 1843 de
1038 1786 1156 1844 ciuitate
1176 1788 1226 1844 uel

71 1871 200 1928 castello
220 1872 269 1930 uel
293 1873 388 1947 burgo
410 1874 459 1931 uel
480 1873 629 1930 dominico
650 1874 784 1931 manerio
803 1876 883 1948 regis
904 1875 1000 1944 fuerit,
1023 1875 1048 1932 si
1072 1876 1110 1932 ab
1129 1875 1226 1932 archi·

71 1958 203 2015 diacono
219 1960 268 2017 uel
287 1961 429 2034 episcopo
446 1963 484 2018 de
501 1961 599 2035 aliquo
612 1963 718 2020 delicto
733 1963 840 2019 citatus
857 1962 946 2020 fuerit
963 1964 1042 2019 unde
1056 1963 1163 2020 debeat
1180 1962 1225 2019 eis

71 2047 271 2119 respondere,
290 2058 319 2106 et
338 2050 375 2106 ad
391 2049 564 2106 citacionem
584 2067 689 2107 eorum
706 2049 878 2107 satisfacere
898 2050 1037 2121 noluerit,
1054 2051 1133 2107 bene
1158 2048 1225 2106 licet

70 2150 144 2190 eum
159 2135 214 2191 sub
227 2135 383 2194 interdicto
396 2155 519 2210 ponere,
532 2145 578 2195 set
587 2155 648 2194 non
661 2139 751 2195 debet
764 2137 1036 2195 excommunicari¹
1049 2137 1224 2210 priusquam
1240 2151 1270 2186 20

71 2222 211 2293 capitalis
231 2222 369 2282 minister
389 2225 469 2298 regis
490 2226 546 2282 loci
571 2225 650 2283 illius
670 2226 866 2282 conueniatur
883 2233 916 2281 ut
933 2224 1073 2282 iustificet
1096 2241 1165 2280 eum
1186 2224 1225 2280 ad

72 2307 314 2368 satisfaccionem
328 2312 440 2370 uenire.
479 2312 516 2370 Et
531 2313 557 2370 si
576 2313 714 2371 minister
732 2313 813 2386 regis
832 2313 902 2369 inde
921 2311 1072 2382 defecerit,
1085 2311 1151 2385 ipse
1170 2311 1225 2369 erit

70 2395 106 2451 in
125 2395 330 2456 misericordia
348 2399 436 2473 regis,
449 2408 479 2457 et
499 2401 608 2458 exinde
625 2401 733 2474 poterit
752 2400 912 2474 episcopus
933 2399 1034 2474 ipsum
1052 2409 1225 2457 accusatum

72 2483 279 2542 ecclesiastica
302 2486 418 2544 iusticia
439 2489 607 2545 cohercere.
699 2488 870 2546 Tollerauit:
896 2475 1140 2561 Archiepiscopi,
1162 2487 1226 2559 epi·

74 2571 161 2644 scopi
174 2581 204 2628 et
215 2573 358 2631 uniuerse
378 2593 507 2649 persone
521 2575 605 2648 regni
618 2575 669 2648 qui
683 2577 722 2632 de
741 2593 812 2650 rege
825 2585 929 2632 tenent
941 2577 971 2632 in
985 2575 1082 2650 capite
1095 2574 1225 2632 habeant
1240 2591 1269 2641 ²5

73 2661 289 2732 possessiones
315 2679 386 2720 suas
411 2665 450 2720 de
479 2680 551 2736 rege
578 2663 653 2720 sicut
677 2663 842 2734 baroniam,
867 2673 897 2720 et
925 2662 996 2720 inde
1022 2664 1225 2736 respondeant

72 2748 203 2806 iusticiis
221 2750 303 2823 regis
321 2759 351 2808 et
370 2749 515 2809 ministris
530 2759 560 2808 et
576 2759 742 2825 sequantur
759 2759 789 2807 et
809 2750 918 2808 faciant
938 2768 1045 2808 omnes
1066 2759 1224 2807 consuetu·

72 2836 164 2893 dines
177 2837 275 2910 regias
287 2845 317 2895 et
329 2838 532 2908 rectitudines,
546 2847 575 2895 et
591 2838 667 2895 sicut
680 2837 770 2895 ceteri
783 2839 913 2895 barones
925 2839 1036 2894 debent
1050 2837 1133 2895 esse⁸
1150 2837 1225 2910 [in]⁴

73 2923 193 2981 iudiciis
212 2925 293 2982 curie
311 2926 393 2999 regis
412 2944 480 2984 cum
497 2926 666 2995 baronibus,
682 2943 839 3000 quousque
856 2927 1049 2998 perueniatur
1066 2924 1098 2980 in
1117 2924 1224 2981 iudicio

73 3014 114 3069 ad
129 3012 361 3070 diminucionem
377 3015 580 3070 membrorum
597 3023 628 3071 et
644 3021 780 3069 mortem.
852 3011 1053 3084 Dampnauit:
1073 2999 1155 3070 Cum
1173 3029 1224 3069 ua·
1239 3026 1271 3077 50

75 3099 192 3158 cauerit
208 3100 482 3175 archiepiscopatus
495 3101 544 3158 uel
562 3100 753 3174 episcopatus
766 3098 816 3157 uel
828 3099 951 3156 abbacia
962 3098 1012 3156 uel
1025 3098 1174 3171 prioratus
1186 3100 1225 3156 de

74 3187 209 3246 dominio
228 3188 319 3262 regis,
337 3190 429 3246 debet
450 3205 519 3246 esse
543 3187 573 3245 in
596 3205 687 3244 manu
711 3188 792 3261 regis
812 3197 842 3244 et
862 3187 933 3243 inde
953 3185 1099 3260 percipiet
1119 3205 1224 3245 omnes

74 3278 177 3334 exitus
196 3285 226 3332 et
240 3277 375 3334 redditus
394 3279 469 3334 sicut
488 3275 662 3333 dominicos.
701 3275 739 3333 Et
758 3293 826 3332 cum
846 3283 970 3331 uentum
987 3273 1076 3331 fuerit
1096 3274 1135 3332 ad
1154 3293 1225 3332 con·
1251 3321 1254 3326 .

74 3364 237 3422 sulendum
257 3364 391 3434 ecclesie,
408 3365 498 3420 debet
517 3363 657 3421 dominus
679 3380 734 3419 rex
757 3364 900 3419 mandare
923 3362 1059 3436 pociores
1078 3379 1225 3437 personas

74 3451 213 3522 ecclesie,
225 3460 255 3508 et
273 3450 304 3507 in
322 3451 437 3524 capella
450 3468 504 3508 sua
516 3451 607 3508 debet
623 3450 728 3507 electio
741 3449 806 3506 fieri
821 3467 949 3507 assensu
962 3451 1042 3523 regis
1054 3460 1085 3508 et
1101 3449 1225 3508 consilio
1239 3463 1269 3514 ³5

74 3556 276 3613 personarum
286 3540 371 3613 regni
380 3555 457 3612 quas
469 3539 507 3594 ad
521 3539 576 3594 hoc
587 3537 756 3595 faciendum
767 3540 926 3595 uocauerit.
964 3537 1002 3594 Et
1015 3538 1125 3595 ibidem
1138 3537 1226 3596 faciet
1239 3613 1240 3616 Ἴ

75 3627 191 3684 electus
208 3627 380 3700 homagium
396 3634 426 3683 et
441 3625 615 3683 fidelitatem
632 3625 754 3682 domino
772 3626 835 3698 regi
852 3625 927 3682 sicut
945 3624 1015 3698 ligio
1031 3624 1152 3682 domino
1170 3643 1226 3683 suo

76 3715 116 3771 de
133 3712 194 3770 uita
213 3731 267 3772 sua
285 3723 315 3771 et
331 3713 476 3772 membris
493 3722 523 3770 et
542 3714 580 3770 de
593 3714 708 3769 honore
721 3730 777 3769 suo
793 3721 922 3782 terreno,
936 3713 1020 3769 saluo
1037 3712 1142 3770 ordine
1161 3730 1226 3782 suo,

75 3800 252 3876 priusquam
265 3803 303 3858 sit
315 3810 515 3860 consecratus.
599 3800 684 3872 [Totl.
696 3799 736 3873 ε’]
758 3787 797 3858 Si
810 3801 878 3874 quis
893 3801 931 3857 de
947 3799 1123 3874 proceribus
1140 3799 1224 3873 regni

75 3888 284 3947 deforciauen't
303 3889 529 3963 archiepiscopo
547 3888 597 3945 uel
611 3888 755 3962 episcopo
774 3889 823 3945 uel
841 3888 1050 3945 archidiacono
1069 3888 1107 3944 de
1126 3905 1160 3945 se
1176 3887 1225 3945 uel
1239 3905 1272 3957 4⁰

76 3980 116 4034 de
135 3977 200 4034 suis
218 3977 365 4034 iusticiam
384 3977 537 4047 exhibere,
553 3993 607 4033 rex
624 3977 714 4033 debet
733 3973 891 4033 iusticiare.
930 3975 967 4032 Et
986 3976 1013 4032 si
1027 3975 1103 4033 forte
1119 3975 1226 4048 aliquis

75 4064 286 4124 deforciauerit
304 4064 425 4122 domino
442 4064 505 4138 regi
524 4063 733 4121 rectitudinem
753 4081 847 4134 suam,
861 4061 1076 4136 archiepiscopi
1091 4063 1226 4137 episcopi

75 4152 278 4212 archidiaconi
302 4153 415 4210 debent
436 4168 508 4209 eum
530 4151 690 4208 iustificare
711 4160 743 4207 ut
762 4150 826 4224 regi
848 4149 1017 4208 satisfaciat.
1109 4149 1240 4224 [T011..·].

74 4257 179 4376 ⁶1¹0}
191 4257 340 4374 mifft'
405 4254 517 4308 ¹T.'l'a.
531 4256 761 4307 excommunicare.
828 4255 1035 4307 ⁸a1.interesse
1101 4253 1224 4314 ‘³on

147 4419 258 4462 vouu.
595 4405 643 4460 ud
