3054 4904
431 340 510 433 ωε
534 338 698 430 bunun
724 339 944 451 moabia.
1195 351 1261 439 165

105 537 314 597 manducent:
336 538 509 612 Malachias,
533 539 655 599 imitans
680 541 816 611 Paulum,
842 543 1002 598 manducat
1020 551 1050 600 vt
1069 542 1262 616 euangellzet.

106 623 162 680 llli
188 625 299 684 fastum
324 636 355 684 et
378 637 517 701 questum
548 631 688 688 estimant
718 631 880 702 pietatem:
911 629 1073 687 Malachias
1099 629 1265 687 hereditate

103 714 252 771 vendicat
271 715 328 772 sibi
344 732 421 788 opus
436 726 466 774 et
481 734 567 774 onus.
606 717 652 772 Illi
670 735 738 773 cum
755 719 901 790 accipiant
918 718 1054 774 decimas
1071 718 1263 790 etprimitias

104 809 143 855 et
168 801 345 871 oblationes,
366 803 498 860 thelonia
518 814 548 861 et
569 801 679 860 tributa
698 813 728 860 et
747 805 822 861 alios
842 806 975 862 redditus
997 805 1138 874 infinitos,
1157 805 1263 861 soliciti

103 898 184 944 sunt
209 889 402 946 nihilominus
424 891 497 964 quid
521 892 702 948 manducent
721 901 751 948 et
770 892 842 965 quid
862 893 982 951 bibant:
1003 893 1166 950 Malachias
1188 892 1290 961 nihils

105 975 221 1032 borum
235 977 359 1048 habens,
373 977 483 1035 multos
501 987 603 1036 tamen
623 979 784 1052 locupletat
802 981 839 1036 de
859 980 1063 1054 promptuario
1082 981 1159 1036 fidei.
1198 980 1263 1036 Illis

104 1080 169 1120 nec
201 1064 369 1138 cupiditatis
400 1083 456 1122 uec
486 1065 681 1123 solicitudinis
708 1066 786 1124 vllus
811 1076 858 1124 est
882 1067 971 1125 finis:
1000 1066 1163 1124 Malachias
1187 1067 1263 1123 nihil

104 1150 247 1223 cupiens,
272 1153 311 1209 de
335 1153 465 1209 crastino
484 1161 586 1211 tamen
608 1156 739 1226 cogitare
760 1171 821 1210 non
841 1156 931 1212 nouit.
971 1155 1017 1211 llli
1037 1172 1055 1211 a
1079 1156 1262 1228 pauperibus

104 1239 237 1311 exigunt
261 1241 342 1312 quod
366 1241 507 1298 diuitibus
532 1242 621 1298 dent:
644 1241 701 1298 iste
725 1242 853 1298 solicitat
872 1242 981 1299 diuites
1000 1260 1056 1316 pro
1079 1244 1261 1316 pauperibus

106 1327 329 1384 sustentandis
379 1327 425 1384 lili
440 1328 592 1401 marsupia
607 1337 734 1386 vacuant
752 1330 959 1388 subditorum:
979 1332 1034 1387 iste
1055 1348 1110 1404 pro
1131 1331 1261 1403 peccatis
1277 1349 1308 1386 10

103 1431 217 1470 eorum
245 1414 349 1470 altaria
374 1415 503 1472 cumulat
527 1416 605 1473 votis
631 1417 796 1489 hostiisque
820 1417 960 1489 pacificis.
999 1417 1046 1473 llli
1069 1417 1129 1473 alta
1153 1417 1261 1490 palatia

104 1503 239 1574 erigunt,
260 1510 359 1559 turres
384 1511 413 1558 et
437 1503 537 1558 menia
562 1503 601 1559 ad
626 1503 707 1560 celos
732 1505 850 1560 leuant:
872 1503 1034 1561 Malachiae
1060 1522 1120 1561 non
1144 1505 1262 1562 habens

103 1588 159 1645 vbi
192 1598 281 1663 caput
308 1589 442 1660 reclinet,
470 1607 547 1662 opus
578 1590 763 1664 euangeliste
783 1591 859 1648 iacit.
909 1592 953 1647 Illi
979 1609 1073 1665 equos
1095 1593 1262 1649 ascendunt

104 1693 180 1733 cum
204 1677 291 1734 turba
317 1677 470 1734 hominum
495 1680 588 1750 gratis
610 1678 854 1736 manducantium
877 1697 996 1752 panem,
1017 1689 1046 1736 et
1071 1697 1131 1736 non
1154 1697 1259 1736 suum:

106 1763 276 1822 Malachiae
295 1775 400 1837 septus
417 1774 588 1821 sanctorum
607 1766 734 1822 fratrum
751 1765 876 1839 collegio
896 1767 990 1839 pedes
1009 1768 1120 1836 circuit,
1137 1775 1261 1840 portans
1277 1787 1285 1821 ι
1291 1787 1305 1837 5

105 1869 208 1924 panes
220 1852 395 1924 angelorum
408 1852 516 1925 quibus
536 1851 705 1910 esurientes
722 1853 839 1910 animas
858 1854 950 1911 saciet
960 1856 977 1910 ¹.
1015 1854 1061 1910 Illi
1080 1855 1185 1927 plebes
1205 1872 1260 1911 nec

104 1948 295 2012 agnoscunt:
321 1939 377 1996 iste
401 1942 507 1996 erudit.
545 1939 592 1997 llli
618 1949 756 2014 potentes
781 1949 810 1997 et
838 1951 984 2014 tyrannos
1009 1942 1176 1998 honorant:
1202 1941 1261 1999 iste

105 2025 204 2099 punit.
279 2013 417 2084 Puellam
436 2037 550 2084 mutam
567 2037 709 2101 parentes
726 2029 757 2084 in
777 2029 877 2086 media
894 2028 993 2102 platea
1009 2028 1177 2088 transeunti
1195 2031 1260 2086 viro

104 2115 289 2184 obtulerunt,
320 2132 389 2171 cum
419 2116 513 2172 multa
549 2116 767 2189 supplicatione
805 2126 946 2190 rogantes
976 2125 1006 2174 vt
1037 2118 1064 2173 ei
1097 2117 1260 2174 subuenire

104 2202 259 2276 dignetur.
296 2202 355 2273 Qui
383 2201 449 2259 lusa
473 2204 512 2260 ad
538 2203 629 2260 deum
657 2221 748 2276 prece
775 2205 870 2276 tetigit
897 2205 990 2278 digito
1021 2205 1154 2278 linguam
1184 2203 1258 2271 eius,
1274 2223 1306 2260 ao

104 2299 138 2347 et
158 2299 280 2362 sputum
299 2289 420 2346 mittens
433 2291 464 2347 in
477 2307 520 2360 os,
534 2291 707 2364 loquentem
720 2290 841 2347 dimisit.
913 2280 1036 2365 Aliquis
1055 2293 1093 2348 de
1110 2291 1259 2348 nobilibus

102 2377 246 2434 infensus
260 2379 331 2451 regi,
344 2377 550 2436 reconciliatus
563 2387 608 2436 est
621 2396 678 2452 per
690 2396 814 2436 manum
829 2377 982 2436 Malachie.
1019 2380 1142 2438 Factum
1156 2389 1258 2436 tamen

103 2481 248 2523 securum
269 2475 299 2522 et
316 2466 373 2522 sibi
392 2483 453 2523 non
472 2475 638 2538 cauentem,
658 2484 713 2524 rex
732 2475 851 2540 captum
873 2466 904 2523 in
924 2468 1041 2524 vincula
1063 2470 1159 2525 trusit.
1197 2467 1259 2524 Re·

103 2552 198 2626 quirit
211 2571 280 2609 eum
294 2553 457 2611 Malachias
470 2571 488 2610 a
499 2553 579 2627 regi,
592 2571 661 2610 cum
674 2571 783 2627 magna
795 2555 881 2610 turba
893 2555 1107 2629 discipulorum
1126 2572 1258 2612 suorum.

105 2641 148 2697 Et
166 2657 234 2697 cum
250 2650 391 2712 negasset
410 2659 473 2710 rex,
487 2643 527 2699 ait
543 2643 591 2698 vir
605 2642 673 2699 dci:
694 2641 825 2715 ‘Inique,
839 2641 944 2715 inquit,
961 2643 1025 2716 agis
1042 2653 1146 2700 contra
1164 2643 1256 2699 domi·
1273 2663 1303 2714 ²5

103 2728 201 2784 num’
213 2737 243 2785 et
254 2738 358 2785 eontra
370 2745 420 2785 me
433 2737 463 2785 et
475 2738 579 2786 contra
590 2730 730 2802 teipsum,
744 2738 865 2802 pactum
883 2732 1086 2802 preuaricans.
1123 2729 1258 2787 Credidit

103 2833 142 2872 se
162 2815 253 2871 homo
273 2815 343 2872 fidei
365 2832 449 2873 mee:
470 2815 496 2872 si
513 2816 665 2890 contingat
680 2835 749 2873 eum
772 2815 857 2886 mori,
875 2833 931 2890 ego
949 2817 1087 2890 perdidi⁸
1102 2835 1182 2886 eum,
1199 2835 1258 2891 ego

105 2920 182 2960 reus
197 2904 352 2976 sanguinis
370 2904 436 2960 eius
455 2920 531 2960 sum.
570 2904 708 2974 Nouen's‚
722 2921 781 2974 mc,
794 2904 890 2962 donec
909 2905 1060 2974 liberetur,
1079 2923 1139 2961 non
1158 2913 1257 2977 gusta·

103 3001 208 3048 turum
233 2990 353 3064 aliquid,
380 2992 434 3047 sed
460 3009 558 3064 neque
578 2993 670 3048 istos!
708 2992 759 3049 Sic
778 2992 919 3064 loquutus
940 2993 1029 3050 intrat
1048 2993 1206 3049 ecclesiam
1227 3002 1257 3049 et

104 3080 207 3136 anxiis
237 3080 398 3152 gemitibus
422 3080 512 3136 deum
537 3080 707 3152 interpellat
731 3089 763 3136 vt
787 3079 897 3136 iniuste
923 3081 1077 3138 detentum
1102 3082 1141 3136 de
1166 3097 1256 3137 manu
1270 3101 1302 3150 3⁰

104 3166 337 3240 preuaricatoris
367 3175 398 3223 et
428 3166 521 3240 iniqui
544 3167 664 3240 eripere
687 3167 844 3240 dignetur;
875 3177 905 3225 et
929 3185 965 3224 ea
995 3167 1043 3224 die
1069 3185 1136 3224 curn
1168 3175 1256 3223 nocte

103 3262 254 3328 sequente
275 3254 306 3312 in
328 3254 437 3312 ieiunio
461 3263 491 3312 et
513 3255 646 3311 oratione
667 3265 911 3328 perseuerarunt.
948 3256 1016 3326 Quo
1035 3256 1156 3312 audito:
1175 3255 1256 3312 vnde

103 3341 253 3399 emolliri*
271 3342 423 3411 debuerat,
443 3343 514 3399 inde
535 3359 588 3399 cor
608 3343 688 3415 regis
711 3343 883 3400 induratum
905 3352 968 3414 est3
996 3341 1045 3400 et⁶
1064 3343 1163 3416 sugam
1183 3341 1256 3400 iniit

103 3431 161 3488 Cui
188 3429 353 3502 insequens
379 3429 542 3487 Malachias
570 3430 662 3487 dixit:
695 3429 782 3488 ‘Eris
805 3447 894 3488 cecus
919 3440 948 3487 et
973 3447 1033 3487 non
1058 3431 1192 3488 videbis:
1224 3439 1256 3487 vt

103 3516 216 3576 melius
232 3516 344 3588 videas,
358 3525 388 3574 et
400 3517 550 3592 intelligas
563 3517 722 3590 quoniam⁸
735 3519 845 3575 durum
858 3518 969 3575 esttibi
983 3527 1087 3575 contra
1100 3518 1254 3575 stimulum
1268 3536 1300 3589 3⁵

102 3605 278 3662 calcitrare.'
316 3604 427 3678 Sicque
453 3603 625 3662 humiliatus
651 3622 725 3676 rex3
751 3605 891 3678 quicquid
911 3608 957 3662 vir
975 3606 1024 3663 dei
1046 3605 1103 3662 sibi
1127 3605 1255 3663 iniunxit

103 3693 212 3750 sedule
229 3692 394 3765 complens,
413 3691 532 3749 sanitati
550 3694 693 3750 redditur.
768 3681 934 3750 Mulierem
952 3695 1103 3766 quandam
1123 3693 1255 3749 mutam⁷

102 3783 175 3838 data
193 3781 401 3837 benedictione
419 3781 600 3838 dominicam
619 3780 720 3837 dicere
738 3780 904 3838 orationem
922 3780 1012 3838 iubet.
1051 3781 1104 3838 llla
1122 3781 1205 3850 dixit,
1225 3789 1256 3837 et

102 3867 236 3942 populus
260 3867 415 3924 dominum
443 3867 604 3926 benedixit.
678 3855 847 3928 Cuiusdam
871 3869 927 3926 viri
951 3868 1060 3926 nobilis
1084 3885 1160 3925 vxor
1185 3884 1253 3924 cum

102 3955 325 4012 infirmaretur⁸
343 3956 382 4012 ad
401 3964 538 4027 mortem,
559 3965 680 4029 rogatus
703 3955 865 4014 Malachias
886 3965 918 4012 vt
939 3957 1137 4014 descenderet
1155 3957 1254 4027 prius·
1266 3973 1300 4025 40

102 4061 195 4118 quam
217 4053 392 4113 moreretur,
413 4043 565 4100 infirmant
589 4044 656 4101 oleo
677 4053 832 4114 uncturus,
847 4044 1004 4101 descendit
1022 4053 1053 4101 et
1073 4043 1194 4100 intrauit
1214 4045 1253 4100 ad

101 4147 180 4189 eam.
217 4131 284 4202 Quo
304 4130 369 4188 viso
393 4131 506 4188 exultat
528 4131 586 4201 illa,
606 4149 662 4204 spe
683 4131 788 4190 salutis
813 4131 951 4188 animata.
989 4129 1113 4187 Etcum
1133 4140 1254 4204 pararet

101 4236 171 4278 eam
189 4237 313 4293 ungere,
331 4218 431 4276 visum
453 4227 499 4276 est
520 4219 659 4277 omnibus
685 4219 885 4276 differendum
911 4220 1010 4292 potius
1034 4236 1130 4292 vsque
1154 4235 1253 4276 mane.

135 4333 191 4384 ’Β
204 4333 289 4384 faciet.
362 4330 516 4384 ’Edeuna
589 4331 647 4384 ’at
660 4334 769 4396 prodidi.
844 4331 901 4385 *Ε
915 4332 1021 4384 emoliri.
1094 4332 1211 4385 ‘omitt
1222 4332 1252 4384 T.

99 4399 254 4463 ‘Equam
321 4395 480 4450 ὀπιίηΤ.
545 4398 761 4450 ‘Eiufirmaret
