3044 4894
284 317 329 403 7⁶
600 309 731 397 idulio
756 307 948 412 [mettun
973 307 1126 414 anuto

279 507 404 582 vestigia
423 509 617 584 nostrasque¹
631 511 748 567 animas
766 512 910 583 perducat
928 511 966 566 ad
979 510 1103 567 Abrahe
1116 509 1221 568 solatia
1234 510 1433 584 sempiterna.

283 584 449 667 ingruente
462 608 618 671 peroptato
631 607 767 671 tempore
780 615 840 670 quo
853 598 1052 671 corruptionis
1064 615 1174 655 carnee
1186 599 1320 672 prelium
1333 599 1434 655 immi-

281 695 365 741 neret
378 685 536 758 animaque
549 687 679 758 gratiosa
692 703 747 759 pro
767 686 914 759 imperiali
932 686 1054 743 victoria
1071 688 1168 742 nubes
1183 686 1325 742 ethereas
1339 705 1434 760 pene·

280 783 382 842 traret,
397 773 475 830 bunc
489 774 590 830 oriens
602 791 641 830 ex
654 775 713 830 alto
726 774 852 831 visitans
867 775 962 830 morbi
977 773 1185 846 pestilentialis
1198 774 1286 846 signo
1300 775 1433 830 euidenti

252 877 267 928 g
281 861 311 914 in
325 860 427 929 latere,
435 863 474 916 ad
484 863 617 918 celorum
628 863 811 918 consortium
824 862 967 918 inuitauit.
994 860 1112 918 Exinde
1123 861 1265 918 fratribus
1277 863 1434 918 aduocatis

281 946 311 1003 in
333 965 484 1004 cameram
504 949 553 1005 vbi
574 958 677 1024 pastor
702 950 909 1006 sanctissimus
934 949 1039 1006 mortis
1059 949 1227 1022 angustiam
1251 951 1434 1021 expectauit,

281 1035 393 1108 incepit
408 1035 597 1094 increscente
610 1037 751 1109 passione
765 1037 942 1110 egritudinis
954 1037 985 1093 in
999 1038 1104 1110 paucis
1120 1037 1236 1094 eisdem
1252 1038 1433 1093 consulere:

280 1121 419 1180 videlicet
431 1132 462 1180 vt
476 1124 658 1192 humilitatis,
670 1124 801 1192 unitatis,
816 1135 845 1181 et
858 1125 1028 1182 obedientie
1045 1125 1160 1197 integra
1175 1125 1293 1180 vincula
1309 1141 1433 1181 conser-

281 1221 396 1280 uarent,
415 1211 567 1268 charitatis
589 1229 623 1268 ac
643 1213 851 1269 concordantis
872 1213 968 1268 nitore
989 1212 1138 1284 fulgentes
1156 1213 1317 1268 unanimes
1343 1213 1433 1268 conti-

238 1315 269 1354 re
282 1307 408 1355 nuarent
421 1299 450 1354 in
464 1301 595 1356 consiliis
609 1299 814 1372 preuidendis,
827 1308 936 1356 statuta
953 1299 1102 1373 regularia
1117 1317 1150 1356 ac
1168 1300 1311 1356 minimas
1330 1301 1434 1356 obser·

281 1386 398 1442 uantias
423 1387 561 1444 deuotius
586 1389 779 1458 custodirent,
804 1397 834 1444 et
859 1388 1093 1460 superueniente
1116 1388 1195 1444 luctu
1221 1388 1269 1444 sui
1294 1387 1434 1444 interitus

281 1473 430 1544 repentini
444 1475 662 1547 tranquillitati¹
678 1485 707 1532 et
723 1475 913 1545 conlidentie,
926 1476 1108 1533 confratrem
1122 1476 1269 1548 eligerent
1284 1475 1316 1530 in
1334 1486 1434 1548 pasto-

282 1577 356 1628 rem,
370 1561 419 1633 qui
438 1565 559 1618 mutue*
572 1563 738 1619 dilectionis
757 1571 787 1619 et
806 1563 958 1620 charitatis
976 1564 1094 1636 eloquio
1114 1574 1289 1637 presentem
1308 1581 1434 1636 gregem

282 1646 470 1718 confortaret,
489 1649 630 1722 dirigeret
648 1661 677 1707 et
695 1660 897 1708 conseruaret.
935 1651 959 1706 F
961 1653 1090 1708 undatus
1105 1653 1205 1724 itaque
1225 1651 1254 1706 in
1275 1651 1435 1723 euangelio

240 1759 268 1810 ¹5
282 1737 362 1807 quod
381 1737 519 1794 Christus
539 1737 632 1810 reguli
653 1738 815 1810 hospitium
836 1739 929 1794 noluit
948 1739 1060 1796 intrare
1082 1757 1120 1794 ne
1138 1739 1291 1794 videretur
1314 1739 1435 1794 diuitias

282 1822 430 1881 honorare
441 1846 448 1892 ;
477 1825 732 1898 consideransque
752 1826 853 1882 diuitis
873 1827 1011 1898 epulonis
1033 1827 1180 1883 cruciatus
1204 1827 1235 1882 in
1255 1825 1386 1893 inferno,
1405 1835 1434 1881 et

282 1913 385 1967 solatia
412 1911 538 1968 Lazari³
564 1913 593 1968 in
625 1914 694 1969 sinu
723 1913 846 1970 Abrahe
875 1914 1068 1986 quiescentis,
1097 1931 1230 1970 amorem
1260 1913 1433 1970 diuitiarum

282 1999 497 2057 detestabiliter
510 2002 689 2072 reprobauit,
698 2011 728 2057 et
740 2019 844 2057 earum
858 2010 1063 2075 contemptum
1076 2001 1107 2057 in
1120 2001 1245 2075 prelatia
1254 2003 1434 2058 constitutus

283 2088 410 2144 subditis
425 2090 617 2161 exemplauit,
630 2089 731 2146 verbis
744 2098 927 2146 connectens
944 2089 1215 2163 subsequentibus:
1236 2089 1330 2144 ‘Auri
1349 2089 1435 2145 afllu·

238 2195 271 2234 ao
283 2175 393 2233 entiam
411 2187 512 2233 nostra
528 2177 619 2234 bursa
636 2194 694 2232 non
715 2177 857 2247 continet,
870 2187 900 2233 et
918 2194 1061 2249 supremo
1079 2177 1232 2234 conditore
1244 2178 1435 2248 gubernante

282 2265 420 2336 cuiquam
435 2265 589 2321 bominum
603 2265 633 2321 in
646 2265 745 2337 aliquo
756 2281 814 2320 non
823 2265 1031 2321 indebitamur.
1058 2264 1436 2338 Cognoscimusveraciter

282 2353 362 2424 quod
374 2352 597 2425 complacenter
609 2363 783 2410 cunctorum
794 2363 935 2424 aspectus
945 2369 1005 2408 non
1017 2352 1228 2426 preuenimus:
1242 2353 1297 2408 sed
1306 2351 1437 2424 qualiter

282 2439 459 2508 texerimus,
479 2448 546 2512 post
571 2457 724 2498 recessum
749 2441 839 2497 fidele
863 2439 1037 2513 percipietis
1062 2441 1199 2497 inditium
1208 2440 1227 2510 ⁴,
1246 2448 1276 2496 et
1296 2439 1436 2512 qualiter·

283 2543 400 2599 cunque
418 2527 542 2584 latratus
560 2527 714 2584 inimicitie
733 2537 852 2584 nostros
867 2539 951 2584 actus
969 2529 1177 2600 reprobarunt,
1194 2529 1300 2584 borum
1320 2528 1436 2600 rubigi-

239 2635 268 2684 ²5
283 2631 390 2670 nosum
411 2615 561 2686 eloquium
586 2615 672 2687 signa
696 2615 865 2672 euidential
885 2617 1116 2688 expugnabunt!
1156 2615 1223 2672 Hris
1248 2615 1437 2690 familiariter
1520 2679 1521 2694 χ

282 2704 472 2774 prosequutis
486 2702 515 2758 in
530 2703 628 2760 medio
641 2704 736 2760 nabso
747 2704 800 2773 (t)⁰
813 2703 935 2758 indutus
954 2705 991 2760 ad
1005 2720 1126 2760 carnem
1145 2703 1264 2771 cilicio⁷,
1279 2703 1437 2775 ingraues-
1520 2705 1521 2742 l

282 2798 370 2844 cente
390 2791 565 2862 egritudinis
587 2807 689 2847 morsu
709 2791 841 2862 vipereo,
862 2791 1064 2847 acceleranter
1086 2791 1233 2847 affectauit
1253 2789 1379 2847 dissolui
1406 2801 1437 2846 et
1520 2779 1521 2808 l

283 2893 353 2933 esse
375 2893 442 2933 curn
463 2877 590 2934 Christo.
629 2879 736 2935 Postea
754 2877 876 2951 quidam
901 2878 1036 2935 medicus
1060 2877 1256 2934 incontinenti
1281 2895 1434 2934 cameram

283 2963 456 3037 ingrediens
472 2966 522 3022 vbi
540 2965 672 3038 prefatus
691 2975 793 3038 pastor
809 2975 946 3039 tempora
961 2967 1067 3022 mortis
1083 2967 1261 3039 expectauit,
1274 2983 1349 3022 voce
1364 2983 1437 3022 con-

237 3073 269 3122 no
283 3053 421 3109 solatoria
445 3052 543 3110 taliter
568 3055 763 3126 erumpebat:
792 3053 899 3110 ‘Pater
923 3053 1148 3127 benignissime,
1169 3053 1308 3126 quamuis
1334 3053 1438 3125 ingra-

282 3141 432 3197 uescentis
449 3139 545 3196 morbi
565 3140 748 3197 ferocitatem
770 3158 830 3196 non
850 3141 976 3214 potestis
995 3143 1026 3197 in
1046 3141 1219 3213 sospitatem
1239 3151 1438 3210 commutare,

282 3227 513 3300 capiatistamen
523 3229 689 3284 antidotum
698 3230 717 3298 ⁸,
728 3229 866 3302 spiritum
879 3231 917 3285 ad
928 3237 1049 3301 tempus
1057 3229 1200 3285 reficere!
1227 3228 1281 3285 Cui
1294 3239 1437 3284 sanctus:

282 3315 334 3370 ‘Si
355 3315 478 3371 omnino
499 3316 647 3372 debemus
672 3317 850 3373 medicinam
877 3319 1020 3389 recipere,
1040 3316 1136 3389 parati
1162 3333 1267 3373 sumus
1293 3315 1438 3372 humilius
1519 3313 1520 3330 ¹

283 3403 438 3472 obedire'3
458 3404 562 3460 intime
581 3404 718 3461 recolens
736 3414 873 3461 tenorem
893 3405 997 3477 regule
1015 3405 1114 3462 taliter
1136 3403 1332 3476 imperantis:
1355 3403 1439 3458 ‘Fiat

238 3511 268 3562 35
284 3489 350 3546 sine
375 3507 528 3547 murmure
552 3493 591 3548 de
614 3491 738 3548 consilio
763 3492 947 3562 medicine⁹‚’
973 3503 1003 3549 et
1027 3492 1179 3566 sequitur:
1212 3490 1333 3546 ‘Faciat
1356 3493 1437 3563 quod

283 3577 450 3634 faciendum
481 3587 527 3634 est
557 3595 613 3651 pro
644 3580 756 3636 salute!
808 3580 943 3653 Recepto
978 3581 1077 3654 itaque
1115 3587 1218 3636 contra
1251 3579 1439 3634 infirmitatis

282 3665 453 3722 violentiam
475 3665 670 3723 confortatiuo
691 3668 823 3724 antidoto
832 3669 861 3736 ¹⁰,
877 3667 1154 3741 experimentaliter
1174 3667 1310 3740 percepit
1327 3683 1439 3723 omnes

283 3753 406 3828 spiritus
418 3755 576 3812 interiores
589 3755 732 3827 paulatim
745 3755 934 3812 reuiuiscere.
973 3756 1114 3830 Egressis
1132 3753 1355 3824 assistentibus,
1369 3765 1441 3827 post

283 3843 426 3918 pusillum
450 3843 575 3900 istorum
600 3860 776 3900 sermonum
801 3843 1031 3900 commendabili
1056 3843 1203 3917 sapientia
1223 3841 1303 3914 cepit
1325 3841 1440 3916 alloqui
1518 3909 1519 3912 Ἴ

237 3963 271 4012 40
283 3933 489 4006 capellanum:
516 3931 624 3988 ‘Modo
645 3932 777 4004 percipio
796 3933 946 4004 quomodo
970 3949 988 3988 a
1008 3932 1108 3988 cordis
1129 3931 1261 3987 thalamo
1283 3931 1438 3986 medicina
1518 3987 1519 4012 ,

283 4022 389 4078 collata
410 4019 587 4093 egritudinis
612 4019 780 4076 molestiam
801 4019 976 4092 effugauitz'
1003 4029 1033 4075 et
1055 4018 1213 4075 confestim
1236 4017 1441 4075 incumbentis
1518 4013 1519 4062 ἶ

284 4111 388 4166 boram
396 4109 588 4166 resolutionis
596 4109 652 4166 sibi
662 4107 1025 4180 paternaliternunciauit.
1045 4106 1112 4163 Hec
1120 4106 1209 4180 igitur
1216 4121 1340 4178 gemma
1348 4107 1441 4164 radiis

283 4206 429 4271 perpetue
447 4197 542 4270 gratie
560 4197 747 4269 perlustrata,
759 4195 856 4252 tribus
874 4195 981 4252 diebus
998 4195 1148 4252 continuis
1164 4209 1260 4266 vsque
1275 4194 1314 4248 ad
1333 4193 1439 4250 horam
1516 4207 1518 4322 1

318 4309 369 4360 ¹1¹3.
378 4312 576 4373 tranquillitatis.
615 4310 667 4360 ¹2.
675 4317 771 4360 mutuo.
814 4308 964 4360 'Rimari
1009 4307 1062 4358 ⁴13.
1071 4309 1195 4358 iuditium.
1239 4305 1289 4356 ⁸1¹3.
1299 4309 1442 4359 euidentie.

284 4377 329 4426 ⁸r.
343 4377 454 4427 nudamf
512 4375 569 4427 ²13.
580 4377 671 4426 silicio.
731 4376 951 4426 ⁸E.antltodurn.
1010 4375 1055 4426 'n
1069 4375 1175 4424 medicil
1233 4371 1254 4406 ¹·
1272 4373 1303 4423 E.
1312 4377 1440 4425 antitodo.
