3012 4898
60 335 119 388 ns.
133 337 202 405 uu]
378 321 917 426 manutenuerunt.
1141 347 1212 450 303

61 539 141 585 quam
153 540 219 587 pons
231 525 356 588 superior.
392 525 504 590 Eratque
515 527 600 578 tabula
611 527 654 576 illa
669 527 755 591 pontis
766 526 859 590 plena¹
871 527 950 577 clauis
961 526 1051 576 ferreis
1061 526 1214 578 acutissimis

60 602 177 663 insertis,
198 604 242 666 qui
261 605 375 653 omnium
393 608 582 655 transeunclnm
598 607 679 669 pedes
696 607 868 669 perforabant.
910 605 1009 656 Omnes
1028 613 1114 655 antem
1131 605 1215 655 bestie

61 682 95 730 ad
114 681 186 730 illum
204 689 309 744 pontem
328 683 523 744 conueniebant,
542 691 570 734 ut
592 685 675 733 cibum
694 685 755 733 inde
774 691 914 748 sumerent,
934 685 1033 733 animas
1049 684 1146 733 scilicet
1164 698 1215 746 que

61 759 174 808 transire
198 775 250 809 non
273 767 399 822 poterant
444 761 525 811 Erant
545 769 631 811 autem
653 761 736 811 bestie
756 769 828 811 tante
850 762 1041 824 magnitudinis,
1065 770 1093 810 ut
1115 762 1217 823 magilis

62 837 176 886 tunibus
187 837 396 888 assimilarentur.
426 838 467 888 De
478 855 524 888 ore
536 839 645 902 ipsarum
657 839 744 888 exibat
756 839 821 901 ignis
833 847 884 888 tam
896 841 1045 898 uehemens,
1057 846 1086 887 ut
1096 846 1216 901 stagnum
1229 849 1243 900 5

62 915 150 976 ipsum
167 932 182 965 a
201 917 367 966 cernentibus
384 916 475 966 bullire
495 924 634 980 putaretur.
668 917 739 966 Vidit
755 924 840 967 autem
859 918 892 966 ibi
911 918 1019 966 animam
1040 917 1169 979 quandam
1189 917 1216 965 in

62 1005 147 1056 ponte
165 994 242 1043 ualde
266 994 409 1056 plorantem
427 1002 500 1044 etse
520 996 607 1045 multis
626 995 773 1046 criminibus
794 1002 972 1047 accusantem:
998 1003 1105 1058 eratque
1123 1009 1217 1057 magno

63 1073 184 1133 pondere
203 1073 390 1135 manipulorum
406 1073 528 1124 frumenti
548 1081 664 1136 onerata,
683 1080 710 1123 et
727 1075 794 1124 hunc
812 1081 918 1137 pontem
935 1074 1045 1123 transire
1062 1061 1218 1136 cogebatur3

63 1157 90 1198 et
107 1150 227 1212 quamuis
246 1150 325 1200 clauis
342 1152 483 1215 perforatas
500 1152 603 1215 plantas
620 1153 696 1202 nimis
714 1153 822 1213 doleret,
840 1153 921 1214 magis
940 1152 1050 1214 (tamen)
1068 1151 1173 1200 timebat
1190 1151 1217 1198 in

63 1236 186 1290 stagnum
196 1229 289 1278 cadere
301 1237 327 1279 et
336 1231 362 1278 in
373 1246 419 1279 ora
430 1231 549 1294 patencia
560 1231 706 1280 bestiarum.
738 1231 864 1293 Querenti
875 1231 993 1281 Tundalo
1003 1231 1063 1292 quid
1076 1231 1125 1278 hoc
1137 1235 1215 1285 esset,
1233 1243 1264 1281 ιο

64 1307 132 1356 dixit
160 1308 286 1369 angelus:
315 1309 387 1358 ‘Ista
414 1324 483 1371 pena
508 1309 657 1370 specialiter
684 1309 730 1358 tibi
758 1316 798 1359 est
827 1310 956 1372 condigna
981 1315 1007 1358 et
1033 1309 1070 1358 tui
1095 1308 1218 1358 similibus

64 1384 162 1434 lurtum
181 1387 398 1448 perpetrantibus,
418 1387 460 1435 uel
477 1402 597 1449 magnum
617 1387 660 1436 uel
682 1388 828 1448 modicum:
851 1403 903 1437 non
923 1396 1009 1437 tamen
1029 1387 1121 1436 eodem
1142 1387 1219 1435 modo

65 1463 204 1525 paciuntur
222 1465 265 1526 qui
286 1465 313 1512 in
336 1465 446 1515 minimis
467 1472 493 1514 et
516 1467 560 1529 qui
583 1467 609 1514 in
630 1466 729 1528 magnis
751 1465 914 1528 delinquunt,
934 1465 984 1514 nisi
1008 1465 1071 1514 illud
1092 1465 1219 1513 modicum

65 1541 231 1603 sacrilegium
243 1542 325 1591 luerit
361 1542 473 1592 Maxime
485 1559 548 1592 uero
564 1544 602 1593 rei
619 1552 680 1593 sunt
695 1545 739 1606 qui
750 1545 798 1593 sub
813 1545 900 1593 habitu
912 1543 1044 1606 religionis
1056 1543 1217 1604 delinquunt.

67 1619 146 1668 Hunc
169 1627 275 1682 pontem
299 1628 401 1684 oportet
420 1628 447 1670 te
469 1622 599 1686 trau(sire,
621 1628 647 1671 et
667 1623 782 1685 uaccam)
804 1622 952 1671 indomitam
976 1630 1061 1671 tecum
1081 1621 1175 1669 ducere
1194 1625 1220 1668 et
1235 1635 1264 1687 15

66 1697 168 1746 illesam
187 1697 286 1761 (michi)
305 1699 374 1748 ultra
393 1707 499 1762 pontem
518 1701 643 1751 reddere:
666 1701 725 1762 quia
743 1715 845 1750 uaccam
865 1700 1001 1762 compatris
1023 1698 1060 1748 tui
1082 1698 1220 1760 aliquando

68 1775 169 1825 furatus
181 1777 227 1826 es'
261 1777 304 1826 Ad
314 1793 390 1839 quem
401 1778 549 1827 Tundalus:
568 1778 707 1840 ‘Domine,
720 1795 807 1828 nonne
823 1794 873 1841 ego
889 1779 955 1828 illam
969 1776 1100 1828 reddidil’
1134 1777 1221 1825 ‘Red-

67 1855 168 1913 didisti,
180 1855 272 1916 inquit,
284 1863 324 1904 set
341 1857 444 1918 quando
462 1857 530 1905 illam
547 1857 705 1906 abscondere
723 1872 776 1905 non
794 1857 914 1920 potuisti:
931 1865 958 1905 et
971 1857 1031 1905 ideo
1048 1870 1101 1904 non
1116 1853 1220 1917 plenum

68 1933 180 1994 pecieris
191 1933 354 1996 supplicium,
367 1934 426 1996 quia
443 1935 529 1984 minus
541 1942 581 1985 est
599 1935 691 1984 malum
702 1934 771 1985 uelle
783 1951 859 1998 quam
871 1935 1003 1998 perficere,
1015 1933 1074 1983 licet
1085 1939 1222 1994 utrumque

70 2011 165 2059 rnalmn
192 2011 226 2060 sit
253 2019 315 2061 ante
343 2010 439 2062 deum!
475 2013 507 2062 Et
536 2014 648 2063 ostendit
676 2014 700 2062 ei
727 2014 837 2076 angelus
864 2027 968 2062 uaccam
996 2011 1161 2061 indomitam:
1195 2018 1222 2060 et
1236 2025 1267 2064 πο

68 2088 204 2138 Tundalus
237 2090 317 2138 uellet
349 2091 429 2140 nollet
463 2092 559 2155 tenu(it
587 2091 703 2155 uacc)ani
732 2098 759 2141 et
787 2089 981 2154 quibuscunque
1014 2089 1092 2138 ruinis
1121 2095 1223 2151 poterat

71 2167 219 2230 (instigare)
232 2168 373 2217 conabatur
387 2169 419 2218 ad
437 2177 551 2230 pontem.
587 2169 677 2218 Beatie
693 2185 756 2218 uero
774 2171 921 2231 mugientes
938 2168 1076 2217 ueniebant
1092 2173 1119 2216 et
1138 2166 1223 2215 cibum

70 2259 145 2294 suum
163 2246 196 2294 de
213 2254 294 2308 ponte
311 2247 489 2309 expectabant.
525 2247 657 2296 Tnndalus
675 2249 742 2310 cepit
759 2247 810 2296 iter
826 2263 911 2310 agere,
922 2261 1000 2295 uacca
1016 2253 1102 2294 autem
1119 2244 1223 2294 nolebat

70 2338 129 2371 eum
147 2325 229 2386 sequi.
264 2324 329 2373 Cum
340 2324 437 2374 staret²
447 2324 586 2386 Tundalus,
598 2324 705 2375 cadebat
716 2341 809 2384 uacca:
832 2333 859 2374 et
876 2341 933 2374 cum
949 2325 1033 2374 stabat
1048 2323 1099 2384 illa,
1117 2324 1224 2372 cadebat

70 2400 212 2452 Tundalus.
260 2401 293 2451 Et
314 2403 352 2451 sic
379 2418 456 2452 uersa
477 2403 535 2452 nice
563 2405 642 2452 modo
665 2404 780 2453 cadendo
804 2404 881 2452 modo
909 2405 1012 2461 stando,
1035 2410 1162 2451 uenerunt
1190 2403 1223 2451 ad
1238 2418 1267 2468 25

72 2479 210 2543 (meldlum
222 2481 318 2542 pontis.
354 2481 470 2543 Cumque
482 2481 541 2530 illuc
555 2483 697 2545 uenissent,
711 2481 775 2530 uidit
788 2481 882 2546 [illum]
895 2481 938 2543 qui
950 2481 1067 2544 portabat
1078 2481 1223 2543 manipulos

71 2559 149 2607 tritici
160 2559 211 2607 sibi
222 2559 312 2608 uenire
323 2559 441 2610 obuiam:
459 2559 504 2621 qui
515 2559 623 2622 rogabat
634 2561 744 2609 animam
756 2559 875 2620 Tundali,
887 2575 938 2622 qne
947 2575 1049 2609 uaccam
1061 2559 1177 2619 ducebat,
1190 2574 1224 2608 ne

72 2636 118 2684 sibi
135 2643 244 2699 pontem
264 2645 443 2700 preocuparet,
463 2645 490 2686 et
506 2638 647 2698 Tundalus,
666 2637 785 2687 similiter
807 2637 876 2686 illum
899 2637 1006 2700 rogabat
1027 2645 1055 2687 nt
1078 2637 1128 2687 iter
1150 2652 1224 2686 suum

72 2729 130 2763 eum
142 2715 275 2777 complere
286 2716 394 2776 sineret,
406 2717 476 2777 quod
492 2715 542 2764 iam
556 2717 668 2765 medium
680 2716 830 2778 perfecerat.
867 2715 974 2775 Neuter,
987 2731 1040 2765 non
1052 2717 1109 2765 dico
1120 2715 1224 2777 reuerti,

72 2800 113 2841 set
136 2793 209 2858 (nec)
232 2795 363 2856 respicere
387 2802 457 2843 retro
479 2801 588 2857 poterat.
631 2793 751 2859 Sic[que]
779 2800 878 2843 stantes
907 2803 933 2842 et
956 2794 1096 2856 plorantes,
1119 2801 1224 2856 pontem
1239 2803 1271 2862 30

74 2871 219 2932 plantarum
230 2887 333 2921 suanum
350 2873 477 2935 sanguine
488 2873 663 2922 cruentabant.
698 2872 814 2934 Cumque
831 2872 867 2921 ita
883 2873 983 2921 diucius
998 2879 1106 2933 starent,
1120 2871 1225 2936 (nes)ci·

74 2957 149 3000 entes
161 2952 301 3012 quomodo,
313 2958 421 3013 uterque
433 2951 542 3000 alterum
550 2967 581 3000 se
588 2952 758 3014 pertransisse
771 2951 841 3000 uidit.
866 2951 998 3000 Tundalus
1009 2959 1095 3000 autem
1106 2951 1225 3013 angelum

74 3043 156 3090 suum,
169 3045 247 3091 quem
259 3037 329 3078 retro
341 3030 488 3092 reliquerat,
500 3036 561 3079 a'nte
572 3045 602 3078 se
613 3031 684 3090 uidit,
697 3029 741 3092 qui
753 3031 819 3079 dixit
829 3030 854 3078 ei
866 3047 873 3079 r
890 3029 980 3079 ‘Beue
994 3029 1092 3088 uenias,
1104 3030 1137 3078 de
1149 3044 1227 3078 uacca

74 3107 185 3170 amplius
196 3123 249 3157 non
260 3121 344 3166 cures,
355 3108 415 3171 quia
428 3107 505 3156 nichil
516 3109 541 3156 ei
553 3108 632 3156 debes
643 3106 769 3170 amplius'
804 3107 921 3170 Cumque
934 3107 1065 3156 Tundalus
1076 3105 1226 3156 ostenderet
1310 3161 1312 3168 ,

75 3187 155 3246 pedes
170 3201 233 3234 suos
249 3186 399 3248 diceretque
413 3185 482 3247 quod
497 3185 605 3248 amplius
623 3185 661 3234 ire
679 3200 732 3234 non
748 3193 846 3248 posset,
864 3186 1000 3248 respondit
1013 3185 1138 3247 angelus:
1154 3184 1226 3234 ‘lde-
1240 3187 1271 3239 35

75 3264 183 3314 minisse
201 3264 280 3313 debes
299 3279 375 3327 quam
394 3264 498 3313 ueloces
517 3264 621 3313 inerunt
641 3264 722 3326 pedes
742 3264 779 3313 tui
799 3265 832 3312 ad
850 3263 1034 3313 effundendum
1057 3263 1226 3326 sanguinem:

76 3349 102 3390 et
120 3343 182 3392 ideo
200 3343 324 3392 contricio
343 3349 369 3392 et
389 3342 525 3391 infelicitas
539 3342 565 3390 in
584 3342 633 3391 uiis
648 3339 717 3391 tuis’
751 3341 784 3390 Et
800 3348 912 3404 tangens
929 3357 986 3391 eam
1003 3343 1104 3392 sanauit
1120 3359 1184 3402 eam,
1201 3349 1228 3391 ct

76 3421 112 3469 sic
121 3422 256 3484 precessit.
286 3420 425 3484 (Cumque)
439 3421 536 3469 diceret
544 3419 676 3469 Tundalus
687 3418 823 3482 ‘Domine,
835 3435 887 3482 quo
898 3421 964 3470 imus
976 3422 1070 3472 modol
1077 3422 1083 3442 '
1095 3421 1229 3484 respondit

76 3501 200 3561 angelus:
217 3497 345 3560 ‘Quidam
361 3505 444 3548 tortor
460 3499 606 3547 teterrimus
624 3506 739 3547 nostium
756 3505 875 3560 expectat
891 3499 1038 3562 aduentum,
1058 3501 1130 3549 cuius
1142 3500 1228 3562 hospi·

77 3578 141 3627 cium
158 3593 213 3627 non
230 3593 366 3640 possumus
376 3577 512 3640 preterire.
547 3575 624 3638 Quod
636 3577 778 3639 hospicium
790 3591 894 3640 semper
905 3577 1011 3639 plenum
1023 3584 1063 3627 est
1075 3578 1228 3640 hospitibus,
1240 3581 1274 3632 40

77 3663 117 3704 set
127 3657 227 3718 hospes
238 3657 281 3704 ille
292 3656 377 3705 adhuc
387 3655 452 3704 alios
466 3654 584 3717 hospites
599 3654 633 3703 ad
644 3655 795 3718 supplicium
807 3655 934 3704 desiderat
945 3655 1079 3706 inuenire)
1146 3643 1229 3706 Cum·

79 3749 126 3795 que
138 3735 208 3784 irent
219 3749 267 3796 per
276 3735 334 3784 loca
345 3733 484 3783 tenebrosa
500 3741 527 3783 et
543 3734 625 3793 arida,
642 3733 760 3796 apparuit
772 3733 810 3782 eis
822 3734 914 3782 domus
925 3742 1015 3796 aperta
1025 3735 1144 3792 maxima,
1156 3735 1230 3796 quasi

78 3812 180 3872 quidam
200 3810 297 3875 (mons)
316 3812 411 3861 arduus
421 3827 468 3873 pre
483 3810 562 3860 nimia
575 3811 759 3872 magnitudine,
772 3810 906 3876 rot(nnda)
919 3811 991 3874 quasi
1007 3810 1111 3862 turnus:
1129 3813 1229 3861 tlamma

79 3888 136 3940 inde
157 3891 245 3940 exibat
264 3905 315 3953 que
334 3905 382 3953 per
401 3889 471 3938 mille
490 3904 580 3952 passus
600 3890 698 3938 animas
717 3904 781 3950 quas
801 3889 918 3938 inuenire
938 3897 1040 3952 poterat
1059 3890 1229 3940 comburebat

80 3966 154 4028 Quod
171 3970 265 4018 uidens
285 3967 424 4028 Tundalus,
444 3967 510 4017 dixit
524 3968 558 4017 ad
576 3968 712 4030 angelum:
736 3967 819 4016 ‘Ecce
837 3969 1071 4030 appropinquamus
1090 3968 1123 4017 ad
1142 3975 1229 4030 portas
1241 3971 1273 4023 45

80 4047 167 4097 mortis
180 4064 188 4096 ε
204 4047 314 4110 quisine
330 4046 451 4096 miserum
464 4045 582 4095 liberabit
591 4043 616 4096 l’
649 4045 696 4094 Cui
708 4045 835 4107 augelus:
852 4045 910 4094 ‘Ab
921 4047 971 4095 ista
985 4046 1087 4108 quidem
1099 4047 1230 4096 exteriore

81 4123 179 4174 flamma
191 4125 349 4184 liberaberis,
361 4131 402 4173 set
413 4124 494 4186 ipsam
507 4125 618 4185 domum,
633 4124 701 4172 unde
716 4123 841 4185 procedit,
855 4121 977 4173 intrabis'
1011 4124 1112 4173 Etcum
1124 4124 1230 4186 propius

81 4200 240 4259 accederent,
252 4199 372 4248 uiderunt
383 4198 540 4264 ca(rnifices)
553 4214 611 4248 cum
628 4199 759 4247 securibus
772 4203 799 4246 et
813 4197 901 4248 cultris
912 4205 939 4247 et
950 4198 1069 4247 bisacutis
1081 4205 1107 4248 et
1119 4197 1231 4248 dolabris

81 4283 108 4324 et
123 4277 232 4327 terebris
249 4271 300 4343 [e't]
318 4277 425 4326 falcibus
439 4285 467 4327 et
481 4277 620 4341 forcipibus
631 4276 785 4326 acutissimis
800 4283 827 4326 et
844 4275 974 4326 fossoriis¹
986 4283 1012 4325 et
1028 4277 1121 4327 ceteris
1137 4277 1231 4328 instru-

176 4380 240 4432 ¹s0
251 4379 315 4446 vm
332 4379 393 4431 su.
406 4381 512 4433 uscha
612 4377 699 4431 ¹scn.
711 4379 802 4432 aaut
912 4378 968 4430 Ιτ.
982 4379 1131 4432 fossoribus.
