3044 4878
325 290 401 384 Da
424 287 589 380 sunm
613 290 786 396 benene
811 292 1004 398 mucuns
1194 318 1240 392 45

77 492 242 550 voluntate
252 501 411 550 constaret
439 493 600 550 ¹Decanus
607 493 697 566 igitur
707 493 861 552 Lincolnie
871 513 939 552 cum
950 495 1112 552 maioribus
1122 495 1242 569 capituli

79 583 129 636 sui
151 581 282 638 accessit
304 582 343 636 ad
365 581 463 637 locum
483 581 530 638 cui
549 591 670 654 preerat
687 584 733 638 vir
747 591 886 640 sanctus:
906 584 957 656 qui
974 584 1055 640 inter
1070 585 1167 656 prima
1182 585 1243 642 col-

79 668 187 741 loquia
199 667 245 725 sic
257 685 364 725 eorum
377 667 434 725 sibi
451 669 577 742 gratiam
597 669 789 742 comparauit,
803 673 882 743 quod
901 688 972 728 eum
991 680 1108 744 patrem
1126 689 1160 730 ac
1173 689 1243 744 pas-

78 765 184 813 torem
203 755 319 812 babere
337 756 504 813 deuotionis
522 757 629 814 affectu
648 757 803 815 seruenter
819 760 979 831 optabant:
1000 767 1030 816 et
1052 769 1122 816 tunc
1144 758 1243 832 primo

78 843 251 901 consensit.
290 842 393 900 Prima
418 852 585 916 nocteque
608 845 640 900 in
665 844 840 919 episcopatu
862 863 918 902 suo
942 846 1098 904 dormiens
1121 843 1271 919 quieuit,5

80 931 202 988 audiuit
213 947 321 988 vocem
339 931 488 990 dicentem
503 931 576 990 sibi:
597 932 766 1005 ‘Egressus
785 951 819 990 es
838 933 868 990 in
884 934 1011 990 salutem
1031 935 1134 1007 populi
1147 935 1199 1003 tui,
1212 934 1243 992 in

80 1019 216 1076 salutem
230 1035 299 1074 cum
310 1017 429 1076 Christo
442 1027 492 1076 tuo
502 1020 527 1076 ¹.²
586 1007 737 1077 Processu
750 1037 823 1077 vero
835 1020 982 1093 temporis
995 1038 1148 1079 summum
1161 1024 1244 1094 regis

81 1105 290 1176 forestarium,
311 1115 416 1164 contra
435 1107 603 1165 libertatem
625 1108 752 1165 ecclesie
772 1109 1000 1178 debachantem,
1019 1109 1153 1167 districte
1172 1127 1242 1166 con-

79 1194 172 1250 uenit
190 1203 221 1250 et
240 1194 519 1252 excommunicauit.
557 1195 624 1266 Quo
641 1197 751 1265 audito,
766 1213 822 1252 rex
834 1196 1033 1254 vehementer
1050 1206 1154 1253 contra
1167 1213 1237 1254 eum

82 1291 189 1338 motus
201 1290 257 1338 est.
294 1281 428 1338 Vacante
439 1281 558 1340 interim
568 1284 697 1356 quadarn
711 1285 874 1356 prebenda,
885 1283 1000 1355 rogauit
1012 1300 1082 1340 eum
1096 1294 1191 1342 rexvt
1202 1286 1243 1348 ad
1259 1299 1289 1342 ιο

81 1369 262 1426 instantiam
281 1386 367 1426 suam
388 1371 506 1427 cuidam
533 1371 672 1443 [aullico²
694 1388 748 1428 suo
770 1388 838 1428 earn
861 1371 997 1429 conferre
1020 1381 1146 1428 curaret.
1184 1371 1243 1441 Qui

82 1456 195 1513 litteris
217 1456 360 1529 perlectis
384 1457 442 1514 ait:
469 1457 555 1514 ‘Non
577 1457 690 1527 aulicis,
713 1459 767 1514 sed
791 1457 891 1531 potius
919 1458 1129 1518 ecclesiasticis
1148 1459 1241 1516 eccle·

82 1543 208 1600 siastica
232 1553 352 1616 oportet
376 1545 521 1602 beneficia
545 1545 674 1602 conferri
705 1546 853 1619 personis.
893 1545 993 1603 Habet
1020 1547 1159 1604 dominus
1184 1565 1241 1606 rex

83 1632 168 1688 vnde
176 1631 406 1704 recompenset³
417 1633 449 1689 in
462 1634 678 1706 temporalibus
687 1651 743 1706 pro
752 1633 969 1706 temporalibus
980 1633 1038 1690 sibi
1048 1633 1240 1692 militantium

83 1721 240 1778 laborem!
277 1720 394 1790 Quibus
412 1720 520 1778 auditis
535 1723 625 1778 nimis
644 1721 778 1778 offensus
791 1737 855 1790 rex,
868 1721 967 1793 ipsum
986 1722 1124 1794 protinus
1140 1739 1242 1779 aecer·
1258 1739 1287 1790 15

84 1807 176 1866 siuit:
196 1817 227 1865 et
243 1809 275 1864 in
289 1825 413 1867 nemore
426 1809 555 1880 quodam
569 1809 717 1878 residens,
730 1808 928 1881 magnatibus,
941 1808 973 1864 in
992 1809 1114 1865 modum
1130 1826 1241 1867 corone

83 1894 324 1962 considentibus,
333 1895 505 1970 precepitvt
515 1896 615 1954 nullus
625 1896 778 1953 accedenti
791 1897 936 1969 episcopo
948 1904 1130 1969 assurgeret,
1141 1896 1242 1956 nullus

83 1982 302 2039 aduenientem
315 1982 465 2040 salutaret.
503 1984 567 2040 Nee
580 2001 673 2054 mora,
681 1985 767 2041 adest
780 1982 838 2052 ille,
851 1983 960 2040 salutat
975 2000 1079 2055 regem
1092 1991 1123 2040 et
1135 2000 1241 2040 conse-

83 2071 217 2132 dentes:
237 2071 291 2127 sed
305 2070 405 2127 nullus
417 2087 488 2129 eum
501 2071 651 2128 resalutat
689 2071 756 2142 Quo
769 2072 842 2148 viso,
855 2070 982 2128 accessit
995 2071 1156 2142 episcopus
1169 2088 1240 2144 pro·

84 2159 165 2231 pius,
191 2175 345 2230 manuque
374 2158 481 2216 leuiter
510 2159 642 2232 scapulis
672 2159 826 2216 cuiusdam
854 2157 956 2231 magni
975 2157 1069 2226 dacia,
1095 2157 1146 2230 qui
1172 2158 1237 2231 regi
1258 2176 1289 2216 aa

84 2245 250 2316 assidebat,
274 2244 423 2318 imposita,
449 2246 548 2303 locum
573 2247 630 2303 sibi
655 2247 738 2303 iuxta
763 2261 867 2318 regem
892 2243 969 2301 lecit.
1017 2243 1106 2300 Facto
1137 2253 1238 2302 autem

85 2332 308 2405 aliquantulum
330 2333 457 2404 silentio,
477 2351 532 2390 rex
554 2335 686 2398 tandem,
705 2333 820 2389 vultum
842 2332 964 2405 erigens
986 2332 1162 2402 demissum,
1177 2333 1242 2390 dari

85 2438 104 2476 a
117 2421 251 2492 quodam
265 2419 470 2477 assistentium
484 2437 572 2478 acum
584 2421 641 2478 sibi
655 2420 790 2494 precepit
802 2437 871 2476 cum
885 2419 943 2476 filo.
975 2419 1043 2490 Quo
1055 2418 1141 2490 iacto,
1155 2437 1243 2478 suere

86 2507 168 2580 cepit
182 2524 274 2564 manu
287 2507 409 2581 propria
424 2508 521 2566 lesum
535 2507 756 2580 panniculoque
769 2506 934 2564 inuolutum
949 2507 1017 2564 leue
1033 2523 1087 2564 sue
1105 2506 1240 2580 digitum.

89 2594 159 2652 Hoc
171 2595 280 2652 videns
292 2595 462 2669 episcopus,
471 2605 502 2654 et
515 2595 562 2652 sui
576 2613 667 2653 causa
679 2593 831 2652 silentium
842 2594 952 2651 iactum
963 2611 1032 2652 esse
1045 2613 1242 2668 cognoscens,
1259 2612 1289 2662 25

87 2699 257 2739 conuersus
269 2683 307 2738 ad
317 2683 491 2755 regemhiis
499 2683 601 2740 verbis
610 2692 705 2740 totam
719 2681 819 2740 cordis
829 2681 895 2740 eius
904 2681 1086 2738 erectionem
1098 2684 1244 2740 tumidam

86 2770 178 2838 elisit,
195 2769 318 2828 dicens:
339 2769 452 2840 ‘Quam
470 2770 628 2828 similises
646 2771 735 2827 modo
754 2769 891 2843 cognatis
907 2769 967 2826 tuis
988 2769 1027 2826 de
1052 2769 1208 2826 Phalesia⁴
1219 2773 1244 2828 l'

89 2856 160 2914 Hoc
172 2855 315 2929 quidem⁸
326 2857 394 2926 telo,
405 2858 515 2914 blando
525 2867 555 2915 et
565 2858 633 2928 leui,
646 2859 700 2915 sed
715 2857 824 2914 mirum
837 2856 868 2913 in
882 2857 1007 2913 modum
1020 2857 1202 2929 penetrabili
1215 2865 1245 2916 et

87 2952 242 3016 preaeuto,
262 2962 318 3002 rex
342 2945 569 3018 precordialiter
591 2944 741 3013 traiectus,
763 2944 894 3002 conserit
925 2943 1041 3016 digitos,
1064 2944 1190 3001 soluitur
1212 2943 1244 3002 in

88 3032 280 3102 cachinnum,
300 3049 355 3090 ore
376 3033 486 3106 supino
511 3033 542 3090 in
564 3040 677 3090 terram
698 3034 856 3105 deponens
878 3031 1027 3090 ceruicem
1035 3031 1054 3098 ⁰,
1074 3030 1244 3104 risibusque
1259 3049 1292 3100 39

88 3119 202 3176 diutius
214 3118 299 3176 frena
311 3119 438 3176 laxabat.
476 3119 663 3178 Mirabantur
675 3119 845 3177 assidentes
858 3135 950 3192 supra
964 3119 1087 3174 modum
1101 3127 1130 3174 et
1143 3128 1243 3191 stupe-

88 3207 163 3264 bant
175 3207 233 3263 sub
245 3207 297 3263 tali
310 3206 432 3264 articulo
445 3205 660 3281 improperium
678 3207 739 3264 tale
755 3214 838 3262 tanto
857 3205 985 3279 principi
1004 3206 1042 3261 ab
1055 3205 1177 3262 homine
1191 3206 1245 3264 tali

89 3293 184 3351 fuisse
209 3294 362 3350 intortum.
400 3293 439 3350 Et
457 3293 610 3351 admirans
633 3311 688 3351 rex
706 3293 762 3352 viri
782 3293 1003 3361 confidentiam,
1025 3293 1124 3364 palam
1146 3293 1244 3360 dixit:

89 3381 199 3451 ‘Num,
211 3379 319 3455 inquit,
331 3381 496 3456 intelligitis
508 3381 675 3440 cuiusmodi
688 3381 775 3439 nobis
788 3379 1018 3438 contumeliam⁷
1032 3380 1178 3438 barbarus
1188 3381 1245 3438 iste

90 3468 248 3526 intulerit?
284 3467 348 3541 Ego
369 3468 455 3526 vobis
472 3469 584 3526 dictum
604 3468 683 3526 illius
707 3469 885 3542 explanabo.
922 3467 1047 3525 Constat
1067 3466 1244 3540 genitricem
1260 3484 1291 3536 35

90 3555 197 3628 proaui
228 3555 325 3612 nostri
345 3555 491 3613 Willelmi
516 3555 734 3629 Conquestoris
763 3557 804 3612 de
831 3555 927 3627 stirpe
946 3555 1089 3611 mediocri
1113 3556 1244 3615 traxisse

90 3643 240 3716 originem
250 3661 284 3700 ac
296 3644 335 3702 de
350 3643 508 3702 Phalesia⁴
521 3644 688 3702 oriundam.
725 3642 923 3715 Municipium
936 3642 992 3698 hoc
1006 3650 1071 3699 arte
1087 3642 1245 3716 pelliparia

90 3730 241 3790 celebrius
253 3729 407 3788 excolitur.
444 3730 521 3801 Quia
533 3747 606 3790 vcro
624 3747 674 3788 me
693 3747 781 3788 suere
799 3729 924 3804 digitum
940 3747 1042 3786 meum
1054 3730 1173 3787 derisor
1185 3731 1244 3790 iste

90 3819 257 3891 conspexit,
268 3817 376 3875 iccirco
387 3817 523 3892 cognatis
534 3817 607 3891 [me]
617 3818 694 3875 meis
706 3817 948 3891 phalesiensibus
961 3817 1091 3874 similem
1104 3835 1175 3874 esse
1187 3819 1245 3874 im·

90 3904 282 3980 properauit’
320 3905 458 3979 Cumque
468 3922 524 3963 rex
534 3907 670 3963 modeste
680 3922 750 3962 eum
760 3904 909 3978 arguisset
919 3905 957 3961 de
965 3903 1112 3962 forestarii
1123 3921 1244 3962 excom·
1258 3923 1291 3974 40

90 3991 295 4050 munitatione
304 4000 335 4050 et
344 3991 522 4064 [aulici]’ad
532 3992 789 4066 prebendamnon
797 3993 1011 4066 acceptatione,
1019 3999 1050 4048 et
1059 3991 1109 4048 ille
1117 3991 1245 4049 rationa-

90 4080 236 4138 biliterad
248 4081 349 4137 omnia
362 4079 577 4154 respondisset,
588 4080 723 4154 placatus
733 4097 796 4149 rex,
805 4078 989 4136 orationibus
1001 4077 1097 4135 sancti
1110 4077 1244 4152 episcopi

89 4185 123 4227 se
134 4167 403 4238 recommendauit,
411 4176 441 4224 et
451 4167 575 4241 speciali
586 4165 788 4226 beniuolentia
795 4184 866 4224 eum
879 4167 918 4224 de
929 4165 1046 4238 reliquo
1059 4166 1167 4224 deuote
1180 4183 1244 4224 am·

122 4289 322 4342 ¹·¹om.inVit.
362 4289 563 4342 ¹T.E.clerico.
597 4289 670 4340 'vit
678 4297 840 4354 compenset.
879 4287 950 4338 *Vit
962 4287 1063 4338 Falesia
1071 4289 1125 4356 (ie.
1136 4290 1244 4358 faleise,

89 4358 116 4408 in
134 4354 309 4424 Nomandy).
361 4355 511 4420 ¹01.th
559 4354 615 4408 ’ἱ
628 4356 762 4412 ceruicem.
811 4353 869 4408 'E
884 4353 1064 4406 contumeliam
1075 4356 1157 4412 nobis,
