3036 4878
272 275 346 366 ⁶98
691 269 894 374 {ippmutr
922 274 996 350 rrr.
1050 285 1052 288 ·

271 471 404 546 predictis
425 487 489 529 cum
511 491 622 530 summa
642 475 805 532 mueremia
829 473 1043 532 custodiendum
1067 474 1221 547 dereliquit.
1260 475 1331 547 lpse
1353 495 1429 533 uero

271 557 427 628 preparatis
451 559 488 614 ad
514 557 567 612 iter
591 575 671 614 suum
696 560 872 626 necessariis,
896 561 1018 616 Romam
1043 559 1181 630 proiectus
1202 576 1309 630 papam
1337 549 1438 630 petiit'

272 639 410 696 mirabilia
427 657 482 711 que
500 657 551 712 per
568 641 690 698 martiris
709 642 752 698 sui
772 644 880 712 merita,
895 642 992 698 diuina
1011 642 1142 714 potencia
1159 641 1262 698 cotidie
1281 659 1354 698 cum
1376 645 1438 698 fide
1503 649 1504 698 1

272 723 432 793 petentibus
454 725 632 794 operabatur,
650 741 746 782 coram
765 717 881 795 'singulis
900 725 1065 794 insinuabit3
1092 725 1211 796 qualiter
1228 741 1334 795 corpus
1356 745 1438 782 mar·
1503 719 1504 754 ἶ

244 805 332 870 stitis
350 805 495 862 inuentum
514 823 579 862 cum
598 807 747 878 sepulchro
767 809 913 877 detulerat,
932 809 982 864 sed
999 825 1057 880 quo
1075 825 1141 864 eum
1158 809 1344 864 deserendum
1367 827 1438 879 pro·

272 899 412 960 posuerat,
428 906 494 944 eum
511 889 619 946 deferre
636 907 693 946 norr
710 907 802 962 posse,
817 890 1018 962 pronunciauit.
1056 893 1120 946 Hec
1137 902 1166 948 et
1182 891 1238 946 alia
1253 893 1438 962 quamplura

272 989 323 1042 per
335 983 463 1028 sanctum
476 975 685 1030 Freemundum
699 975 823 1030 exhibita
840 975 914 1030 sedis
929 974 1083 1046 apostolice
1099 974 1194 1046 presul
1210 975 1338 1042 miratur,
1353 987 1387 1032 et
1405 976 1438 1030 in

273 1055 390 1125 singulis
402 1057 536 1112 miraculo
548 1057 639 1126 dignis
652 1057 755 1114 Christi
773 1058 934 1140 potenciam
948 1068 976 1114 et
993 1057 1115 1114 martiris
1130 1057 1248 1128 gloriam
1264 1071 1438 1114 ueneratur.

274 1139 434 1210 Episcopus
459 1139 543 1210 igitur
567 1141 693 1207 &rinus
717 1141 848 1196 omnihus
873 1141 994 1212 peractis
1022 1142 1059 1198 ad
1082 1141 1205 1196 diocesis
1229 1159 1280 1196 stre
1305 1143 1437 1212 negocia

231 1235 262 1274 ro
274 1223 486 1293 pertinentibus,
511 1223 706 1281 benedictione
729 1235 863 1296 percepta
884 1225 922 1282 ad
945 1225 1077 1295 Angliam
1099 1223 1201 1280 rediit:
1232 1235 1260 1280 et
1285 1227 1438 1295 susceptis

274 1305 372 1362 litteris
392 1305 498 1362 domini
524 1322 606 1378 pape,
627 1306 717 1364 sancti
743 1308 912 1366 Freemrrndi
937 1325 1038 1378 corpus
1059 1326 1077 1363 a
1097 1307 1247 1378 sepulchm
1272 1307 1384 1362 eleuari
1405 1318 1437 1364 et

274 1389 504 1446 honofifioencius
529 1390 558 1444 in
584 1389 686 1446 feretro
717 1401 798 1460 prout
822 1401 918 1462 posset
943 1391 1075 1468 decenter
1099 1391 1257 1461 composito
1282 1390 1436 1447 transferri

273 1471 500 1542 precipientibus,
520 1472 592 1530 sicut
615 1475 779 1530 mandatum
798 1475 919 1545 accepit,
939 1475 1096 1546 episcopos,
1115 1475 1242 1542 abbates,
1260 1485 1436 1546 ceterasque

274 1555 417 1624 religiosas
429 1555 646 1627 circumquaque
660 1573 802 1627 personas,
815 1575 879 1612 curn
896 1557 1073 1613 multitudine
1088 1558 1226 1613 nobilium
1237 1567 1267 1614 et
1279 1557 1436 1614 innumero

232 1653 261 1706 ¹⁵
274 1648 337 1694 cetu
350 1639 480 1709 plebium,
492 1639 530 1694 ad
541 1639 634 1696 locum
646 1655 704 1712 quo
718 1640 839 1696 martiris
853 1657 955 1712 corpus
971 1640 1133 1712 quiescebat
1150 1640 1319 1696 conuocauit
1330 1660 1338 1706 ς
1356 1651 1389 1696 et
1402 1642 1436 1696 in

273 1721 374 1790 loculo,
386 1722 498 1778 laminis
514 1722 661 1792 argenteis,
672 1739 729 1794 que
745 1723 869 1779 fidelium
888 1724 1038 1780 deuotione
1052 1725 1090 1778 ad
1106 1723 1228 1780 martiris
1245 1724 1435 1795 sepulchrum

274 1799 369 1861 oblata
385 1805 502 1874 fuerant,
515 1805 627 1860 decenti
642 1822 728 1876 opere
745 1805 887 1862 deauratis
902 1807 1066 1878 coraposito,
1080 1807 1169 1862 sancti
1185 1805 1308 1862 martiris
1326 1823 1436 1876 corpus

275 1889 445 1946 Freemundi
463 1905 527 1945 cum
544 1888 658 1958 ympnis
674 1899 704 1946 et
724 1889 855 1950 laudibus
874 1889 911 1946 de
929 1891 1076 1960 sepulchro
1097 1890 1186 1946 ueteri
1204 1890 1355 1956 elebatum,
1376 1893 1434 1946 sub

274 1972 408 2028 vicesima
420 1981 522 2028 octaua
535 1971 582 2026 die
601 1971 707 2040 Martii,
722 1973 935 2028 coruscantibus
953 1973 1078 2044 undique
1092 1973 1239 2041 miraculis,
1254 1973 1431 2041 collocauit;

231 2065 303 2112 aeet
322 2071 357 2112 ex
371 2066 499 2111 oemerrto
518 2064 546 2110 et
568 2055 662 2126 lapide
680 2056 844 2112 uenustiore
861 2073 946 2127 opere
964 2073 1132 2127 supereum
1150 2066 1251 2126 postea
1269 2057 1432 2112 materiam

273 2137 430 2194 fabricauit.
467 2139 571 2194 Passus
583 2148 627 2194 est
639 2137 735 2210 itaque
747 2139 877 2208 egregius
890 2140 995 2196 Christi
1008 2139 1106 2194 martir
1121 2139 1316 2196 Freemundus
1328 2140 1433 2210 quinto

277 2221 344 2278 Idus
358 2221 446 2278 Maiis
464 2221 544 2278 cuius
556 2220 663 2277 meritis
681 2232 709 2278 et
725 2221 864 2292 suffragiis
878 2239 931 2286 nos
943 2234 1106 2293 peccatores
1123 2239 1236 2294 semper
1250 2223 1433 2291 adiuuemur,

275 2314 304 2360 vt
325 2321 375 2376 per
392 2304 452 2361 eius
469 2305 662 2375 temporalem,
683 2321 769 2375 quam
793 2305 976 2373 celebramus,
1000 2305 1190 2372 iestiuitatem,
1211 2305 1341 2362 uotiuam
1363 2306 1432 2362 eius

273 2397 303 2444 et
323 2388 450 2443 omnium
469 2397 630 2444 sanctorum
650 2403 856 2459 consequamur
876 2387 1049 2446 societatem.
1087 2390 1141 2445 Per
1160 2406 1226 2446 euru
1244 2389 1293 2460 qui
1311 2389 1382 2446 uiuit
1403 2401 1434 2446 et

232 2483 263 2536 ²5
276 2479 376 2540 regnat
388 2481 416 2526 et
429 2471 548 2541 imperat
561 2471 589 2526 in
603 2471 698 2528 secula
710 2473 875 2528 seculorum.
911 2474 1013 2528 Amen.

311 2553 434 2624 Explicit
447 2553 544 2624 passio
555 2564 583 2610 et
596 2553 723 2610 inuentio
735 2555 825 2611 sancti
839 2555 862 2610 F
864 2555 1008 2612 reemundi
1022 2555 1096 2626 regis
1108 2566 1136 2612 et
1149 2553 1281 2612 martiris.

286 2701 311 2742 a.
328 2687 408 2742 Vtra
422 2699 533 2744 srscrr
546 2689 713 2744 Gurrrtacr
726 2700 941 2756 aaacnomrn,
953 2701 1103 2746 aucrortn
1116 2689 1223 2746 Parrto
1237 2688 1423 2746 Brasaus11.

314 2793 436 2850 lttctrrt
459 2792 580 2864 epistola
608 2793 735 2863 magistri
759 2793 833 2850 Petri
860 2793 1002 2850 Blesensis
1026 2795 1064 2850 ad
1087 2793 1245 2865 dompnum
1270 2795 1431 2852 Henticum

276 2878 410 2934 abbatem
423 2874 603 2933 Croilandie¹
615 2876 651 2932 de
663 2877 723 2932 uita
735 2878 809 2932 beati
822 2877 965 2933 Guthlaci.

349 2973 569 3030 Euereutissimo
587 2973 659 3044 patri
676 2982 704 3028 et
720 2973 846 3040 domino,
863 2973 988 3044 dompno
1005 2973 1130 3030 Henrico
1145 2971 1241 3028 abbati
1258 2973 1431 3038 Croilandie‚

385 3057 483 3114 Petrus
505 3055 648 3112 Blesensis
670 3055 869 3112 Bathoniensis
887 3055 1110 3125 archidiaconus,
1127 3057 1247 3112 salutem
1264 3055 1295 3111 in
1314 3075 1351 3112 eo
1368 3059 1432 3114 sine

279 3157 335 3211 quo
359 3157 416 3195 non
441 3151 484 3196 est
509 3141 593 3196 salus
638 3139 713 3207 Quia
741 3149 821 3209 gesta
849 3139 973 3195 uirorum
1002 3139 1150 3196 illustrium
1180 3139 1251 3196 solet
1279 3142 1432 3196 obscurare

234 3243 267 3294 3⁰
280 3233 416 3292 uetustas,
440 3223 535 3280 subtili
564 3221 682 3278 artificio
708 3223 872 3294 prudentior
899 3224 1010 3279 cautela
1031 3222 1158 3279 decreuit
1181 3239 1217 3278 ea
1244 3223 1372 3294 redigere
1402 3225 1431 3280 irr

279 3307 454 3377 scripturam,
467 3316 497 3361 vt
514 3307 650 3362 beneficio
664 3305 818 3362 litterarum
836 3307 1007 3362 senescentis
1021 3307 1155 3362 memorie
1167 3306 1349 3377 dispendium
1360 3309 1431 3364 rele-

279 3399 367 3446 uetur.
405 3392 514 3444 lustum
532 3389 664 3460 equidem
682 3408 700 3444 a
718 3389 799 3444 rebus
821 3389 952 3446 humanis
973 3401 1133 3461 exemptum
1150 3389 1289 3461 scriptura
1306 3393 1431 3462 quodam

279 3473 364 3528 modo
382 3473 515 3540 uiuificat,
534 3473 601 3528 dum
620 3472 650 3528 id
671 3473 730 3542 agit
751 3482 781 3528 nt
800 3481 946 3544 tamquam
968 3473 1038 3530 liber
1058 3473 1130 3530 inter
1150 3483 1274 3530 mortuos
1297 3473 1386 3542 uiuat,
1403 3485 1429 3529 et

280 3551 417 3608 aduerms
435 3551 554 3621 gloriam
573 3551 634 3608 eius
653 3553 730 3606 nulla
749 3553 882 3621 temporis
903 3552 1046 3622 longitudo
1064 3552 1227 3623 prescribat.
1264 3554 1432 3624 Propulsata

236 3657 267 3708 35
281 3636 375 3707 itaque
399 3635 542 3691 desidiose
571 3634 721 3690 obliuionis
750 3635 851 3692 iniuria
875 3636 1103 3707 posteritasque
1129 3646 1290 3692 sanctorum
1319 3648 1431 3707 patrum

281 3719 414 3791 preconia
434 3719 518 3775 laude
538 3718 724 3790 prosequitur,
744 3735 841 3775 eorum
866 3719 1023 3789 patrocinia
1041 3720 1156 3776 assidue
1175 3719 1325 3790 experitur,
1345 3721 1431 3776 etad

281 3803 434 3860 emulanda
458 3801 551 3858 studia
574 3801 731 3858 honestatis
754 3802 889 3858 uirtutum
918 3803 1123 3874 exemplaribus
1153 3803 1298 3858 excitatur.
1334 3804 1431 3860 Vitam

281 3887 378 3959 itaque
402 3887 477 3942 beati
502 3885 644 3952 Guthlaci,
669 3901 754 3956 quam
778 3884 896 3941 celebris
920 3886 1117 3942 miraculorum
1140 3885 1239 3955 gloria,
1265 3903 1350 3957 quam
1374 3887 1431 3944 dis·

283 3969 444 4026 trictissime
468 3967 612 4039 religionis
637 3968 790 4024 auctoritas
819 3968 895 4024 finali
919 3969 1134 4040 perseueranda
1157 3969 1378 4038 commendauit,
1402 3969 1429 4024 in

318 4070 328 4100 ²
342 4073 356 4122 I
367 4089 409 4123 am
421 4071 537 4122 indehted
550 4077 578 4122 to
589 4071 631 4122 the
640 4071 701 4122 Rev.
709 4071 751 4123 W.
762 4073 794 4123 G.
805 4073 890 4124 Searle
899 4071 1021 4122 lorcallirr
1047 4087 1090 4138 my
1101 4073 1222 4123 attention
1230 4081 1258 4122 to
1266 4072 1317 4123 this
1325 4089 1380 4124 neve
1388 4073 1430 4123 lile

283 4139 313 4188 oi
326 4138 362 4189 St.
375 4139 495 4197 Guthlac,
506 4137 589 4189 which
604 4153 692 4202 proves
703 4143 730 4189 to
745 4139 777 4188 be
790 4138 846 4189 that
857 4137 920 4188 from
931 4139 1013 4190 which
1021 4089 1091 4202 iohn
1100 4139 1129 4190 ol
1137 4138 1296 4202 Tynemouth
1308 4139 1381 4188 made
1392 4139 1429 4188 his

285 4203 450 4266 sbridgment,
461 4203 596 4252 whereiore
609 4203 621 4251 1
633 4204 707 4254 insert
718 4204 739 4254 it
750 4205 816 4255 here.
849 4205 873 4254 It
885 4213 946 4256 rests
957 4219 990 4254 on
1001 4205 1044 4254 the
1054 4203 1098 4254 lise
1109 4205 1141 4268 by
1154 4203 1233 4262 Felix,
1245 4203 1297 4253 and
1306 4205 1328 4255 is
1338 4205 1429 4268 largely

284 4265 358 4314 made
368 4283 403 4330 up
414 4267 477 4316 lrorn
489 4267 593 4317 biblical
606 4267 716 4332 phrases.
836 4269 847 4299 ³
864 4269 920 4320 Heu
960 4269 992 4320 de
1003 4269 1175 4334 Longchanrp,
1188 4277 1216 4320 to
1228 4267 1312 4318 rrhonr
1323 4269 1394 4320 Peter
1403 4269 1431 4319 ol

284 4328 354 4378 Blois
364 4331 419 4381 also
430 4331 559 4382 dedicated
570 4333 610 4384 his
621 4333 793 4385 mutinnation
804 4335 835 4385 oi
842 4335 935 4402 Ingnlp
952 4350 1023 4398 ,was
1033 4335 1111 4387 abhot
1124 4333 1279 4401 supr-raab.
