<?xml version="1.0" encoding="UTF-8"?>
<!DOCTYPE html PUBLIC "-//W3C//DTD XHTML 1.0 Transitional//EN"
    "http://www.w3.org/TR/xhtml1/DTD/xhtml1-transitional.dtd">
<html xmlns="http://www.w3.org/1999/xhtml" xml:lang="en" lang="en">
 <head>
  <title>
</title>
<meta http-equiv="Content-Type" content="text/html;charset=utf-8" />
  <meta name='ocr-system' content='tesseract 3.04.00' />
  <meta name='ocr-capabilities' content='ocr_page ocr_carea ocr_par ocr_line ocrx_word'/>
</head>
<body>
  <div class='ocr_page' id='page_1' title='image "./novalegendaangl00wordgoog/novalegendaangl00wordgoog_0535.png"; bbox 0 0 3052 4896; ppageno 0'>
   <div class='ocr_carea' id='block_1_1' title="bbox 285 3 1503 411">
    <p class='ocr_par' dir='ltr' id='par_1_1' title="bbox 285 3 1503 411">
     <span class='ocr_line' id='line_1_1' title="bbox 285 3 1503 411; baseline 0.003 -43"><span class='ocrx_word' id='word_1_1' title='bbox 285 295 356 388; x_wconf 86' lang='lat'>526</span> <span class='ocrx_word' id='word_1_2' title='bbox 595 289 725 378; x_wconf 71' lang='lat' dir='ltr'>mma</span> <span class='ocrx_word' id='word_1_3' title='bbox 750 285 940 392; x_wconf 61' lang='lat' dir='ltr'>[tumltu</span> <span class='ocrx_word' id='word_1_4' title='bbox 965 282 1116 392; x_wconf 64' lang='lat' dir='ltr'>tonte.</span> <span class='ocrx_word' id='word_1_5' title='bbox 1486 3 1503 411; x_wconf 55' lang='grc'>1</span> 
     </span>
    </p>
   </div>
   <div class='ocr_carea' id='block_1_2' title="bbox 228 489 1503 4250">
    <p class='ocr_par' dir='ltr' id='par_1_2' title="bbox 280 489 1503 824">
     <span class='ocr_line' id='line_1_2' title="bbox 281 489 1449 564; baseline 0.002 -16"><span class='ocrx_word' id='word_1_6' title='bbox 281 491 400 564; x_wconf 89' lang='lat' dir='ltr'>deponi.</span> <span class='ocrx_word' id='word_1_7' title='bbox 436 489 490 546; x_wconf 92' lang='lat' dir='ltr'>Vir</span> <span class='ocrx_word' id='word_1_8' title='bbox 502 507 574 564; x_wconf 85' lang='lat' dir='ltr'>ergo</span> <span class='ocrx_word' id='word_1_9' title='bbox 587 497 708 547; x_wconf 89' lang='lat' dir='ltr'>sanctus</span> <span class='ocrx_word' id='word_1_10' title='bbox 726 489 941 548; x_wconf 83' lang='lat' dir='ltr'>maledictionis</span> <span class='ocrx_word' id='word_1_11' title='bbox 958 490 1087 547; x_wconf 90' lang='lat' dir='ltr'>iaculum</span> <span class='ocrx_word' id='word_1_12' title='bbox 1098 489 1129 546; x_wconf 91' lang='lat' dir='ltr'>in</span> <span class='ocrx_word' id='word_1_13' title='bbox 1141 491 1288 549; x_wconf 80' lang='lat' dir='ltr'>arborem</span> <span class='ocrx_word' id='word_1_14' title='bbox 1302 493 1449 550; x_wconf 83' lang='lat' dir='ltr'>offensus</span> 
     </span>
     <span class='ocr_line' id='line_1_3' title="bbox 281 576 1448 653; baseline 0.003 -19"><span class='ocrx_word' id='word_1_15' title='bbox 281 576 417 636; x_wconf 85' lang='lat' dir='ltr'>intorsit:</span> <span class='ocrx_word' id='word_1_16' title='bbox 436 587 466 636; x_wconf 98' lang='lat' dir='ltr'>et</span> <span class='ocrx_word' id='word_1_17' title='bbox 479 578 529 636; x_wconf 90' lang='lat' dir='ltr'>illa</span> <span class='ocrx_word' id='word_1_18' title='bbox 538 579 623 653; x_wconf 88' lang='lat' dir='ltr'>quasi</span> <span class='ocrx_word' id='word_1_19' title='bbox 633 578 796 646; x_wconf 87' lang='lat' dir='ltr'>vulnerata,</span> <span class='ocrx_word' id='word_1_20' title='bbox 804 577 946 651; x_wconf 86' lang='lat' dir='ltr'>paulatim</span> <span class='ocrx_word' id='word_1_21' title='bbox 959 577 1150 635; x_wconf 87' lang='lat' dir='ltr'>sterilescens</span> <span class='ocrx_word' id='word_1_22' title='bbox 1163 579 1312 637; x_wconf 84' lang='lat' dir='ltr'>radicitus</span> <span class='ocrx_word' id='word_1_23' title='bbox 1322 583 1448 638; x_wconf 79' lang='lat' dir='ltr'>exaurit</span> 
     </span>
     <span class='ocr_line' id='line_1_4' title="bbox 280 664 1447 738; baseline 0.003 -16"><span class='ocrx_word' id='word_1_24' title='bbox 280 674 311 722; x_wconf 93' lang='lat' dir='ltr'>et</span> <span class='ocrx_word' id='word_1_25' title='bbox 328 666 425 724; x_wconf 88' lang='lat' dir='ltr'>fructu</span> <span class='ocrx_word' id='word_1_26' title='bbox 444 667 546 724; x_wconf 89' lang='lat' dir='ltr'>caruit.</span> <span class='ocrx_word' id='word_1_27' title='bbox 591 664 794 722; x_wconf 87' lang='lat' dir='ltr'>Exacerbatus</span> <span class='ocrx_word' id='word_1_28' title='bbox 812 664 883 722; x_wconf 90' lang='lat' dir='ltr'>inde</span> <span class='ocrx_word' id='word_1_29' title='bbox 901 664 1049 734; x_wconf 91' lang='lat' dir='ltr'>dominus,</span> <span class='ocrx_word' id='word_1_30' title='bbox 1068 683 1134 722; x_wconf 88' lang='lat' dir='ltr'>eam</span> <span class='ocrx_word' id='word_1_31' title='bbox 1153 667 1269 723; x_wconf 81' lang='lat' dir='ltr'>abscidi</span> <span class='ocrx_word' id='word_1_32' title='bbox 1290 669 1396 738; x_wconf 89' lang='lat' dir='ltr'>iussit,</span> <span class='ocrx_word' id='word_1_33' title='bbox 1418 681 1447 726; x_wconf 90' lang='lat' dir='ltr'>et</span> 
     </span>
     <span class='ocr_line' id='line_1_5' title="bbox 280 751 1503 824; baseline 0.002 -14"><span class='ocrx_word' id='word_1_34' title='bbox 280 753 371 810; x_wconf 85' lang='lat' dir='ltr'>dixit:</span> <span class='ocrx_word' id='word_1_35' title='bbox 393 754 492 810; x_wconf 91' lang='lat' dir='ltr'>‘Nihil</span> <span class='ocrx_word' id='word_1_36' title='bbox 507 754 637 810; x_wconf 89' lang='lat' dir='ltr'>Wlstani</span> <span class='ocrx_word' id='word_1_37' title='bbox 645 751 852 810; x_wconf 89' lang='lat' dir='ltr'>maledictione</span> <span class='ocrx_word' id='word_1_38' title='bbox 865 753 1003 820; x_wconf 87' lang='lat' dir='ltr'>amarius,</span> <span class='ocrx_word' id='word_1_39' title='bbox 1017 752 1090 809; x_wconf 89' lang='lat' dir='ltr'>nihil</span> <span class='ocrx_word' id='word_1_40' title='bbox 1102 753 1190 824; x_wconf 87' lang='lat' dir='ltr'>(eius)</span> <span class='ocrx_word' id='word_1_41' title='bbox 1202 755 1209 786; x_wconf 87' lang='lat'>¹</span> <span class='ocrx_word' id='word_1_42' title='bbox 1223 756 1447 813; x_wconf 88' lang='lat' dir='ltr'>benedictione</span> <span class='ocrx_word' id='word_1_43' title='bbox 1501 787 1503 800; x_wconf 81' lang='lat'><em>=</em></span> 
     </span>
    </p>

    <p class='ocr_par' dir='ltr' id='par_1_3' title="bbox 251 809 1503 1266">
     <span class='ocr_line' id='line_1_6' title="bbox 251 809 1503 938; baseline 0.002 -41"><span class='ocrx_word' id='word_1_44' title='bbox 251 841 388 914; x_wconf 67' lang='lat' dir='ltr'>spaterit</span> <span class='ocrx_word' id='word_1_45' title='bbox 410 841 527 898; x_wconf 87' lang='lat' dir='ltr'>dulcius</span> <span class='ocrx_word' id='word_1_46' title='bbox 548 840 691 898; x_wconf 66' lang='lat' dir='ltr'>inueniri)</span> <span class='ocrx_word' id='word_1_47' title='bbox 765 827 849 898; x_wconf 89' lang='lat' dir='ltr'>Cum</span> <span class='ocrx_word' id='word_1_48' title='bbox 871 839 992 912; x_wconf 90' lang='lat' dir='ltr'>quidam</span> <span class='ocrx_word' id='word_1_49' title='bbox 1009 841 1048 896; x_wconf 89' lang='lat' dir='ltr'>dc</span> <span class='ocrx_word' id='word_1_50' title='bbox 1067 840 1175 912; x_wconf 84' lang='lat' dir='ltr'>Anglia</span> <span class='ocrx_word' id='word_1_51' title='bbox 1193 859 1307 898; x_wconf 91' lang='lat' dir='ltr'>versus</span> <span class='ocrx_word' id='word_1_52' title='bbox 1330 844 1447 900; x_wconf 87' lang='lat' dir='ltr'>Hiber·</span> <span class='ocrx_word' id='word_1_53' title='bbox 1501 809 1503 938; x_wconf 43' lang='lat' dir='ltr'>i</span> 
     </span>
     <span class='ocr_line' id='line_1_7' title="bbox 280 927 1503 1002; baseline 0.002 -16"><span class='ocrx_word' id='word_1_54' title='bbox 280 929 361 986; x_wconf 87' lang='lat' dir='ltr'>niam</span> <span class='ocrx_word' id='word_1_55' title='bbox 381 929 564 1002; x_wconf 88' lang='lat' dir='ltr'>nauigarent,</span> <span class='ocrx_word' id='word_1_56' title='bbox 583 937 695 984; x_wconf 86' lang='lat' dir='ltr'>mutata</span> <span class='ocrx_word' id='word_1_57' title='bbox 711 927 767 985; x_wconf 90' lang='lat' dir='ltr'>celi</span> <span class='ocrx_word' id='word_1_58' title='bbox 791 928 957 996; x_wconf 83' lang='lat' dir='ltr'>clementia,</span> <span class='ocrx_word' id='word_1_59' title='bbox 977 927 1059 983; x_wconf 87' lang='lat' dir='ltr'>ssauit</span> <span class='ocrx_word' id='word_1_60' title='bbox 1080 927 1203 1000; x_wconf 80' lang='lat' dir='ltr'>spiritus</span> <span class='ocrx_word' id='word_1_61' title='bbox 1226 932 1381 1002; x_wconf 88' lang='lat' dir='ltr'>procelle,</span> <span class='ocrx_word' id='word_1_62' title='bbox 1399 931 1444 987; x_wconf 89' lang='lat' dir='ltr'>in·</span> <span class='ocrx_word' id='word_1_63' title='bbox 1502 939 1503 944; x_wconf 77' lang='grc'>’</span> 
     </span>
     <span class='ocr_line' id='line_1_8' title="bbox 281 1014 1444 1092; baseline 0.003 -20"><span class='ocrx_word' id='word_1_64' title='bbox 281 1017 395 1074; x_wconf 83' lang='lat' dir='ltr'>horruit</span> <span class='ocrx_word' id='word_1_65' title='bbox 416 1016 516 1090; x_wconf 80' lang='lat' dir='ltr'>fragor</span> <span class='ocrx_word' id='word_1_66' title='bbox 535 1025 703 1084; x_wconf 87' lang='lat' dir='ltr'>ventorum,</span> <span class='ocrx_word' id='word_1_67' title='bbox 725 1014 861 1088; x_wconf 82' lang='lat' dir='ltr'>factaque</span> <span class='ocrx_word' id='word_1_68' title='bbox 885 1025 933 1072; x_wconf 92' lang='lat' dir='ltr'>est</span> <span class='ocrx_word' id='word_1_69' title='bbox 957 1025 1121 1088; x_wconf 85' lang='lat' dir='ltr'>tempestas</span> <span class='ocrx_word' id='word_1_70' title='bbox 1140 1017 1250 1073; x_wconf 90' lang='lat' dir='ltr'>valida.</span> <span class='ocrx_word' id='word_1_71' title='bbox 1300 1019 1444 1092; x_wconf 91' lang='lat' dir='ltr'>Diruptis</span> 
     </span>
     <span class='ocr_line' id='line_1_9' title="bbox 281 1102 1443 1181; baseline 0.003 -20"><span class='ocrx_word' id='word_1_72' title='bbox 281 1105 457 1164; x_wconf 89' lang='lat' dir='ltr'>rudentibus</span> <span class='ocrx_word' id='word_1_73' title='bbox 480 1113 510 1163; x_wconf 91' lang='lat' dir='ltr'>et</span> <span class='ocrx_word' id='word_1_74' title='bbox 539 1105 618 1160; x_wconf 91' lang='lat' dir='ltr'>malo</span> <span class='ocrx_word' id='word_1_75' title='bbox 647 1103 778 1172; x_wconf 84' lang='lat' dir='ltr'>effracto,</span> <span class='ocrx_word' id='word_1_76' title='bbox 803 1103 941 1159; x_wconf 88' lang='lat' dir='ltr'>inuocato</span> <span class='ocrx_word' id='word_1_77' title='bbox 970 1103 1064 1160; x_wconf 91' lang='lat' dir='ltr'>sancti</span> <span class='ocrx_word' id='word_1_78' title='bbox 1094 1102 1250 1161; x_wconf 86' lang='lat' dir='ltr'>Wulstani</span> <span class='ocrx_word' id='word_1_79' title='bbox 1282 1107 1443 1181; x_wconf 83' lang='lat' dir='ltr'>suffragio,</span> 
     </span>
     <span class='ocr_line' id='line_1_10' title="bbox 280 1190 1443 1266; baseline 0.003 -17"><span class='ocrx_word' id='word_1_80' title='bbox 280 1193 400 1266; x_wconf 89' lang='lat' dir='ltr'>quidam</span> <span class='ocrx_word' id='word_1_81' title='bbox 426 1192 455 1249; x_wconf 94' lang='lat' dir='ltr'>in</span> <span class='ocrx_word' id='word_1_82' title='bbox 480 1193 545 1249; x_wconf 90' lang='lat' dir='ltr'>eius</span> <span class='ocrx_word' id='word_1_83' title='bbox 575 1190 676 1264; x_wconf 81' lang='lat' dir='ltr'>effigie</span> <span class='ocrx_word' id='word_1_84' title='bbox 700 1207 850 1263; x_wconf 88' lang='lat' dir='ltr'>apparens</span> <span class='ocrx_word' id='word_1_85' title='bbox 875 1199 1062 1247; x_wconf 89' lang='lat' dir='ltr'>armamenta</span> <span class='ocrx_word' id='word_1_86' title='bbox 1086 1192 1264 1263; x_wconf 86' lang='lat' dir='ltr'>consolidat,</span> <span class='ocrx_word' id='word_1_87' title='bbox 1291 1198 1443 1252; x_wconf 89' lang='lat' dir='ltr'>rudentes</span> 
     </span>
    </p>

    <p class='ocr_par' dir='ltr' id='par_1_4' title="bbox 237 1277 1503 1703">
     <span class='ocr_line' id='line_1_11' title="bbox 237 1277 1443 1356; baseline -0.002 -15"><span class='ocrx_word' id='word_1_88' title='bbox 237 1303 268 1341; x_wconf 90' lang='lat' dir='ltr'>ro</span> <span class='ocrx_word' id='word_1_89' title='bbox 280 1290 405 1353; x_wconf 88' lang='lat' dir='ltr'>coaptat,</span> <span class='ocrx_word' id='word_1_90' title='bbox 430 1279 479 1336; x_wconf 80' lang='lat' dir='ltr'>’vt</span> <span class='ocrx_word' id='word_1_91' title='bbox 503 1279 620 1336; x_wconf 90' lang='lat' dir='ltr'>animos</span> <span class='ocrx_word' id='word_1_92' title='bbox 650 1286 826 1334; x_wconf 81' lang='lat' dir='ltr'>recocarent</span> <span class='ocrx_word' id='word_1_93' title='bbox 855 1277 1028 1346; x_wconf 83' lang='lat' dir='ltr'>exhortans,</span> <span class='ocrx_word' id='word_1_94' title='bbox 1058 1277 1210 1352; x_wconf 87' lang='lat' dir='ltr'>erigerent</span> <span class='ocrx_word' id='word_1_95' title='bbox 1240 1291 1443 1356; x_wconf 87' lang='lat' dir='ltr'>antempnas,</span> 
     </span>
     <span class='ocr_line' id='line_1_12' title="bbox 279 1365 1443 1441; baseline 0.004 -18"><span class='ocrx_word' id='word_1_96' title='bbox 279 1367 349 1441; x_wconf 93' lang='lat' dir='ltr'>quia</span> <span class='ocrx_word' id='word_1_97' title='bbox 367 1367 610 1441; x_wconf 85' lang='lat' dir='ltr'>tranquillitatem</span> <span class='ocrx_word' id='word_1_98' title='bbox 629 1365 751 1422; x_wconf 87' lang='lat' dir='ltr'>daturus</span> <span class='ocrx_word' id='word_1_99' title='bbox 769 1373 834 1421; x_wconf 88' lang='lat' dir='ltr'>erat</span> <span class='ocrx_word' id='word_1_100' title='bbox 851 1365 999 1422; x_wconf 90' lang='lat' dir='ltr'>dominus.</span> <span class='ocrx_word' id='word_1_101' title='bbox 1037 1365 1075 1421; x_wconf 87' lang='lat' dir='ltr'>Et</span> <span class='ocrx_word' id='word_1_102' title='bbox 1094 1367 1254 1424; x_wconf 83' lang='lat' dir='ltr'>confestim</span> <span class='ocrx_word' id='word_1_103' title='bbox 1270 1371 1443 1428; x_wconf 72' lang='lat' dir='ltr'>serenitate</span> 
     </span>
     <span class='ocr_line' id='line_1_13' title="bbox 280 1439 1445 1527; baseline 0.003 -15"><span class='ocrx_word' id='word_1_104' title='bbox 280 1457 403 1526; x_wconf 88' lang='lat' dir='ltr'>reddita,</span> <span class='ocrx_word' id='word_1_105' title='bbox 412 1471 495 1512; x_wconf 88' lang='lat' dir='ltr'>mare</span> <span class='ocrx_word' id='word_1_106' title='bbox 506 1453 697 1527; x_wconf 90' lang='lat' dir='ltr'>tranquillum</span> <span class='ocrx_word' id='word_1_107' title='bbox 707 1451 843 1509; x_wconf 88' lang='lat' dir='ltr'>efficitur.</span> <span class='ocrx_word' id='word_1_108' title='bbox 880 1439 1063 1509; x_wconf 81' lang='lat' dir='ltr'>&#39;Vilioribus</span> <span class='ocrx_word' id='word_1_109' title='bbox 1075 1453 1286 1512; x_wconf 86' lang='lat' dir='ltr'>indifferenter</span> <span class='ocrx_word' id='word_1_110' title='bbox 1297 1461 1445 1515; x_wconf 84' lang='lat' dir='ltr'>vtebatur</span> 
     </span>
     <span class='ocr_line' id='line_1_14' title="bbox 279 1529 1503 1616; baseline 0.004 -17"><span class='ocrx_word' id='word_1_111' title='bbox 279 1541 416 1616; x_wconf 87' lang='lat' dir='ltr'>pellibus,</span> <span class='ocrx_word' id='word_1_112' title='bbox 440 1541 536 1614; x_wconf 88' lang='lat' dir='ltr'>magis</span> <span class='ocrx_word' id='word_1_113' title='bbox 560 1549 661 1598; x_wconf 89' lang='lat' dir='ltr'>tamen</span> <span class='ocrx_word' id='word_1_114' title='bbox 685 1539 803 1613; x_wconf 86' lang='lat' dir='ltr'>agniuis</span> <span class='ocrx_word' id='word_1_115' title='bbox 828 1539 921 1612; x_wconf 82' lang='lat' dir='ltr'>frigus</span> <span class='ocrx_word' id='word_1_116' title='bbox 945 1539 1120 1612; x_wconf 87' lang='lat' dir='ltr'>depellens;</span> <span class='ocrx_word' id='word_1_117' title='bbox 1148 1543 1229 1598; x_wconf 85' lang='lat' dir='ltr'>vnde</span> <span class='ocrx_word' id='word_1_118' title='bbox 1256 1553 1290 1600; x_wconf 91' lang='lat' dir='ltr'>et</span> <span class='ocrx_word' id='word_1_119' title='bbox 1317 1547 1444 1604; x_wconf 87' lang='lat' dir='ltr'>cuidam</span> <span class='ocrx_word' id='word_1_120' title='bbox 1502 1529 1503 1592; x_wconf 65' lang='lat' dir='ltr'>i</span> 
     </span>
     <span class='ocr_line' id='line_1_15' title="bbox 279 1627 1443 1703; baseline 0.003 -17"><span class='ocrx_word' id='word_1_121' title='bbox 279 1629 453 1703; x_wconf 79' lang='lat' dir='ltr'>suggerenti</span> <span class='ocrx_word' id='word_1_122' title='bbox 477 1637 508 1686; x_wconf 89' lang='lat' dir='ltr'>vt</span> <span class='ocrx_word' id='word_1_123' title='bbox 533 1628 628 1702; x_wconf 89' lang='lat' dir='ltr'>pelles</span> <span class='ocrx_word' id='word_1_124' title='bbox 652 1627 758 1685; x_wconf 92' lang='lat' dir='ltr'>saltem</span> <span class='ocrx_word' id='word_1_125' title='bbox 778 1627 892 1684; x_wconf 91' lang='lat' dir='ltr'>catinas</span> <span class='ocrx_word' id='word_1_126' title='bbox 913 1627 1091 1698; x_wconf 88' lang='lat' dir='ltr'>admitteret,</span> <span class='ocrx_word' id='word_1_127' title='bbox 1114 1629 1175 1686; x_wconf 90' lang='lat' dir='ltr'>ait:</span> <span class='ocrx_word' id='word_1_128' title='bbox 1204 1630 1330 1689; x_wconf 89' lang='lat' dir='ltr'>‘Crede</span> <span class='ocrx_word' id='word_1_129' title='bbox 1357 1635 1443 1702; x_wconf 90' lang='lat' dir='ltr'>mihi,</span> 
     </span>
    </p>

    <p class='ocr_par' dir='ltr' id='par_1_5' title="bbox 235 1715 1444 2142">
     <span class='ocr_line' id='line_1_16' title="bbox 235 1715 1444 1796; baseline 0.004 -22"><span class='ocrx_word' id='word_1_130' title='bbox 235 1739 265 1796; x_wconf 75' lang='lat'>¹⁵</span> <span class='ocrx_word' id='word_1_131' title='bbox 279 1717 392 1774; x_wconf 90' lang='lat' dir='ltr'>cantari</span> <span class='ocrx_word' id='word_1_132' title='bbox 405 1733 464 1773; x_wconf 94' lang='lat' dir='ltr'>non</span> <span class='ocrx_word' id='word_1_133' title='bbox 477 1715 578 1774; x_wconf 89' lang='lat' dir='ltr'>audiui</span> <span class='ocrx_word' id='word_1_134' title='bbox 591 1715 682 1772; x_wconf 89' lang='lat' dir='ltr'>Catus</span> <span class='ocrx_word' id='word_1_135' title='bbox 695 1717 743 1772; x_wconf 91' lang='lat' dir='ltr'>dei</span> <span class='ocrx_word' id='word_1_136' title='bbox 757 1715 812 1771; x_wconf 88' lang='lat' dir='ltr'>sed</span> <span class='ocrx_word' id='word_1_137' title='bbox 824 1715 932 1787; x_wconf 88' lang='lat' dir='ltr'>Agnus</span> <span class='ocrx_word' id='word_1_138' title='bbox 944 1716 1010 1784; x_wconf 85' lang='lat' dir='ltr'>dei;</span> <span class='ocrx_word' id='word_1_139' title='bbox 1029 1715 1097 1772; x_wconf 90' lang='lat' dir='ltr'>idco</span> <span class='ocrx_word' id='word_1_140' title='bbox 1108 1733 1186 1790; x_wconf 91' lang='lat' dir='ltr'>agno</span> <span class='ocrx_word' id='word_1_141' title='bbox 1197 1718 1269 1775; x_wconf 85' lang='lat' dir='ltr'>volo</span> <span class='ocrx_word' id='word_1_142' title='bbox 1283 1721 1444 1778; x_wconf 67' lang='lat' dir='ltr'>calefieri?</span> 
     </span>
     <span class='ocr_line' id='line_1_17' title="bbox 279 1793 1444 1879; baseline 0.003 -17"><span class='ocrx_word' id='word_1_143' title='bbox 279 1793 499 1879; x_wconf 82' lang='lat' dir='ltr'>‘Legebantur</span> <span class='ocrx_word' id='word_1_144' title='bbox 518 1805 557 1860; x_wconf 89' lang='lat' dir='ltr'>ad</span> <span class='ocrx_word' id='word_1_145' title='bbox 577 1819 714 1861; x_wconf 90' lang='lat' dir='ltr'>mensam</span> <span class='ocrx_word' id='word_1_146' title='bbox 734 1803 800 1859; x_wconf 89' lang='lat' dir='ltr'>eius</span> <span class='ocrx_word' id='word_1_147' title='bbox 819 1803 1038 1859; x_wconf 86' lang='lat' dir='ltr'>edificationum</span> <span class='ocrx_word' id='word_1_148' title='bbox 1062 1804 1137 1872; x_wconf 90' lang='lat' dir='ltr'>libri,</span> <span class='ocrx_word' id='word_1_149' title='bbox 1161 1807 1280 1864; x_wconf 87' lang='lat' dir='ltr'>cunctis</span> <span class='ocrx_word' id='word_1_150' title='bbox 1312 1808 1444 1866; x_wconf 88' lang='lat' dir='ltr'>interim</span> 
     </span>
     <span class='ocr_line' id='line_1_18' title="bbox 278 1890 1443 1966; baseline 0.002 -14"><span class='ocrx_word' id='word_1_151' title='bbox 278 1909 431 1952; x_wconf 86' lang='lat' dir='ltr'>summum</span> <span class='ocrx_word' id='word_1_152' title='bbox 443 1891 646 1966; x_wconf 86' lang='lat' dir='ltr'>prestantibus</span> <span class='ocrx_word' id='word_1_153' title='bbox 658 1891 818 1948; x_wconf 86' lang='lat' dir='ltr'>silentium.</span> <span class='ocrx_word' id='word_1_154' title='bbox 850 1890 960 1960; x_wconf 84' lang='lat' dir='ltr'>Quiete</span> <span class='ocrx_word' id='word_1_155' title='bbox 969 1907 1042 1946; x_wconf 88' lang='lat' dir='ltr'>vero</span> <span class='ocrx_word' id='word_1_156' title='bbox 1050 1892 1148 1963; x_wconf 88' lang='lat' dir='ltr'>epulis</span> <span class='ocrx_word' id='word_1_157' title='bbox 1156 1893 1234 1959; x_wconf 88' lang='lat' dir='ltr'>data,</span> <span class='ocrx_word' id='word_1_158' title='bbox 1242 1903 1277 1949; x_wconf 90' lang='lat' dir='ltr'>vt</span> <span class='ocrx_word' id='word_1_159' title='bbox 1287 1896 1443 1954; x_wconf 87' lang='lat' dir='ltr'>celestem</span> 
     </span>
     <span class='ocr_line' id='line_1_19' title="bbox 278 1977 1441 2053; baseline 0.003 -15"><span class='ocrx_word' id='word_1_160' title='bbox 278 1981 444 2053; x_wconf 83' lang='lat' dir='ltr'>impartiret</span> <span class='ocrx_word' id='word_1_161' title='bbox 470 1979 640 2036; x_wconf 86' lang='lat' dir='ltr'>alimoniam</span> <span class='ocrx_word' id='word_1_162' title='bbox 667 1978 776 2051; x_wconf 89' lang='lat' dir='ltr'>quibus</span> <span class='ocrx_word' id='word_1_163' title='bbox 807 1977 1028 2034; x_wconf 89' lang='lat' dir='ltr'>ministrauerat</span> <span class='ocrx_word' id='word_1_164' title='bbox 1052 1979 1248 2052; x_wconf 88' lang='lat' dir='ltr'>corporalem,</span> <span class='ocrx_word' id='word_1_165' title='bbox 1268 1981 1441 2042; x_wconf 85' lang='lat' dir='ltr'>lectionem</span> 
     </span>
     <span class='ocr_line' id='line_1_20' title="bbox 278 2064 1440 2142; baseline 0.003 -17"><span class='ocrx_word' id='word_1_166' title='bbox 278 2069 374 2142; x_wconf 91' lang='lat' dir='ltr'>patria</span> <span class='ocrx_word' id='word_1_167' title='bbox 404 2069 505 2142; x_wconf 89' lang='lat' dir='ltr'>lingua</span> <span class='ocrx_word' id='word_1_168' title='bbox 534 2067 712 2140; x_wconf 81' lang='lat' dir='ltr'>exponebat</span> <span class='ocrx_word' id='word_1_169' title='bbox 766 2064 843 2122; x_wconf 89' lang='lat' dir='ltr'>Cum</span> <span class='ocrx_word' id='word_1_170' title='bbox 873 2082 946 2122; x_wconf 87' lang='lat' dir='ltr'>vero</span> <span class='ocrx_word' id='word_1_171' title='bbox 976 2075 1044 2138; x_wconf 91' lang='lat' dir='ltr'>post</span> <span class='ocrx_word' id='word_1_172' title='bbox 1074 2067 1232 2140; x_wconf 90' lang='lat' dir='ltr'>prandium</span> <span class='ocrx_word' id='word_1_173' title='bbox 1258 2073 1440 2129; x_wconf 88' lang='lat' dir='ltr'>secundum</span> 
     </span>
    </p>

    <p class='ocr_par' dir='ltr' id='par_1_6' title="bbox 233 2152 1502 2576">
     <span class='ocr_line' id='line_1_21' title="bbox 233 2152 1441 2229; baseline 0.002 -15"><span class='ocrx_word' id='word_1_174' title='bbox 233 2181 266 2219; x_wconf 76' lang='lat' dir='ltr'>so</span> <span class='ocrx_word' id='word_1_175' title='bbox 278 2172 394 2214; x_wconf 92' lang='lat' dir='ltr'>morem</span> <span class='ocrx_word' id='word_1_176' title='bbox 419 2163 507 2229; x_wconf 91' lang='lat' dir='ltr'>potus</span> <span class='ocrx_word' id='word_1_177' title='bbox 525 2153 738 2228; x_wconf 82' lang='lat' dir='ltr'>porrigeretur,</span> <span class='ocrx_word' id='word_1_178' title='bbox 759 2152 825 2225; x_wconf 87' lang='lat' dir='ltr'>ipse</span> <span class='ocrx_word' id='word_1_179' title='bbox 845 2169 953 2225; x_wconf 90' lang='lat' dir='ltr'>aquam</span> <span class='ocrx_word' id='word_1_180' title='bbox 975 2169 1094 2226; x_wconf 90' lang='lat' dir='ltr'>puram,</span> <span class='ocrx_word' id='word_1_181' title='bbox 1112 2154 1177 2210; x_wconf 93' lang='lat' dir='ltr'>solo</span> <span class='ocrx_word' id='word_1_182' title='bbox 1195 2155 1342 2213; x_wconf 90' lang='lat' dir='ltr'>ministro</span> <span class='ocrx_word' id='word_1_183' title='bbox 1363 2177 1441 2216; x_wconf 89' lang='lat' dir='ltr'>con·</span> 
     </span>
     <span class='ocr_line' id='line_1_22' title="bbox 278 2239 1440 2314; baseline 0.003 -14"><span class='ocrx_word' id='word_1_184' title='bbox 278 2243 349 2314; x_wconf 86' lang='lat' dir='ltr'>scio,</span> <span class='ocrx_word' id='word_1_185' title='bbox 374 2259 494 2300; x_wconf 89' lang='lat' dir='ltr'>sumere</span> <span class='ocrx_word' id='word_1_186' title='bbox 525 2240 688 2300; x_wconf 87' lang='lat' dir='ltr'>consueuit</span> <span class='ocrx_word' id='word_1_187' title='bbox 726 2239 836 2297; x_wconf 84' lang='lat' dir='ltr'>Primis</span> <span class='ocrx_word' id='word_1_188' title='bbox 863 2240 984 2313; x_wconf 92' lang='lat' dir='ltr'>quidem</span> <span class='ocrx_word' id='word_1_189' title='bbox 1012 2241 1099 2298; x_wconf 89' lang='lat' dir='ltr'>annis</span> <span class='ocrx_word' id='word_1_190' title='bbox 1128 2257 1244 2299; x_wconf 88' lang='lat' dir='ltr'>meram</span> <span class='ocrx_word' id='word_1_191' title='bbox 1272 2244 1440 2303; x_wconf 84' lang='lat' dir='ltr'>hauriebat</span> 
     </span>
     <span class='ocr_line' id='line_1_23' title="bbox 277 2317 1436 2405; baseline 0.004 -17"><span class='ocrx_word' id='word_1_192' title='bbox 277 2349 386 2404; x_wconf 88' lang='lat' dir='ltr'>aquam</span> <span class='ocrx_word' id='word_1_193' title='bbox 397 2351 404 2400; x_wconf 74' lang='grc' dir='ltr'>ς</span> <span class='ocrx_word' id='word_1_194' title='bbox 417 2330 569 2389; x_wconf 84' lang='lat' dir='ltr'>coniectus</span> <span class='ocrx_word' id='word_1_195' title='bbox 579 2328 673 2399; x_wconf 89' lang='lat' dir='ltr'>senio,</span> <span class='ocrx_word' id='word_1_196' title='bbox 682 2329 752 2386; x_wconf 89' lang='lat' dir='ltr'>vino</span> <span class='ocrx_word' id='word_1_197' title='bbox 764 2329 813 2386; x_wconf 90' lang='lat' dir='ltr'>vel</span> <span class='ocrx_word' id='word_1_198' title='bbox 821 2325 967 2384; x_wconf 80' lang='lat' dir='ltr'>ceruisia⁸</span> <span class='ocrx_word' id='word_1_199' title='bbox 978 2327 1125 2400; x_wconf 89' lang='lat' dir='ltr'>mixta[m]</span> <span class='ocrx_word' id='word_1_200' title='bbox 1133 2328 1152 2385; x_wconf 83' lang='lat'>⁸.</span> <span class='ocrx_word' id='word_1_201' title='bbox 1218 2317 1436 2405; x_wconf 87' lang='lat' dir='ltr'>Disciplinam</span> 
     </span>
     <span class='ocr_line' id='line_1_24' title="bbox 276 2414 1435 2494; baseline 0.003 -18"><span class='ocrx_word' id='word_1_202' title='bbox 276 2420 386 2476; x_wconf 89' lang='lat' dir='ltr'>domus</span> <span class='ocrx_word' id='word_1_203' title='bbox 402 2437 457 2476; x_wconf 86' lang='lat' dir='ltr'>sue</span> <span class='ocrx_word' id='word_1_204' title='bbox 474 2426 535 2475; x_wconf 87' lang='lat' dir='ltr'>tam</span> <span class='ocrx_word' id='word_1_205' title='bbox 553 2417 585 2474; x_wconf 93' lang='lat' dir='ltr'>in</span> <span class='ocrx_word' id='word_1_206' title='bbox 604 2417 686 2474; x_wconf 91' lang='lat' dir='ltr'>laicis</span> <span class='ocrx_word' id='word_1_207' title='bbox 698 2432 789 2489; x_wconf 89' lang='lat' dir='ltr'>quam</span> <span class='ocrx_word' id='word_1_208' title='bbox 807 2414 925 2473; x_wconf 85' lang='lat' dir='ltr'>clericis</span> <span class='ocrx_word' id='word_1_209' title='bbox 943 2415 1136 2474; x_wconf 86' lang='lat' dir='ltr'>seuerissime</span> <span class='ocrx_word' id='word_1_210' title='bbox 1153 2433 1313 2484; x_wconf 89' lang='lat' dir='ltr'>exercens,</span> <span class='ocrx_word' id='word_1_211' title='bbox 1331 2421 1435 2494; x_wconf 91' lang='lat' dir='ltr'>legem</span> 
     </span>
     <span class='ocr_line' id='line_1_25' title="bbox 277 2503 1502 2576; baseline -0.001 -13"><span class='ocrx_word' id='word_1_212' title='bbox 277 2508 378 2564; x_wconf 89' lang='lat' dir='ltr'>statuit</span> <span class='ocrx_word' id='word_1_213' title='bbox 390 2517 422 2563; x_wconf 90' lang='lat' dir='ltr'>vt</span> <span class='ocrx_word' id='word_1_214' title='bbox 438 2523 544 2563; x_wconf 91' lang='lat' dir='ltr'>omnes</span> <span class='ocrx_word' id='word_1_215' title='bbox 559 2515 620 2562; x_wconf 89' lang='lat' dir='ltr'>tarn</span> <span class='ocrx_word' id='word_1_216' title='bbox 639 2504 730 2561; x_wconf 88' lang='lat' dir='ltr'>misse</span> <span class='ocrx_word' id='word_1_217' title='bbox 743 2520 833 2576; x_wconf 92' lang='lat' dir='ltr'>quam</span> <span class='ocrx_word' id='word_1_218' title='bbox 848 2503 989 2560; x_wconf 88' lang='lat' dir='ltr'>omnibus</span> <span class='ocrx_word' id='word_1_219' title='bbox 1007 2503 1089 2560; x_wconf 87' lang='lat' dir='ltr'>horis</span> <span class='ocrx_word' id='word_1_220' title='bbox 1107 2504 1311 2576; x_wconf 80' lang='lat' dir='ltr'>interessent3</span> <span class='ocrx_word' id='word_1_221' title='bbox 1331 2519 1435 2566; x_wconf 90' lang='lat' dir='ltr'>custo·</span> <span class='ocrx_word' id='word_1_222' title='bbox 1501 2552 1502 2562; x_wconf 70' lang='grc'>,</span> 
     </span>
    </p>

    <p class='ocr_par' dir='ltr' id='par_1_7' title="bbox 232 2591 1433 3018">
     <span class='ocr_line' id='line_1_26' title="bbox 232 2591 1433 2669; baseline -0.001 -17"><span class='ocrx_word' id='word_1_223' title='bbox 232 2617 262 2668; x_wconf 81' lang='lat'>²5</span> <span class='ocrx_word' id='word_1_224' title='bbox 278 2595 333 2651; x_wconf 89' lang='lat' dir='ltr'>des</span> <span class='ocrx_word' id='word_1_225' title='bbox 354 2595 392 2650; x_wconf 91' lang='lat' dir='ltr'>ad</span> <span class='ocrx_word' id='word_1_226' title='bbox 415 2595 471 2652; x_wconf 90' lang='lat' dir='ltr'>hoc</span> <span class='ocrx_word' id='word_1_227' title='bbox 490 2592 641 2651; x_wconf 90' lang='lat' dir='ltr'>constituit</span> <span class='ocrx_word' id='word_1_228' title='bbox 659 2601 691 2648; x_wconf 88' lang='lat' dir='ltr'>vt</span> <span class='ocrx_word' id='word_1_229' title='bbox 711 2591 827 2648; x_wconf 89' lang='lat' dir='ltr'>nullum</span> <span class='ocrx_word' id='word_1_230' title='bbox 852 2591 975 2664; x_wconf 87' lang='lat' dir='ltr'>impune</span> <span class='ocrx_word' id='word_1_231' title='bbox 1000 2591 1100 2648; x_wconf 92' lang='lat' dir='ltr'>ridere</span> <span class='ocrx_word' id='word_1_232' title='bbox 1125 2591 1267 2664; x_wconf 86' lang='lat' dir='ltr'>sinerent,</span> <span class='ocrx_word' id='word_1_233' title='bbox 1293 2595 1433 2669; x_wconf 88' lang='lat' dir='ltr'>alioquin</span> 
     </span>
     <span class='ocr_line' id='line_1_27' title="bbox 276 2678 1431 2755; baseline 0.003 -17"><span class='ocrx_word' id='word_1_234' title='bbox 276 2690 327 2738; x_wconf 87' lang='lat' dir='ltr'>aut</span> <span class='ocrx_word' id='word_1_235' title='bbox 352 2690 424 2755; x_wconf 93' lang='lat' dir='ltr'>potu</span> <span class='ocrx_word' id='word_1_236' title='bbox 448 2699 485 2739; x_wconf 91' lang='lat' dir='ltr'>eo</span> <span class='ocrx_word' id='word_1_237' title='bbox 508 2680 558 2738; x_wconf 90' lang='lat' dir='ltr'>die</span> <span class='ocrx_word' id='word_1_238' title='bbox 582 2679 757 2749; x_wconf 75' lang='lat' dir='ltr'>cantitant</span> <span class='ocrx_word' id='word_1_239' title='bbox 780 2679 880 2751; x_wconf 86' lang='lat' dir='ltr'>palma</span> <span class='ocrx_word' id='word_1_240' title='bbox 903 2678 994 2736; x_wconf 91' lang='lat' dir='ltr'>ictum</span> <span class='ocrx_word' id='word_1_241' title='bbox 1019 2678 1113 2737; x_wconf 84' lang='lat' dir='ltr'>ierule</span> <span class='ocrx_word' id='word_1_242' title='bbox 1136 2681 1265 2753; x_wconf 81' lang='lat' dir='ltr'>excepit</span> <span class='ocrx_word' id='word_1_243' title='bbox 1303 2681 1431 2740; x_wconf 75' lang='lat' dir='ltr'>laicum</span> 
     </span>
     <span class='ocr_line' id='line_1_28' title="bbox 276 2765 1430 2842; baseline 0.003 -17"><span class='ocrx_word' id='word_1_244' title='bbox 276 2769 390 2826; x_wconf 92' lang='lat' dir='ltr'>nullum</span> <span class='ocrx_word' id='word_1_245' title='bbox 404 2769 442 2826; x_wconf 94' lang='lat' dir='ltr'>de</span> <span class='ocrx_word' id='word_1_246' title='bbox 455 2769 519 2826; x_wconf 87' lang='lat' dir='ltr'>suis</span> <span class='ocrx_word' id='word_1_247' title='bbox 531 2784 681 2841; x_wconf 91' lang='lat' dir='ltr'>quoquam</span> <span class='ocrx_word' id='word_1_248' title='bbox 695 2765 776 2824; x_wconf 88' lang='lat' dir='ltr'>misit</span> <span class='ocrx_word' id='word_1_249' title='bbox 787 2765 835 2822; x_wconf 90' lang='lat' dir='ltr'>cui</span> <span class='ocrx_word' id='word_1_250' title='bbox 848 2783 908 2824; x_wconf 90' lang='lat' dir='ltr'>non</span> <span class='ocrx_word' id='word_1_251' title='bbox 925 2783 1032 2839; x_wconf 90' lang='lat' dir='ltr'>preces</span> <span class='ocrx_word' id='word_1_252' title='bbox 1049 2768 1162 2842; x_wconf 89' lang='lat' dir='ltr'>septies</span> <span class='ocrx_word' id='word_1_253' title='bbox 1174 2768 1204 2824; x_wconf 93' lang='lat' dir='ltr'>in</span> <span class='ocrx_word' id='word_1_254' title='bbox 1218 2769 1267 2826; x_wconf 91' lang='lat' dir='ltr'>die</span> <span class='ocrx_word' id='word_1_255' title='bbox 1280 2769 1430 2829; x_wconf 89' lang='lat' dir='ltr'>dicendas</span> 
     </span>
     <span class='ocr_line' id='line_1_29' title="bbox 275 2854 1430 2930; baseline 0.003 -18"><span class='ocrx_word' id='word_1_256' title='bbox 275 2856 453 2930; x_wconf 89' lang='lat' dir='ltr'>iniungeret,</span> <span class='ocrx_word' id='word_1_257' title='bbox 467 2857 523 2913; x_wconf 91' lang='lat' dir='ltr'>hoc</span> <span class='ocrx_word' id='word_1_258' title='bbox 537 2854 710 2928; x_wconf 84' lang='lat' dir='ltr'>[congrue]⁷</span> <span class='ocrx_word' id='word_1_259' title='bbox 723 2871 875 2925; x_wconf 85' lang='lat' dir='ltr'>asserens,</span> <span class='ocrx_word' id='word_1_260' title='bbox 887 2863 918 2910; x_wconf 89' lang='lat' dir='ltr'>vt</span> <span class='ocrx_word' id='word_1_261' title='bbox 935 2855 1011 2911; x_wconf 91' lang='lat' dir='ltr'>sicut</span> <span class='ocrx_word' id='word_1_262' title='bbox 1025 2855 1124 2912; x_wconf 85' lang='lat' dir='ltr'>clerici</span> <span class='ocrx_word' id='word_1_263' title='bbox 1140 2865 1258 2928; x_wconf 88' lang='lat' dir='ltr'>septem</span> <span class='ocrx_word' id='word_1_264' title='bbox 1272 2857 1377 2928; x_wconf 88' lang='lat' dir='ltr'>horas,</span> <span class='ocrx_word' id='word_1_265' title='bbox 1391 2861 1430 2916; x_wconf 90' lang='lat' dir='ltr'>ita</span> 
     </span>
     <span class='ocr_line' id='line_1_30' title="bbox 275 2941 1428 3018; baseline 0.003 -16"><span class='ocrx_word' id='word_1_266' title='bbox 275 2944 342 3002; x_wconf 87' lang='lat' dir='ltr'>laici</span> <span class='ocrx_word' id='word_1_267' title='bbox 359 2953 476 3018; x_wconf 90' lang='lat' dir='ltr'>septem</span> <span class='ocrx_word' id='word_1_268' title='bbox 488 2943 640 3000; x_wconf 90' lang='lat' dir='ltr'>orationes</span> <span class='ocrx_word' id='word_1_269' title='bbox 652 2944 710 3000; x_wconf 89' lang='lat' dir='ltr'>deo</span> <span class='ocrx_word' id='word_1_270' title='bbox 728 2941 864 2998; x_wconf 76' lang='lat' dir='ltr'>libarent</span> <span class='ocrx_word' id='word_1_271' title='bbox 900 2941 934 2998; x_wconf 88' lang='lat' dir='ltr'>Si</span> <span class='ocrx_word' id='word_1_272' title='bbox 946 2941 1015 3015; x_wconf 89' lang='lat' dir='ltr'>quis</span> <span class='ocrx_word' id='word_1_273' title='bbox 1027 2951 1097 3000; x_wconf 87' lang='lat' dir='ltr'>ante</span> <span class='ocrx_word' id='word_1_274' title='bbox 1110 2959 1179 3000; x_wconf 89' lang='lat' dir='ltr'>eum</span> <span class='ocrx_word' id='word_1_275' title='bbox 1192 2943 1315 3014; x_wconf 89' lang='lat' dir='ltr'>iuraret,</span> <span class='ocrx_word' id='word_1_276' title='bbox 1326 2947 1428 3006; x_wconf 84' lang='lat' dir='ltr'>statim</span> 
     </span>
    </p>

    <p class='ocr_par' dir='ltr' id='par_1_8' title="bbox 229 3028 1502 3456">
     <span class='ocr_line' id='line_1_31' title="bbox 229 3028 1502 3106; baseline -0.001 -13"><span class='ocrx_word' id='word_1_277' title='bbox 229 3056 263 3106; x_wconf 74' lang='lat'>30</span> <span class='ocrx_word' id='word_1_278' title='bbox 275 3031 370 3091; x_wconf 85' lang='lat' dir='ltr'>serule</span> <span class='ocrx_word' id='word_1_279' title='bbox 387 3031 518 3090; x_wconf 89' lang='lat' dir='ltr'>vindicta</span> <span class='ocrx_word' id='word_1_280' title='bbox 539 3031 728 3104; x_wconf 86' lang='lat' dir='ltr'>sequebatur.</span> <span class='ocrx_word' id='word_1_281' title='bbox 767 3028 894 3103; x_wconf 89' lang='lat' dir='ltr'>Indigne</span> <span class='ocrx_word' id='word_1_282' title='bbox 915 3028 1029 3086; x_wconf 85' lang='lat' dir='ltr'>serebat</span> <span class='ocrx_word' id='word_1_283' title='bbox 1048 3031 1074 3086; x_wconf 91' lang='lat' dir='ltr'>si</span> <span class='ocrx_word' id='word_1_284' title='bbox 1092 3029 1160 3104; x_wconf 89' lang='lat' dir='ltr'>quis</span> <span class='ocrx_word' id='word_1_285' title='bbox 1177 3047 1280 3088; x_wconf 90' lang='lat' dir='ltr'>coram</span> <span class='ocrx_word' id='word_1_286' title='bbox 1299 3051 1339 3090; x_wconf 89' lang='lat' dir='ltr'>eo</span> <span class='ocrx_word' id='word_1_287' title='bbox 1357 3035 1429 3092; x_wconf 85' lang='lat' dir='ltr'>alio·</span> <span class='ocrx_word' id='word_1_288' title='bbox 1501 3093 1502 3106; x_wconf 55' lang='lat'>,</span> 
     </span>
     <span class='ocr_line' id='line_1_32' title="bbox 275 3118 1428 3191; baseline 0.004 -14"><span class='ocrx_word' id='word_1_289' title='bbox 275 3137 342 3178; x_wconf 91' lang='lat' dir='ltr'>rum</span> <span class='ocrx_word' id='word_1_290' title='bbox 358 3120 449 3177; x_wconf 90' lang='lat' dir='ltr'>vitam</span> <span class='ocrx_word' id='word_1_291' title='bbox 467 3121 586 3176; x_wconf 90' lang='lat' dir='ltr'>roderet</span> <span class='ocrx_word' id='word_1_292' title='bbox 600 3119 648 3176; x_wconf 90' lang='lat' dir='ltr'>vel</span> <span class='ocrx_word' id='word_1_293' title='bbox 664 3125 801 3190; x_wconf 86' lang='lat' dir='ltr'>carperet</span> <span class='ocrx_word' id='word_1_294' title='bbox 818 3133 927 3185; x_wconf 88' lang='lat' dir='ltr'>mores,</span> <span class='ocrx_word' id='word_1_295' title='bbox 939 3122 1081 3191; x_wconf 88' lang='lat' dir='ltr'>quonlam</span> <span class='ocrx_word' id='word_1_296' title='bbox 1100 3118 1155 3176; x_wconf 94' lang='lat' dir='ltr'>hoc</span> <span class='ocrx_word' id='word_1_297' title='bbox 1174 3135 1294 3177; x_wconf 88' lang='lat' dir='ltr'>summe</span> <span class='ocrx_word' id='word_1_298' title='bbox 1314 3124 1428 3182; x_wconf 82' lang='lat' dir='ltr'>malitie</span> 
     </span>
     <span class='ocr_line' id='line_1_33' title="bbox 274 3194 1502 3284; baseline -0.001 -19"><span class='ocrx_word' id='word_1_299' title='bbox 274 3210 444 3280; x_wconf 92' lang='lat' dir='ltr'>deputabat.</span> <span class='ocrx_word' id='word_1_300' title='bbox 528 3194 679 3264; x_wconf 90' lang='lat' dir='ltr'>Noctibus</span> <span class='ocrx_word' id='word_1_301' title='bbox 703 3214 804 3262; x_wconf 88' lang='lat' dir='ltr'>autem</span> <span class='ocrx_word' id='word_1_302' title='bbox 829 3213 898 3278; x_wconf 90' lang='lat' dir='ltr'>post</span> <span class='ocrx_word' id='word_1_303' title='bbox 922 3204 1073 3262; x_wconf 91' lang='lat' dir='ltr'>modicum</span> <span class='ocrx_word' id='word_1_304' title='bbox 1098 3223 1260 3280; x_wconf 88' lang='lat' dir='ltr'>sompnum</span> <span class='ocrx_word' id='word_1_305' title='bbox 1286 3225 1427 3284; x_wconf 83' lang='lat' dir='ltr'>surgens,</span> <span class='ocrx_word' id='word_1_306' title='bbox 1501 3263 1502 3270; x_wconf 69' lang='grc'>,</span> 
     </span>
     <span class='ocr_line' id='line_1_34' title="bbox 274 3293 1427 3370; baseline 0.003 -18"><span class='ocrx_word' id='word_1_307' title='bbox 274 3297 450 3369; x_wconf 87' lang='lat' dir='ltr'>psalterium</span> <span class='ocrx_word' id='word_1_308' title='bbox 469 3295 551 3362; x_wconf 88' lang='lat' dir='ltr'>dixit,</span> <span class='ocrx_word' id='word_1_309' title='bbox 564 3311 780 3368; x_wconf 90' lang='lat' dir='ltr'>nonnunquam</span> <span class='ocrx_word' id='word_1_310' title='bbox 799 3294 890 3364; x_wconf 90' lang='lat' dir='ltr'>solus,</span> <span class='ocrx_word' id='word_1_311' title='bbox 904 3309 943 3350; x_wconf 95' lang='lat' dir='ltr'>ne</span> <span class='ocrx_word' id='word_1_312' title='bbox 955 3293 1092 3365; x_wconf 88' lang='lat' dir='ltr'>quietem</span> <span class='ocrx_word' id='word_1_313' title='bbox 1111 3294 1236 3352; x_wconf 89' lang='lat' dir='ltr'>aliorum</span> <span class='ocrx_word' id='word_1_314' title='bbox 1255 3296 1427 3370; x_wconf 89' lang='lat' dir='ltr'>impediret,</span> 
     </span>
     <span class='ocr_line' id='line_1_35' title="bbox 274 3380 1427 3456; baseline 0.004 -17"><span class='ocrx_word' id='word_1_315' title='bbox 274 3385 453 3456; x_wconf 91' lang='lat' dir='ltr'>quandoque</span> <span class='ocrx_word' id='word_1_316' title='bbox 474 3399 542 3440; x_wconf 91' lang='lat' dir='ltr'>cum</span> <span class='ocrx_word' id='word_1_317' title='bbox 562 3382 643 3439; x_wconf 92' lang='lat' dir='ltr'>socio</span> <span class='ocrx_word' id='word_1_318' title='bbox 661 3399 751 3455; x_wconf 90' lang='lat' dir='ltr'>quern</span> <span class='ocrx_word' id='word_1_319' title='bbox 771 3381 879 3438; x_wconf 88' lang='lat' dir='ltr'>ceteris</span> <span class='ocrx_word' id='word_1_320' title='bbox 897 3380 1117 3454; x_wconf 87' lang='lat' dir='ltr'>vigilantiorem</span> <span class='ocrx_word' id='word_1_321' title='bbox 1137 3382 1350 3455; x_wconf 88' lang='lat' dir='ltr'>deprehendit.</span> <span class='ocrx_word' id='word_1_322' title='bbox 1390 3386 1427 3444; x_wconf 90' lang='lat' dir='ltr'>Et</span> 
     </span>
    </p>

    <p class='ocr_par' dir='ltr' id='par_1_9' title="bbox 229 3467 1426 3894">
     <span class='ocr_line' id='line_1_36' title="bbox 229 3467 1426 3549; baseline 0.003 -21"><span class='ocrx_word' id='word_1_323' title='bbox 229 3497 260 3549; x_wconf 77' lang='lat'>35</span> <span class='ocrx_word' id='word_1_324' title='bbox 274 3488 342 3528; x_wconf 91' lang='lat' dir='ltr'>eum</span> <span class='ocrx_word' id='word_1_325' title='bbox 355 3470 605 3545; x_wconf 87' lang='lat' dir='ltr'>sompnolentiam</span> <span class='ocrx_word' id='word_1_326' title='bbox 616 3470 770 3526; x_wconf 89' lang='lat' dir='ltr'>cuiusdam</span> <span class='ocrx_word' id='word_1_327' title='bbox 784 3467 902 3525; x_wconf 76' lang='lat' dir='ltr'>fratris·</span> <span class='ocrx_word' id='word_1_328' title='bbox 914 3477 987 3524; x_wconf 91' lang='lat' dir='ltr'>nutu</span> <span class='ocrx_word' id='word_1_329' title='bbox 1000 3477 1087 3525; x_wconf 90' lang='lat' dir='ltr'>nocte</span> <span class='ocrx_word' id='word_1_330' title='bbox 1100 3469 1228 3542; x_wconf 90' lang='lat' dir='ltr'>quadam</span> <span class='ocrx_word' id='word_1_331' title='bbox 1242 3484 1385 3543; x_wconf 85' lang='lat' dir='ltr'>argueret</span> <span class='ocrx_word' id='word_1_332' title='bbox 1397 3485 1426 3532; x_wconf 90' lang='lat' dir='ltr'>et</span> 
     </span>
     <span class='ocr_line' id='line_1_37' title="bbox 274 3555 1426 3631; baseline 0.004 -16"><span class='ocrx_word' id='word_1_333' title='bbox 274 3559 323 3616; x_wconf 90' lang='lat' dir='ltr'>ille</span> <span class='ocrx_word' id='word_1_334' title='bbox 337 3559 548 3616; x_wconf 86' lang='lat' dir='ltr'>oscitabundus</span> <span class='ocrx_word' id='word_1_335' title='bbox 561 3567 591 3614; x_wconf 89' lang='lat' dir='ltr'>et</span> <span class='ocrx_word' id='word_1_336' title='bbox 610 3557 722 3614; x_wconf 90' lang='lat' dir='ltr'>inuitus</span> <span class='ocrx_word' id='word_1_337' title='bbox 736 3557 889 3624; x_wconf 87' lang='lat' dir='ltr'>resideret,</span> <span class='ocrx_word' id='word_1_338' title='bbox 905 3557 999 3628; x_wconf 85' lang='lat' dir='ltr'>[mox]</span> <span class='ocrx_word' id='word_1_339' title='bbox 1011 3555 1021 3587; x_wconf 80' lang='lat'>⁷</span> <span class='ocrx_word' id='word_1_340' title='bbox 1031 3573 1099 3614; x_wconf 87' lang='lat' dir='ltr'>cum</span> <span class='ocrx_word' id='word_1_341' title='bbox 1112 3573 1221 3630; x_wconf 90' lang='lat' dir='ltr'>corpus</span> <span class='ocrx_word' id='word_1_342' title='bbox 1234 3559 1327 3631; x_wconf 90' lang='lat' dir='ltr'>quieti</span> <span class='ocrx_word' id='word_1_343' title='bbox 1341 3563 1426 3620; x_wconf 86' lang='lat' dir='ltr'>daret</span> 
     </span>
     <span class='ocr_line' id='line_1_38' title="bbox 274 3643 1425 3721; baseline 0.002 -17"><span class='ocrx_word' id='word_1_344' title='bbox 274 3665 383 3721; x_wconf 90' lang='lat' dir='ltr'>magna</span> <span class='ocrx_word' id='word_1_345' title='bbox 396 3647 426 3703; x_wconf 90' lang='lat' dir='ltr'>vi</span> <span class='ocrx_word' id='word_1_346' title='bbox 444 3663 500 3719; x_wconf 89' lang='lat' dir='ltr'>per</span> <span class='ocrx_word' id='word_1_347' title='bbox 517 3645 616 3704; x_wconf 87' lang='lat' dir='ltr'>visum</span> <span class='ocrx_word' id='word_1_348' title='bbox 636 3663 809 3712; x_wconf 88' lang='lat' dir='ltr'>concussus,</span> <span class='ocrx_word' id='word_1_349' title='bbox 826 3643 928 3717; x_wconf 90' lang='lat' dir='ltr'>ssagris</span> <span class='ocrx_word' id='word_1_350' title='bbox 947 3661 1044 3712; x_wconf 89' lang='lat' dir='ltr'>cesus,</span> <span class='ocrx_word' id='word_1_351' title='bbox 1061 3644 1227 3702; x_wconf 89' lang='lat' dir='ltr'>inconsulte</span> <span class='ocrx_word' id='word_1_352' title='bbox 1246 3649 1425 3706; x_wconf 88' lang='lat' dir='ltr'>temeritatis</span> 
     </span>
     <span class='ocr_line' id='line_1_39' title="bbox 273 3733 1424 3810; baseline 0.001 -17"><span class='ocrx_word' id='word_1_353' title='bbox 273 3753 369 3810; x_wconf 89' lang='lat' dir='ltr'>penas</span> <span class='ocrx_word' id='word_1_354' title='bbox 388 3734 517 3808; x_wconf 84' lang='lat' dir='ltr'>pertulit</span> <span class='ocrx_word' id='word_1_355' title='bbox 555 3733 613 3790; x_wconf 89' lang='lat' dir='ltr'>Dat</span> <span class='ocrx_word' id='word_1_356' title='bbox 631 3742 785 3806; x_wconf 90' lang='lat' dir='ltr'>postremo</span> <span class='ocrx_word' id='word_1_357' title='bbox 804 3733 895 3790; x_wconf 87' lang='lat' dir='ltr'>fidem</span> <span class='ocrx_word' id='word_1_358' title='bbox 915 3733 994 3806; x_wconf 91' lang='lat' dir='ltr'>quod</span> <span class='ocrx_word' id='word_1_359' title='bbox 1013 3749 1167 3806; x_wconf 92' lang='lat' dir='ltr'>nunquam</span> <span class='ocrx_word' id='word_1_360' title='bbox 1182 3734 1307 3791; x_wconf 76' lang='lat' dir='ltr'>ulterius</span> <span class='ocrx_word' id='word_1_361' title='bbox 1325 3736 1424 3794; x_wconf 88' lang='lat' dir='ltr'>virum</span> 
     </span>
     <span class='ocr_line' id='line_1_40' title="bbox 274 3809 1423 3894; baseline 0.002 -14"><span class='ocrx_word' id='word_1_362' title='bbox 274 3825 323 3882; x_wconf 91' lang='lat' dir='ltr'>dei</span> <span class='ocrx_word' id='word_1_363' title='bbox 341 3843 360 3882; x_wconf 91' lang='lat' dir='ltr'>a</span> <span class='ocrx_word' id='word_1_364' title='bbox 377 3825 456 3880; x_wconf 88' lang='lat' dir='ltr'>bono</span> <span class='ocrx_word' id='word_1_365' title='bbox 474 3839 567 3894; x_wconf 88' lang='lat' dir='ltr'>opere</span> <span class='ocrx_word' id='word_1_366' title='bbox 586 3821 733 3894; x_wconf 88' lang='lat' dir='ltr'>impedire</span> <span class='ocrx_word' id='word_1_367' title='bbox 754 3829 952 3894; x_wconf 88' lang='lat' dir='ltr'>presumeret</span> <span class='ocrx_word' id='word_1_368' title='bbox 1026 3809 1145 3878; x_wconf 84' lang='lat' dir='ltr'>Missas</span> <span class='ocrx_word' id='word_1_369' title='bbox 1163 3823 1240 3878; x_wconf 87' lang='lat' dir='ltr'>duas</span> <span class='ocrx_word' id='word_1_370' title='bbox 1261 3823 1300 3879; x_wconf 91' lang='lat' dir='ltr'>ad</span> <span class='ocrx_word' id='word_1_371' title='bbox 1322 3823 1423 3882; x_wconf 89' lang='lat' dir='ltr'>minus</span> 
     </span>
    </p>

    <p class='ocr_par' dir='ltr' id='par_1_10' title="bbox 228 3909 1422 4250">
     <span class='ocr_line' id='line_1_41' title="bbox 228 3909 1422 3991; baseline -0.001 -22"><span class='ocrx_word' id='word_1_372' title='bbox 228 3942 261 3991; x_wconf 81' lang='lat'>40</span> <span class='ocrx_word' id='word_1_373' title='bbox 274 3912 406 3985; x_wconf 91' lang='lat' dir='ltr'>quotidie</span> <span class='ocrx_word' id='word_1_374' title='bbox 425 3911 537 3978; x_wconf 90' lang='lat' dir='ltr'>audire,</span> <span class='ocrx_word' id='word_1_375' title='bbox 556 3917 586 3965; x_wconf 90' lang='lat' dir='ltr'>et</span> <span class='ocrx_word' id='word_1_376' title='bbox 610 3909 678 3982; x_wconf 92' lang='lat' dir='ltr'>ipse</span> <span class='ocrx_word' id='word_1_377' title='bbox 701 3909 821 3966; x_wconf 85' lang='lat' dir='ltr'>tertiam</span> <span class='ocrx_word' id='word_1_378' title='bbox 846 3918 968 3965; x_wconf 89' lang='lat' dir='ltr'>cantare</span> <span class='ocrx_word' id='word_1_379' title='bbox 993 3909 1116 3966; x_wconf 85' lang='lat' dir='ltr'>solebat</span> <span class='ocrx_word' id='word_1_380' title='bbox 1153 3909 1312 3966; x_wconf 77' lang='lat' dir='ltr'>&#39;Ascenso</span> <span class='ocrx_word' id='word_1_381' title='bbox 1336 3929 1422 3985; x_wconf 89' lang='lat' dir='ltr'>equo,</span> 
     </span>
     <span class='ocr_line' id='line_1_42' title="bbox 274 3995 1420 4074; baseline 0 -17"><span class='ocrx_word' id='word_1_382' title='bbox 274 3999 450 4074; x_wconf 89' lang='lat' dir='ltr'>psalterium</span> <span class='ocrx_word' id='word_1_383' title='bbox 472 3997 614 4069; x_wconf 89' lang='lat' dir='ltr'>incipere,</span> <span class='ocrx_word' id='word_1_384' title='bbox 632 4013 689 4054; x_wconf 87' lang='lat' dir='ltr'>nec</span> <span class='ocrx_word' id='word_1_385' title='bbox 710 4013 836 4069; x_wconf 89' lang='lat' dir='ltr'>pausam</span> <span class='ocrx_word' id='word_1_386' title='bbox 858 3995 916 4052; x_wconf 90' lang='lat' dir='ltr'>nisi</span> <span class='ocrx_word' id='word_1_387' title='bbox 937 3997 975 4052; x_wconf 92' lang='lat' dir='ltr'>ad</span> <span class='ocrx_word' id='word_1_388' title='bbox 996 3997 1088 4053; x_wconf 88' lang='lat' dir='ltr'>linem</span> <span class='ocrx_word' id='word_1_389' title='bbox 1110 3995 1209 4054; x_wconf 85' lang='lat' dir='ltr'>lacere</span> <span class='ocrx_word' id='word_1_390' title='bbox 1229 4000 1420 4058; x_wconf 85' lang='lat' dir='ltr'>consueuit·:</span> 
     </span>
     <span class='ocr_line' id='line_1_43' title="bbox 274 4077 1419 4159; baseline -0.002 -13"><span class='ocrx_word' id='word_1_391' title='bbox 274 4090 339 4146; x_wconf 90' lang='lat' dir='ltr'>eius</span> <span class='ocrx_word' id='word_1_392' title='bbox 361 4089 442 4144; x_wconf 91' lang='lat' dir='ltr'>enirn</span> <span class='ocrx_word' id='word_1_393' title='bbox 467 4085 664 4144; x_wconf 89' lang='lat' dir='ltr'>cubicularius</span> <span class='ocrx_word' id='word_1_394' title='bbox 688 4093 792 4158; x_wconf 89' lang='lat' dir='ltr'>presto</span> <span class='ocrx_word' id='word_1_395' title='bbox 816 4077 1013 4141; x_wconf 85' lang='lat' dir='ltr'>elemosinam</span> <span class='ocrx_word' id='word_1_396' title='bbox 1036 4084 1199 4152; x_wconf 82' lang='lat' dir='ltr'>deferebat,</span> <span class='ocrx_word' id='word_1_397' title='bbox 1224 4085 1298 4140; x_wconf 89' lang='lat' dir='ltr'>nulli</span> <span class='ocrx_word' id='word_1_398' title='bbox 1322 4087 1419 4159; x_wconf 89' lang='lat' dir='ltr'>egenti</span> 
     </span>
     <span class='ocr_line' id='line_1_44' title="bbox 274 4173 1419 4250; baseline -0.001 -16"><span class='ocrx_word' id='word_1_399' title='bbox 274 4179 460 4250; x_wconf 87' lang='lat' dir='ltr'>denegatam.</span> <span class='ocrx_word' id='word_1_400' title='bbox 496 4175 693 4247; x_wconf 83' lang='lat' dir='ltr'>Quocumque</span> <span class='ocrx_word' id='word_1_401' title='bbox 700 4173 722 4206; x_wconf 84' lang='lat'>¹⁰</span> <span class='ocrx_word' id='word_1_402' title='bbox 741 4173 859 4242; x_wconf 89' lang='lat' dir='ltr'>iaceret,</span> <span class='ocrx_word' id='word_1_403' title='bbox 878 4182 971 4230; x_wconf 90' lang='lat' dir='ltr'>staret</span> <span class='ocrx_word' id='word_1_404' title='bbox 990 4173 1039 4230; x_wconf 94' lang='lat' dir='ltr'>vel</span> <span class='ocrx_word' id='word_1_405' title='bbox 1056 4173 1231 4242; x_wconf 88' lang='lat' dir='ltr'>ambularet,</span> <span class='ocrx_word' id='word_1_406' title='bbox 1252 4189 1374 4248; x_wconf 90' lang='lat' dir='ltr'>semper</span> <span class='ocrx_word' id='word_1_407' title='bbox 1388 4175 1419 4234; x_wconf 89' lang='lat' dir='ltr'>in</span> 
     </span>
    </p>
   </div>
   <div class='ocr_carea' id='block_1_3' title="bbox 273 4285 1418 4418">
    <p class='ocr_par' dir='ltr' id='par_1_11' title="bbox 273 4285 1418 4418">
     <span class='ocr_line' id='line_1_45' title="bbox 296 4285 1418 4340; baseline -0.004 0"><span class='ocrx_word' id='word_1_408' title='bbox 296 4290 437 4340; x_wconf 86' lang='lat' dir='ltr'>¹om.inT.</span> <span class='ocrx_word' id='word_1_409' title='bbox 459 4288 623 4338; x_wconf 82' lang='lat' dir='ltr'>¹T.E.etvt.</span> <span class='ocrx_word' id='word_1_410' title='bbox 646 4287 886 4338; x_wconf 62' lang='lat' dir='ltr'>&#39;ctwntrons</span> <span class='ocrx_word' id='word_1_411' title='bbox 908 4285 1035 4338; x_wconf 80' lang='lat' dir='ltr'>‘Cf.ldS.</span> <span class='ocrx_word' id='word_1_412' title='bbox 1046 4285 1118 4336; x_wconf 83' lang='lat' dir='ltr'>Harl.</span> <span class='ocrx_word' id='word_1_413' title='bbox 1142 4285 1317 4337; x_wconf 80' lang='lat' dir='ltr'>⁸T.seruisia.</span> <span class='ocrx_word' id='word_1_414' title='bbox 1336 4285 1418 4340; x_wconf 60' lang='lat' dir='ltr'>‘Tm</span> 
     </span>
     <span class='ocr_line' id='line_1_46' title="bbox 273 4352 1417 4418; baseline -0.003 -12"><span class='ocrx_word' id='word_1_415' title='bbox 273 4359 360 4410; x_wconf 81' lang='lat' dir='ltr'>mixta.</span> <span class='ocrx_word' id='word_1_416' title='bbox 393 4355 476 4418; x_wconf 79' lang='lat' dir='ltr'>&#39;om.;</span> <span class='ocrx_word' id='word_1_417' title='bbox 489 4369 519 4406; x_wconf 90' lang='lat' dir='ltr'>so</span> <span class='ocrx_word' id='word_1_418' title='bbox 528 4355 562 4406; x_wconf 87' lang='grc' dir='ltr'>Η.</span> <span class='ocrx_word' id='word_1_419' title='bbox 598 4353 758 4404; x_wconf 77' lang='lat' dir='ltr'>&#39;soEdrici</span> <span class='ocrx_word' id='word_1_420' title='bbox 791 4353 957 4404; x_wconf 79' lang='lat' dir='ltr'>&#39;ominVit</span> <span class='ocrx_word' id='word_1_421' title='bbox 994 4353 1086 4403; x_wconf 79' lang='lat' dir='ltr'>¹⁰Boll</span> <span class='ocrx_word' id='word_1_422' title='bbox 1095 4352 1417 4417; x_wconf 78' lang='lat' dir='ltr'>Ubicunque;ominvit</span> 
     </span>
    </p>
   </div>
   <div class='ocr_carea' id='block_1_4' title="bbox 0 0 1530 4896">
    <p class='ocr_par' dir='ltr' id='par_1_12' title="bbox 0 0 1530 4896">
     <span class='ocr_line' id='line_1_47' title="bbox 0 0 1530 4896; baseline 0 8"><span class='ocrx_word' id='word_1_423' title='bbox 0 0 1530 4896; x_wconf 95' lang='lat' dir='ltr'> </span> 
     </span>
    </p>
   </div>
  </div>
 </body>
</html>
