3036 4878
271 205 342 276 668
704 197 905 300 uppmntr
934 199 985 274 11.

269 461 477 534 llQuosrono
507 475 647 520 snucrus
677 464 863 519 Enrrurmus
893 475 1035 518 reanum
1064 475 1210 518 commu
1243 463 1447 520 ertcorrrrs

343 559 402 602 rao
424 559 651 602 uesxrxrmus
673 559 830 614 socnrsrs,
849 558 892 600 na
910 557 1048 602 xssnusu
1070 557 1130 602 suo
1153 559 1187 600 m
1210 559 1306 601 nanu
1332 559 1445 602 REGtS

341 641 467 697 cxrrrs;
497 642 536 684 er
560 641 603 684 nn
627 641 812 684 nsuocroun
836 641 984 684 rrenrcrr
1010 641 1137 685 courrrs
1162 641 1245 685 naon
1270 641 1444 685 sartorum

342 715 537 768 Enuuunux
557 725 673 768 rosrsx
692 724 940 768 xunrrrnrcrrsx
958 724 1104 768 osrurrsx.

333 859 421 914 Omes
439 859 629 914 lincolniensis
646 857 785 914 Henricus
803 858 839 914 de
854 859 937 927 Lacy,
949 857 996 929 qui
1012 859 1082 914 forte
1099 856 1274 912 consiliarius
1289 859 1346 913 fuit
1366 875 1442 928 pre-

366 941 434 997 dicti
453 941 558 998 domini
577 943 651 1012 regis
673 951 700 996 et
720 941 860 1012 particeps
881 941 946 996 facti
966 951 995 994 vt
1017 940 1161 996 libertates
1183 941 1211 995 in
1235 959 1323 996 manu
1352 943 1440 1010 regis

272 1037 454 1096 caperentur:
481 1028 548 1081 dum
576 1026 651 1096 apud
680 1024 876 1080 Stratfordiam
903 1025 1030 1079 membra
1054 1024 1138 1094 quieti
1163 1023 1296 1090 dedisset,
1319 1035 1441 1080 terrore

272 1109 361 1162 nimio
377 1127 523 1180 percussus
538 1118 588 1164 est.
627 1111 665 1164 Et
680 1109 720 1163 sic
737 1107 785 1179 qui
798 1107 873 1178 prius
889 1107 978 1163 fuerat
995 1117 1094 1162 sancto
1110 1108 1224 1172 alienus,
1237 1109 1393 1162 voluntate
1407 1119 1438 1162 et

245 1211 259 1260 5
273 1209 419 1247 munerum
432 1193 578 1248 oblacione
590 1191 778 1262 multipliciter
790 1191 880 1247 factus
892 1200 935 1246 est
948 1191 1076 1246 deuotus.
1111 1191 1197 1246 Venit
1208 1190 1284 1246 enim
1298 1190 1436 1260 [postea]

273 1275 478 1344 peregrinando
488 1275 600 1330 visitare
610 1286 740 1330 sanctum
750 1275 941 1343 Edmundum,
948 1285 977 1330 et
988 1274 1026 1328 ibi
1037 1274 1125 1330 iocale
1134 1273 1302 1344 preciosum,
1310 1291 1437 1328 crucem

273 1357 377 1413 scilicet
397 1375 430 1412 ex
449 1377 517 1413 auro
535 1370 563 1414 et
582 1367 751 1427 argentone
770 1357 911 1428 lapidibus
930 1357 1065 1428 preciosis
1083 1369 1220 1424 ommam,
1233 1357 1436 1412 continentem

273 1441 415 1511 quandam
433 1441 500 1511 ligni
519 1453 617 1496 sancte
629 1440 719 1496 crucis
732 1439 903 1510 porcionem,
916 1441 1045 1518 offerens,
1058 1451 1169 1495 astante
1187 1440 1267 1510 plebe
1284 1441 1385 1495 retulit
1406 1441 1436 1494 in

273 1533 370 1592 aperto
382 1524 457 1594 quod
470 1541 534 1580 cun
547 1533 621 1578 esset
638 1522 666 1578 in
680 1523 830 1594 Aquitania
842 1523 955 1578 nomine
967 1524 1041 1594 regis
1053 1522 1206 1592 Anglorum
1219 1533 1317 1578 contra
1330 1541 1435 1593 regem

230 1619 261 1656 ro
274 1605 392 1661 Francie
411 1606 519 1661 actibus
538 1605 644 1662 bellicis
662 1615 823 1676 occupatus,
836 1605 960 1682 quadam
979 1606 1024 1660 die
1043 1605 1166 1661 bostium
1184 1623 1297 1675 cuneos,
1310 1617 1342 1660 vt
1362 1625 1433 1662 eum

274 1689 356 1744 morti
375 1689 515 1745 traderent
534 1689 577 1743 vel
598 1689 698 1744 saltem
720 1688 882 1760 captiuitate
903 1689 1092 1758 subiugarent,
1111 1689 1251 1760 prospexit
1272 1690 1354 1746 ocius
1377 1691 1433 1744 ad-

275 1781 398 1840 uentare,
412 1773 620 1843 respiciensque
634 1772 672 1826 ad
688 1771 858 1826 adiutorium
875 1773 1021 1827 hominum
1034 1783 1061 1827 et
1074 1789 1187 1827 suorum
1200 1771 1433 1828 commilitonum

275 1865 304 1910 vt
322 1871 484 1910 succursum
502 1857 648 1926 preberent
667 1872 702 1910 ne
721 1855 749 1908 in
768 1872 868 1910 manus
887 1855 1110 1910 aduersariorum
1126 1854 1267 1923 incideret,
1281 1856 1431 1911 neminem

275 1955 389 1992 suorum
408 1949 501 2010 preter
518 1937 663 1993 custodem
681 1937 811 1992 animalis
830 1938 874 1992 cui
894 1937 996 1992 insedit
1015 1939 1114 1993 adesse
1132 1938 1219 2006 vidit;
1246 1948 1340 1994 tactus
1360 1957 1431 2008 ergo

234 2041 261 2091 ¹⁵
276 2021 373 2075 dolore
387 2022 478 2077 cordis
497 2021 670 2088 intrinsecus,
684 2032 710 2076 et
728 2037 844 2076 cernens
861 2022 1016 2076 humanum
1031 2021 1164 2076 auxilium
1180 2023 1287 2090 abesse,
1300 2023 1430 2092 confugit

276 2105 313 2159 ad
330 2104 465 2172 diuinum,
479 2121 584 2174 rogans
600 2105 684 2159 deum
702 2115 729 2160 et
746 2103 888 2160 martirem
904 2121 985 2158 suum
999 2105 1182 2160 Edmundum
1193 2115 1223 2158 vt
1239 2105 1348 2160 meritis
1367 2106 1430 2160 eius

275 2197 304 2242 et
323 2189 453 2259 precibus
472 2188 632 2258 impetraret
651 2187 704 2241 sibi
724 2187 887 2255 remedium,
900 2204 1061 2258 vouensque
1078 2189 1153 2258 quod
1170 2187 1217 2242 tali
1235 2199 1320 2258 pacto
1337 2189 1429 2244 iocale

275 2271 441 2342 predictum,
460 2272 535 2343 quod
555 2288 603 2342 pre
622 2269 751 2325 omnibus
770 2270 875 2337 dilexit,
893 2270 946 2326 sibi
965 2271 1067 2326 deuote
1086 2271 1240 2327 conferret:
1267 2289 1322 2343 quo
1342 2273 1427 2338 facto,

276 2355 371 2409 statim
388 2355 538 2410 exercitum
556 2371 638 2408 suum
655 2354 694 2408 ita
706 2354 825 2408 densum
842 2364 869 2408 et
887 2354 1046 2424 expeditum
1063 2354 1136 2410 circa
1153 2372 1184 2409 se
1201 2355 1354 2426 conspexit,
1367 2355 1426 2409 acsi

233 2461 263 2497 20
276 2438 367 2492 nullus
383 2437 418 2491 de
433 2455 549 2492 numero
566 2435 707 2492 defuisset.
745 2438 783 2492 Et
798 2438 937 2507 completo
956 2453 1090 2507 sermone,
1104 2439 1145 2493 sic
1163 2449 1289 2494 sanctum
1305 2438 1424 2492 affatur:

277 2520 359 2575 ‘Hoc
374 2521 462 2575 iocale
476 2530 518 2574 est
533 2521 608 2591 quod
624 2519 674 2574 tibi
692 2519 822 2590 promisi:
843 2521 897 2575 hoc
913 2519 963 2575 tibi
980 2521 1067 2574 offero
1080 2521 1177 2576 martir
1190 2519 1291 2576 Christi
1307 2519 1421 2575 sanctis-

277 2603 363 2658 sime?
400 2605 462 2658 Nec
479 2603 569 2657 solum
587 2620 621 2657 ex
640 2603 693 2656 hoc
711 2604 845 2658 donatiuo
863 2604 953 2674 patuit
970 2605 1008 2658 ad
1025 2614 1152 2659 sanctum
1170 2604 1229 2659 eius
1244 2603 1368 2670 deducio,
1381 2614 1423 2658 set

277 2703 311 2740 ex
336 2685 460 2758 pluribus
484 2687 545 2741 aliis
565 2685 688 2740 donariis
713 2697 811 2742 sancto
835 2687 941 2742 martiri
964 2688 1066 2742 deuote
1087 2687 1203 2742 collatis.
1241 2687 1327 2742 Dedit
1348 2687 1422 2741 enirn

277 2769 407 2824 vestiario
431 2787 516 2824 vnam
541 2769 696 2840 preciosam
721 2787 822 2839 capam
846 2771 1004 2825 brodatam.
1049 2773 1120 2826 Item
1146 2771 1201 2825 alia
1226 2769 1286 2826 vice
1314 2787 1422 2825 crucem

234 2875 263 2926 ²5
277 2853 372 2922 magni
386 2853 470 2923 precii
484 2870 606 2920 auream,
619 2869 683 2907 cum
695 2853 837 2923 lapidibus
851 2853 984 2924 preciosis
998 2853 1185 2921 adomatam;
1203 2871 1258 2925 que
1271 2855 1298 2908 in
1312 2855 1422 2908 australi

277 2945 356 3007 parte
377 2935 469 2992 seretti
493 2936 641 3006 dependet.
678 2937 801 2991 Contulit
825 2931 916 2991 eciam
936 2935 1094 3006 preciosum
1115 2937 1239 3006 lapidem
1258 2937 1306 3008 qui
1327 2948 1423 2992 antrax

277 3020 387 3088 dicitur,
400 3030 429 3075 et
447 3021 565 3074 situatur
580 3019 618 3074 ad
634 3019 736 3090 pedem
754 3020 829 3074 dicte
847 3021 936 3075 crucis
955 3037 1039 3090 super
1055 3020 1195 3074 feretrum.
1234 3022 1307 3076 Item
1324 3020 1422 3090 legauit

277 3103 377 3172 viginti
397 3119 505 3157 marcas
524 3119 575 3174 pro
591 3103 722 3172 ymagine
738 3103 775 3158 de
793 3115 910 3172 argento
926 3103 1056 3158 facienda
1073 3113 1102 3158 et
1119 3104 1291 3170 deauranda,
1304 3103 1331 3158 in
1348 3104 1423 3159 cuius

277 3187 367 3240 fronte
387 3203 436 3240 seu
455 3195 568 3257 pectore
586 3185 727 3256 predictus
745 3185 817 3256 lapis
837 3186 1001 3254 situaretur;
1027 3196 1070 3241 set
1090 3186 1128 3241 ad
1147 3186 1268 3241 martiris
1289 3186 1422 3256 iniuriam,

235 3292 266 3340 30
278 3285 328 3339 per
343 3279 521 3324 executurum
537 3267 673 3323 incuriam
690 3269 783 3324 minus
800 3269 871 3324 iuste
888 3269 1011 3324 defuncti
1023 3269 1197 3324 voluntatem
1214 3269 1420 3340 complencium,

278 3352 390 3406 detente
409 3361 480 3420 sunt,
501 3369 563 3406 cum
582 3369 638 3406 vno
656 3351 744 3408 calice
761 3369 845 3407 aureo
867 3354 964 3424 pondo
983 3352 1062 3419 x1.s,
1080 3370 1166 3424 quem
1185 3353 1312 3408 similiter
1330 3364 1419 3408 sancto

279 3435 431 3490 Edmundo
453 3435 564 3504 legauit
604 3435 721 3506 Legauit
742 3436 832 3491 eciam
853 3445 917 3506 post
937 3446 1057 3490 mortem
1078 3435 1177 3492 matris
1198 3453 1248 3491 sue
1267 3437 1348 3492 beato
1365 3438 1419 3491 Ed·

280 3518 385 3572 mundo
404 3535 455 3589 pro
473 3519 618 3573 refectorio
637 3519 838 3574 monachorum
858 3536 969 3574 suorum
988 3517 1073 3574 inam
1095 3535 1198 3589 cupam
1218 3529 1374 3588 argenteam
1393 3529 1418 3574 et

280 3603 442 3657 deauratam
455 3611 483 3656 et
499 3603 570 3657 miro
582 3619 666 3672 opere
682 3603 856 3670 fabricatam,
870 3620 955 3674 quam
968 3603 1036 3658 dixit
1053 3613 1081 3658 et
1098 3602 1218 3658 asseruit
1235 3602 1323 3658 fuisse
1339 3603 1417 3658 sancti

236 3696 266 3745 35
281 3685 425 3740 Edmundi
446 3685 474 3740 in
495 3685 554 3740 uita
575 3703 642 3754 sua;
668 3686 704 3741 ob
724 3686 801 3741 cuius
819 3687 955 3741 honorem
974 3686 1073 3741 diebus
1091 3686 1199 3741 festiuis
1218 3687 1349 3742 sacerdos
1364 3685 1416 3740 eius

281 3769 445 3840 suppellicio
465 3769 576 3825 indutus
595 3787 629 3824 ex
646 3770 701 3824 boc
719 3769 934 3826 conuiuantibus
952 3769 1119 3841 propinauit.
1156 3771 1206 3824 Set
1224 3780 1252 3825 et
1275 3769 1416 3824 reuerenda

281 3863 371 3907 mater
395 3853 462 3921 eius,
487 3853 662 3923 perpendens
688 3862 867 3909 executorum
888 3852 1099 3923 necligenciam,
1121 3851 1278 3924 predictam
1298 3853 1415 3922 cupham,

281 3953 346 3991 cum
365 3952 420 3990 vno
445 3935 573 4006 precioso
596 3935 710 4006 saphiro
734 3945 832 3990 sancto
855 3935 1007 3990 Edmundo
1032 3935 1191 3992 destinauit.
1228 3935 1315 3992 Dedit
1337 3935 1414 3990 eciam

281 4019 423 4088 predictus
451 4035 545 4074 comes
572 4017 690 4074 ecclesie
717 4018 807 4074 sancti
839 4019 983 4074 Edmundi
1010 4019 1091 4090 quasi
1119 4035 1170 4090 pro
1197 4018 1309 4073 modico
1335 4018 1414 4088 precio

236 4119 269 4169 40
282 4101 437 4156 manerium
462 4119 543 4156 suum
568 4101 604 4156 de
629 4100 867 4171 Estbradenbam,
892 4119 967 4158 anno
988 4101 1095 4158 domini
1120 4100 1323 4174 M⁰.ccc⁰.viij.;
1347 4099 1412 4157 cuius

280 4182 374 4238 anime
387 4183 555 4254 propicietur
567 4185 646 4252 deus,
658 4185 759 4240 Amen.
