3054 4904
433 291 508 387 Ui
531 290 697 382 &aaut
720 291 897 381 Rilifliiss.
1167 319 1237 389 129

88 490 188 566 itaque
201 493 361 552 recedendi
378 503 501 568 peracta
508 493 527 567 ¹,
539 493 670 553 collectis
687 493 776 552 sociis
795 496 969 569 inquorum
988 495 1139 553 mentibus
1157 495 1237 552 idem

89 579 191 638 feruor
208 581 376 640 dilectionis
401 584 532 654 ardebat,
551 583 590 640 ad
608 583 737 640 vicinam
761 583 860 640 Scotie
882 582 1069 662 Britanniam
1089 582 1239 656 peruenit,

88 668 285 742 qua[m]¹non
293 670 579 743 longanauigatione
588 672 766 743 preteriens,
774 670 900 728 Galliam
910 670 1239 745 attigit,quapermeata

88 755 118 812 in
137 757 324 830 prouinciam
344 757 506 816 Germanis
525 757 647 815 deuenit
659 776 719 831 que
735 757 772 814 ab
788 757 895 816 incolis
911 767 991 816 terre
1007 758 1102 832 ipsius
1115 759 1240 816 ‘Orien-

89 843 159 900 talis
185 844 209 901 F
210 846 329 902 rancia’
347 845 500 902 vocitatur.
535 844 639 918 Ibique
658 845 690 902 in
710 845 800 919 opido
820 847 899 919 quod
919 845 1113 904 Wirtzburch
1133 863 1267 917 eorum5

89 930 192 1005 lingua
209 932 325 1004 dicitur,
343 933 434 990 latina
451 950 525 990 vero
550 933 652 1006 lingua
675 933 891 1007 interpretatur
910 934 1078 990 ‘castellum
1096 974 1186 994 .....
1199 933 1235 1003 ⁸⁹,

89 1019 182 1076 cum*
201 1021 302 1094 aliquo
317 1029 454 1094 tempore
477 1021 533 1077 sub
554 1020 673 1078 silentio
690 1021 832 1089 stetisset,
854 1020 984 1078 Romam
1004 1021 1157 1094 profectus
1183 1031 1239 1090 est,

89 1116 120 1164 et
132 1107 231 1164 officio
243 1107 418 1182 predicandi
430 1125 449 1164 a
460 1125 538 1181 papa
550 1118 681 1180 recepto,
694 1108 855 1182 episcopus
870 1109 1024 1166 ordinatus
1041 1109 1136 1180 rediit,
1150 1109 1239 1166 sociis

89 1196 164 1266 eius,
179 1195 364 1252 Columbano
376 1194 488 1252 scilicet
499 1195 531 1251 in
549 1195 642 1266 ltalia,
655 1207 686 1253 et
704 1196 791 1254 Gallo
806 1195 837 1252 in
852 1195 994 1253 Almania
1006 1196 1240 1254 remanentibus.

91 1281 204 1339 lterum
218 1300 290 1356 ergo
302 1281 495 1339 Wirtzburch
507 1284 673 1356 ingressus,
681 1286 760 1356 cepit
769 1283 921 1341 Christum
935 1286 1107 1358 predicare:
1126 1284 1240 1357 ipsum·
1256 1303 1287 1338 ro

90 1387 149 1442 que
175 1372 284 1427 ducem
309 1369 501 1440 Gosbertum,
526 1369 633 1443 Dyane
658 1388 744 1428 sacra
774 1371 932 1442 colentem,
957 1374 1117 1445 ipsamque
1147 1381 1241 1429 totam

90 1457 278 1515 Orientalem
293 1457 316 1514 F
318 1456 448 1514 ranciam
461 1468 641 1514 conuertens
655 1457 822 1531 baptizauit
873 1447 952 1516 Erat
963 1468 1065 1516 autem
1078 1459 1146 1516 duci
1164 1476 1242 1517 vxor

90 1548 214 1602 nomine
234 1545 368 1616 Geilana,
387 1547 538 1618 quondam
557 1545 640 1602 fratri
658 1563 714 1603 suo
732 1545 877 1603 maritata.
914 1547 1002 1617 Quod
1020 1547 1146 1604 audiens
1166 1545 1240 1603 Kili-

90 1651 176 1706 anus,
188 1633 249 1690 tale
258 1632 395 1705 s[cilicet]
407 1631 586 1706 coniugium,
594 1651 633 1691 ne
646 1633 716 1690 fidei
729 1632 1155 1707 inicia⁵resillaperturbaret,
1168 1652 1241 1708 quo-

91 1720 171 1793 quo⁸
182 1722 273 1777 modo
285 1720 460 1793 patiebatur.
497 1721 559 1778 Sed
572 1729 678 1794 postea
691 1723 798 1778 ducem
810 1721 842 1777 in
858 1721 919 1778 fide
933 1723 1105 1780 roboratum
1124 1732 1241 1780 secrete
1257 1735 1286 1786 15

92 1825 187 1881 super
208 1807 379 1864 huiusmodi
403 1807 578 1882 alloquitur;
607 1810 669 1866 dux
693 1817 802 1878 autem,
825 1809 884 1866 tale
912 1811 1070 1882 negocium
1090 1809 1242 1880 differens,

91 1904 197 1954 eontra
208 1896 313 1952 hostes
326 1895 459 1952 tetendit.
485 1895 552 1966 Quo
564 1897 688 1954 absente
701 1897 816 1966 mulier,
826 1896 917 1952 futuri
930 1896 1044 1954 dissidii
1057 1915 1118 1954 non
1130 1897 1243 1971 ignara,

92 1983 248 2040 Kilianum
272 2001 340 2040 cum
365 1983 454 2040 sociis
479 1984 542 2040 suis
566 1982 597 2041 in
621 1983 697 2040 cella
721 2001 777 2040 sua
799 1993 887 2040 nocte
908 1983 978 2042 iecit
997 1984 1098 2041 necari
1118 1985 1242 2054 occulte,

92 2071 195 2146 ibique
207 2074 238 2127 in
251 2073 358 2128 eodem
370 2071 444 2142 loco,
457 2088 525 2128 eum
542 2071 677 2128 vestibus
691 2089 726 2128 ac
738 2071 831 2142 libris,
844 2088 884 2128 ne
900 2071 1020 2145 aliquod
1032 2088 1138 2127 eorum
1151 2072 1243 2129 vesti·

93 2160 176 2232 gium
194 2168 362 2233 appareret,
377 2158 446 2216 fecit
461 2159 602 2232 sepeliri;
622 2158 714 2216 immo
732 2159 831 2230 etiam,
844 2177 883 2216 ne
900 2157 991 2216 occisi
1008 2177 1140 2233 vnquam
1157 2178 1242 2217 reue·
1258 2182 1289 2217 ao

23 2289 30 2304 .
92 2248 238 2316 larentur,
256 2247 405 2304 stabulum
425 2264 571 2321 equorum
591 2246 692 2304 stratis
713 2247 847 2320 plancis⁷
869 2246 982 2304 ibidem
1002 2264 1096 2320 super
1116 2265 1243 2321 corpora

94 2344 268 2392 sanctorum
282 2334 443 2392 constituit.
480 2334 591 2391 Mulier
602 2344 702 2392 autem
715 2336 844 2409 quedam
859 2335 982 2392 nomine
1001 2334 1172 2410 Burgunda,
1185 2337 1243 2394 deo

95 2424 214 2494 deuota,
228 2423 310 2480 iuxta
327 2422 432 2479 cellam
447 2421 512 2478 eius
529 2422 645 2478 habens
662 2422 833 2492 oratorium,
846 2422 974 2496 qualiter
992 2441 1042 2480 res
1060 2432 1141 2484 esset
1158 2433 1244 2497 gesta

94 2528 292 2586 cognoscens,
305 2511 359 2567 sed
373 2511 502 2583 prodere
515 2509 635 2580 timens,
648 2511 770 2567 tandem
782 2510 813 2566 in
826 2510 886 2576 fine
905 2513 964 2568 vite
978 2528 1033 2569 sue
1046 2511 1147 2568 omnia
1160 2512 1243 2570 dixit.

96 2588 191 2661 Duce
211 2608 312 2656 autem
335 2615 468 2668 reuerso,
491 2606 521 2655 et
544 2598 626 2654 viros
645 2609 765 2656 sanctos
783 2607 938 2672 querente,
958 2617 1035 2656 vxor
1054 2599 1127 2669 eius,
1153 2617 1243 2658 causa
1259 2619 1288 2671 ²⁵

93 2685 347 2762 peregrinationis
370 2685 455 2742 solite
479 2683 654 2742 iamdudum
675 2703 728 2743 eos
751 2686 862 2752 abiisse
887 2695 933 2744 est
957 2686 1089 2744 mentita
1136 2686 1245 2748 Postea

95 2775 254 2833 carnifices
272 2773 323 2848 qui
347 2781 468 2830 sanctos
494 2783 683 2845 necauerant‚
703 2773 803 2831 furore
831 2775 952 2847 arrepti,
977 2791 1077 2831 coram
1104 2776 1245 2832 omnibus

92 2864 316 2921 clamauerunt:
343 2861 488 2928 ‘Killane,
507 2861 635 2932 Kiliane,
654 2879 709 2918 cur
729 2861 804 2919 nos⁸
823 2861 994 2920 incendisl'
1032 2861 1082 2919 Sic
1099 2861 1176 2918 facto
1189 2880 1245 2919 suo

93 2950 251 3025 propalato
273 2951 494 3021 expirauerunt.
531 2948 615 3006 Nec⁹
636 2949 724 3022 longe
744 2957 811 3021 post
835 2951 902 3022 ipsa
922 2949 1047 3006 Geilana
1066 2967 1084 3006 a
1103 2951 1246 3018 demonio

92 3047 215 3112 arrepta
227 3036 381 3094 clamauit:
407 3035 507 3093 ‘Iuste
520 3040 668 3109 torqueor,
677 3037 746 3109 quia
754 3036 827 3094 viris
837 3036 948 3094 sanctis
958 3045 1086 3093 tortores
1098 3036 1220 3094 adhibui
1226 3039 1243 3108 ’,
1257 3056 1290 3106 30

93 3134 124 3182 et
136 3126 196 3182 hiis
205 3123 290 3180 dictis
298 3123 585 3182 crudeliterinteriit.
623 3111 700 3180 Post
713 3123 839 3181 multum
851 3141 924 3181 vero
937 3123 1082 3197 temporis
1095 3125 1246 3197 presbiter

93 3214 218 3287 quidam
237 3211 359 3268 nomine
377 3210 566 3283 Attalongus,
585 3210 722 3282 audi[uit]
733 3211 754 3242 ¹⁰
775 3211 933 3268 scolares¹¹
954 3212 985 3268 in
1006 3212 1113 3284 spiritu
1141 3220 1245 3272 sancto

93 3303 246 3358 dicentes‘
258 3297 395 3356 Kilianus
408 3299 494 3371 signa
501 3298 595 3355 multa
608 3297 694 3356 lecit:
714 3299 752 3356 de
765 3298 830 3356 loco
843 3297 874 3356 in
887 3316 947 3371 quo
958 3297 1080 3372 indigne
1092 3297 1169 3358 iacet
1181 3299 1244 3356 tolli

93 3389 200 3446 debet.²
230 3386 411 3458 Attalongus
431 3394 531 3441 autem
548 3386 620 3458 quid
636 3385 769 3442 scolares
784 3386 919 3443 dicerent
935 3403 996 3444 non
1014 3386 1150 3451 attendit,
1160 3396 1189 3442 et
1206 3387 1244 3444 ob

93 3475 151 3533 hoc
164 3483 253 3532 nocte
265 3472 403 3547 proxima
415 3471 483 3530 visu
494 3471 607 3530 amisso
620 3473 773 3530 dominum
786 3472 843 3529 sibi
852 3475 1003 3530 dicentem
1013 3473 1141 3530 audiuit:
1162 3472 1244 3534 ‘Nisi
1258 3489 1289 3541 35

94 3561 269 3630 credideris,
282 3577 344 3616 non
356 3559 491 3617 videbis!
528 3558 582 3616 llle
594 3577 667 3616 vero
680 3559 839 3632 diligenter
850 3577 990 3634 querens,
1004 3569 1034 3618 et
1050 3560 1093 3616 rei
1106 3561 1245 3620 ordinem

94 3649 279 3724 percipiens,
293 3648 330 3704 ad
344 3663 470 3719 corpora
482 3655 655 3704 sanctorum
668 3646 812 3706 recurrit:
831 3646 932 3720 ibique
952 3647 1055 3706 lumen
1075 3649 1243 3720 reperiens,

94 3739 240 3794 aduocato
266 3733 417 3792 Bonilacio
448 3733 620 3806 mogontino
651 3734 885 3807 archiepiscopo,
913 3751 1039 3808 corpora
1070 3744 1244 3794 sanctorum

95 3824 250 3894 reuelauit,
263 3833 293 3881 et
305 3821 404 3880 visum
416 3823 532 3894 recepit
543 3821 585 3894 (t).

127 3965 223 4015 ¹Boll.
234 3973 307 4015 acta·
414 3963 471 4013 ¹13.
483 3979 540 4026 qua.
652 3963 780 4027 ’Supply
790 3965 904 4015 virorum
916 3965 1030 4024 sortium,
1041 3979 1070 4012 as
1082 3964 1109 4013 in
1122 3964 1166 4012 the
1176 3961 1244 4026 viu,

95 4047 126 4081 or
137 4032 292 4082 herbaruml
374 4029 432 4080 ιΕ.
445 4030 487 4078 vbi
499 4045 565 4080 cum.
647 4029 703 4082 ⁸E.
716 4031 827 4080 iniciate.
917 4029 974 4082 ⁸2.
988 4045 1097 4093 quoque.
1186 4027 1246 4084 ⁷2.

95 4097 199 4161 plantis.
263 4095 455 4147 ⁸E.nosnon.
521 4095 579 4146 ⁰E.
592 4095 657 4147 Hec.
725 4096 745 4127 ¹⁰
762 4097 792 4146 E.
804 4098 919 4148 audiens
986 4098 1005 4126 ⁸¹
1023 4095 1052 4146 E.
1063 4094 1185 4146 scolares.
