3012 4898
251 271 324 360 366
560 264 691 352 finiit
716 261 908 367 [affalht
931 261 1084 368 amns.

250 473 395 522 cauerunt
406 463 529 539 populo,
540 463 758 539 omnibusque¹
771 463 803 521 in
822 481 878 524 sua
892 463 994 538 lingua
1011 461 1148 538 perfecte
1166 461 1413 537 intelligentibus

251 569 313 612 eos.
351 551 423 610 Post
440 553 496 612 hec
509 569 590 624 vero,
609 553 811 612 admonitione
828 550 973 625 angelica,
991 569 1009 608 a
1027 551 1108 608 clero
1125 559 1157 608 et
1175 552 1291 624 populo
1310 551 1413 620 eleni,

250 639 413 714 pontificali
431 640 576 716 dignitate
594 639 745 698 sublimati
763 649 851 698 sunt:
878 649 908 696 et
925 639 1013 713 quasi
1032 638 1062 696 in
1081 638 1289 696 testimonium
1310 640 1412 712 gratie

250 745 341 802 quam
360 727 401 785 ibi
419 729 542 786 domino
559 727 724 802 largiente¹
736 735 942 800 susceperant,
955 727 1025 784 data
1042 735 1112 784 sunt
1131 725 1176 782 eis
1194 727 1338 799 preciosa
1351 725 1414 782 tria

222 839 237 892 g
251 832 385 886 munera,
398 823 487 890 prout
503 814 610 888 cuique
626 815 834 888 competebat:
856 813 986 872 Paterno
1000 813 1125 872 baculus
1140 823 1171 870 et
1184 830 1261 886 capa
1273 813 1412 872 choral'm

250 903 387 977 precioso
400 901 496 960 serico
508 912 657 972 contexta,
666 920 704 960 eo
716 903 797 976 quod
809 901 892 959 illum
905 911 1059 959 cantorem
1070 901 1227 974 egregium
1241 900 1411 958 videbant:

252 989 363 1050 Sancto
386 999 487 1048 autem
513 989 611 1048 Dauid
635 991 728 1048 altare
753 989 922 1058 mirificum,
946 987 1020 1046 nulli
1046 988 1124 1045 bene
1149 996 1255 1044 notum
1280 988 1323 1044 de
1348 1005 1413 1060 qua

252 1077 375 1136 materia
404 1077 499 1136 iuerat
526 1078 653 1148 lactum
682 1093 752 1134 nam
776 1075 931 1134 iocundius
955 1075 1063 1134 ceteris
1090 1075 1261 1132 celebrauit.
1313 1074 1414 1132 Beato

251 1175 350 1224 autem
369 1165 495 1222 Theliao
514 1164 674 1224 cimbalum
693 1165 842 1222 dederunt
861 1162 957 1238 magis
977 1161 1126 1220 famosum
1145 1179 1235 1235 quam
1261 1161 1303 1218 sit
1325 1181 1414 1236 mag·

208 1279 240 1321 ιο
252 1271 334 1324 num,
359 1253 455 1328 magis
472 1252 644 1328 preciosum
661 1269 752 1324 quam
770 1251 941 1326 pulchrum,
961 1250 1032 1323 quia
1049 1248 1129 1308 dulci
1154 1266 1230 1306 sono
1255 1267 1414 1323 organum

251 1357 342 1399 omne
372 1339 490 1398 videtur
519 1339 687 1398 excellere:
718 1339 857 1413 periuros
887 1339 1039 1410 dampnat,
1069 1337 1208 1394 infirmos
1238 1347 1347 1407 curat;
1381 1345 1415 1394 et

253 1427 379 1501 singulis
403 1427 485 1485 horis
509 1427 592 1484 nullo
623 1423 783 1486 mouente'
802 1426 937 1497 sonabat,
961 1426 1057 1482 donec
1083 1424 1215 1498 peccatis
1246 1423 1413 1482 hominum

252 1513 443 1588 exigentibus
467 1513 518 1589 qui
545 1513 618 1572 illud
642 1512 764 1588 pollutis
789 1513 928 1572 manibus
957 1521 1073 1570 temere
1095 1511 1272 1578 tractabant,
1299 1529 1318 1568 a
1347 1521 1413 1570 mm

253 1603 332 1662 dulci
350 1601 495 1676 obsequio
513 1611 652 1660 cessaret
689 1601 774 1661 Sicut
789 1601 871 1660 enim
886 1599 1047 1658 cimbalum
1065 1608 1216 1672 atorpore
1235 1601 1365 1672 sompni
1382 1610 1414 1658 et

211 1718 239 1772 ¹⁵
253 1689 360 1748 inertie
384 1699 506 1749 cunctos
529 1691 567 1748 ad
592 1689 750 1748 ecclesiam
769 1687 883 1755 inuitat,
905 1688 945 1744 ita
967 1697 1089 1746 sanctus
1112 1686 1266 1755 Theliaus
1293 1686 1413 1744 Christi

253 1795 345 1855 preco
363 1779 467 1846 iactus,
487 1777 675 1836 incessanter
694 1776 877 1851 predicando
898 1774 1050 1834 subiectos
1074 1775 1112 1832 ad
1134 1773 1233 1832 celum
1254 1775 1357 1832 verbo
1381 1785 1413 1832 et

254 1866 395 1940 exemplo
408 1865 557 1924 incitabat.
630 1853 738 1926 Sancti
757 1865 858 1938 itaque
870 1863 919 1923 dei
932 1879 1080 1937 prospere
1098 1861 1128 1919 in
1147 1863 1307 1934 regionem
1319 1879 1412 1920 stram

255 1954 381 2020 reuersi,
405 1963 529 2029 propter
554 1952 841 2026 pestilentiamque
867 1949 931 2010 iere
956 1949 1070 2008 totam*
1093 1949 1249 2008 deleuerat
1272 1961 1412 2023 gentem,

255 2041 365 2100 diutius
390 2041 421 2100 in
444 2039 545 2100 terra⁶
568 2041 679 2100 morari
704 2057 764 2098 non
790 2048 936 2114 poterant
973 2037 1072 2096 Pestis
1095 2047 1196 2096 autem
1216 2037 1268 2094 illa
1293 2037 1412 2096 ‘ilaus'
1497 2067 1498 2072 κ

209 2160 243 2206 ,ο
255 2131 424 2200 vocabatur,
451 2146 489 2187 eo
512 2130 593 2202 quod
618 2128 714 2186 flauos
738 2137 769 2188 et
792 2125 984 2200 exsangues·
1006 2125 1164 2184 uniuersos
1188 2141 1265 2196 quos
1297 2125 1412 2184 inuam't

255 2217 408 2276 efficiebat
452 2216 519 2287 Que
541 2215 572 2274 in
595 2216 757 2291 columpna
783 2232 897 2289 aquose
921 2213 1010 2272 nubis
1035 2212 1206 2270 hominibus
1231 2215 1412 2286 apparebat,

254 2322 347 2364 vnum
360 2311 449 2380 caput
461 2303 610 2362 verrens'
622 2321 678 2378 per
694 2313 805 2362 terram
815 2303 835 2372 ⁸,
848 2303 928 2360 aliud
943 2318 1065 2362 sursum
1084 2301 1207 2358 trahens
1225 2317 1283 2372 per
1296 2318 1412 2370 aerem,

255 2401 285 2452 et
305 2408 361 2465 per
380 2400 472 2448 totam
497 2391 651 2466 regionem
676 2391 857 2450 discurrens.
907 2391 1093 2462 Quocunque
1116 2397 1217 2444 autem
1242 2388 1411 2446 animantia

255 2496 310 2536 suo
323 2479 466 2552 pestifero
481 2477 552 2536 llatu
565 2479 670 2553 attigit,
682 2488 733 2538 aut
749 2479 828 2537 illico
841 2478 1044 2536 moriebantur
1055 2485 1105 2534 aut
1116 2492 1212 2548 vsque
1225 2476 1264 2532 ad
1277 2486 1410 2533 mortem

213 2598 243 2650 ²5
255 2566 439 2641 egrotabant
483 2567 517 2624 Si
536 2567 604 2640 quis
623 2585 697 2625 vero
722 2565 870 2624 medelam
896 2563 1043 2639 egrotanti
1067 2563 1211 2620 adhibere
1237 2573 1411 2633 conaretur,

256 2655 321 2714 sine
343 2653 549 2712 medicaminis
570 2655 677 2712 effectu
699 2653 898 2712 medicantem
921 2669 989 2710 cum
1009 2660 1111 2724 egroto
1132 2659 1196 2706 atra
1218 2649 1284 2708 lues
1304 2652 1346 2708 ad
1364 2651 1410 2706 in-

255 2742 375 2800 teritum
388 2741 534 2799 trahebat
571 2740 714 2800 Seuiente
732 2740 814 2800 enim
825 2740 857 2797 in
869 2739 1041 2799 hominibus
1054 2745 1084 2794 et
1096 2735 1237 2794 iumentis
1249 2737 1302 2794 illa
1314 2749 1409 2810 peste,

256 2837 378 2891 sanmus
389 2829 531 2888 Theliaus
543 2829 574 2886 in
586 2830 697 2888 ieiunio
713 2839 744 2886 et
759 2828 880 2902 planctu
900 2826 1039 2886 clamauit
1051 2827 1089 2886 ad
1102 2823 1268 2893 dominum,
1281 2825 1409 2882 dicens:

256 2917 375 2986 ‘Parce
397 2917 528 2987 domine,
546 2935 636 2992 parce
655 2917 767 2992 populo
785 2925 846 2986 tuo,
864 2916 915 2989 qui
935 2933 995 2972 non
1014 2913 1061 2972 vis
1081 2922 1210 2971 mortem
1229 2913 1409 2986 peccatoris,

212 3034 244 3086 50
256 3006 311 3063 sed
335 3005 436 3076 vitam,
462 3005 539 3078 [et]⁹
562 3023 602 3064 ne
629 3007 685 3063 des
715 3005 911 3064 hereditatem
935 3013 1016 3061 tumn
1041 3001 1071 3059 in
1102 3000 1322 3076 perditionem·
1361 3001 1409 3058 Ira

256 3096 378 3152 demum
397 3093 447 3152 dei
466 3093 531 3152 eius
548 3093 682 3151 oratione
700 3093 887 3166 aliorumque
907 3102 1078 3150 sanctorum
1100 3091 1138 3146 ad
1157 3098 1281 3161 tempus
1299 3091 1408 3164 sopita,
1497 3111 1498 3150 3

257 3181 361 3238 celitus
380 3181 551 3239 admonitus
563 3199 631 3238 cum
650 3180 708 3238 hiis
721 3180 772 3253 qui
783 3180 804 3213 ¹⁰
816 3179 928 3238 residui
943 3179 1062 3235 lucrant
1077 3179 1116 3235 de
1134 3186 1224 3249 gente
1238 3175 1269 3234 in
1290 3177 1407 3250 longin-

256 3285 331 3344 quas
347 3267 486 3327 discessit
505 3269 652 3343 regiones,
664 3268 759 3326 donec
778 3268 853 3326 deus
873 3266 917 3324 eis
937 3267 1065 3324 reditum
1084 3265 1115 3322 in
1129 3264 1258 3338 patriam
1281 3264 1408 3322 innuere

257 3358 439 3431 dignaretur.
484 3355 568 3414 Deus
586 3365 695 3426 autem,
714 3355 799 3413 cuius
820 3353 1026 3412 misericordia
1050 3353 1140 3426 plena
1162 3360 1232 3409 sunt
1254 3352 1407 3420 uniuersa.

212 3475 244 3526 35
257 3463 318 3504 non
337 3453 452 3502 tantum
470 3442 568 3518 gentis
587 3445 709 3500 tandem
729 3441 890 3512 miseriam,
903 3443 958 3498 sed
977 3450 1113 3500 sanctum
1131 3457 1187 3513 pro
1206 3447 1299 3512 gente
1318 3457 1407 3498 exor-

256 3542 358 3592 antem
377 3531 524 3606 propitius
542 3531 718 3604 respiciens,
731 3529 880 3588 concessit
893 3529 938 3588 eis
952 3531 991 3587 de
1009 3527 1099 3586 exilio
1116 3528 1236 3596 reuerti,
1249 3536 1280 3584 et
1297 3545 1316 3584 a
1329 3528 1407 3602 peri·

257 3622 324 3680 culo
348 3619 470 3695 penitus
493 3618 622 3677 liberari.
658 3617 713 3676 Vir
736 3627 837 3676 autem
858 3617 916 3686 dei,
934 3616 1032 3690 gentis
1056 3614 1198 3688 reliquias
1223 3614 1372 3689 colligens
1380 3615 1408 3685 ¹¹.

257 3709 354 3768 natale
379 3708 477 3765 solum
502 3705 629 3781 repetiit,
652 3715 683 3765 et
703 3704 904 3780 principatum
930 3721 1023 3777 super
1044 3703 1310 3760 omnesecclesias
1333 3702 1407 3760 occi·

258 3795 387 3855 dentalis
401 3793 533 3851 Britanie
547 3811 643 3868 vsque
655 3795 694 3851 ad
711 3793 805 3850 finem
817 3791 877 3850 vite
896 3809 949 3850 sue
968 3790 1071 3849 tenuit
1135 3777 1271 3850 Sanctus
1283 3791 1406 3848 demum

213 3884 411 3964 40Theliaus‚
426 3881 585 3940 virtutibus
607 3890 637 3940 et
660 3881 743 3938 omni
767 3880 924 3938 sanctitate
949 3879 1066 3952 plenus,
1087 3877 1117 3935 in
1140 3885 1296 3936 senectute
1321 3879 1408 3946 bona,

259 3974 362 4048 quinto
387 3971 454 4028 idus
475 3969 616 4028 februarii
641 3969 776 4027 seculum
801 3969 977 4042 relinquens
1000 3966 1140 4040 migrauit
1164 3967 1202 4022 ad
1226 3965 1337 4023 celum.
1374 3966 1406 4022 In

259 4070 347 4132 nocte
366 4068 466 4118 autem
485 4056 682 4134 depositionis
707 4057 772 4115 eius
797 4057 876 4114 inter
896 4066 959 4114 tres
983 4055 1081 4114 cleros
1101 4055 1191 4112 trium
1213 4053 1407 4112 ecclesiarum
1497 4101 1498 4108 r

292 4181 478 4234 ¹r.0mnibus.
544 4177 733 4244 ²E.lagiente
789 4179 845 4230 ⁸E.
858 4186 988 4228 monente.
1053 4175 1111 4227 ‘E
1125 4183 1204 4224 totam
1221 4175 1284 4225 lere.
1350 4175 1406 4225 ⁸E.
1497 4169 1498 4230 i

259 4257 361 4300 terram
411 4245 619 4307 ⁸E.exanguee
668 4243 847 4297 'Everteoa
906 4242 1083 4307 ’Ὦρα-τω.
1134 4240 1292 4292 'om.inE.
1343 4240 1406 4290 ”E
1497 4261 1498 4304 l

260 4333 320 4380 que.
387 4313 404 4344 ¹¹
424 4313 454 4363 E.
466 4311 590 4375 coligens.
