3008 4904
358 313 434 406 Di
457 310 623 401 &aaut
648 314 910 422 Θβῦῦὶΰὶῐῑηῆ.
1078 337 1081 342 ’
1139 338 1211 410 207

45 513 200 584 consistit,
222 523 253 572 et
274 530 398 587 semper
414 513 501 587 aquis
520 513 727 582 circumdatur,
746 523 796 571 aut
815 513 985 572 fluuialibus
1003 522 1054 571 aut
1072 513 1206 570 marinis.

48 599 86 656 ln
112 601 167 658 illa
184 601 266 660 enim
285 601 383 658 insula
400 601 485 674 virgo
504 610 606 658 sancta
624 602 782 660 ecclesiam
803 602 978 672 construxit,
999 611 1029 659 et
1050 619 1147 675 usque
1173 603 1211 658 ad

47 689 188 746 reditum
207 707 297 746 sunm
317 689 468 762 Brigidam
487 700 517 746 et
536 689 620 762 Luge
642 689 740 746 socias
764 707 834 748 suas
853 689 895 748 ibi
914 707 1039 748 manere
1057 689 1134 747 iecit.
1172 691 1212 747 Et

47 787 214 850 assumpta
244 777 345 834 Athea
373 777 498 850 virgine,
529 777 566 833 ad
601 786 718 850 patrem
751 777 888 848 Aluredi,
919 795 1009 851 quem
1043 787 1211 848 sanauerat,

49 883 200 936 pergens,
214 865 378 922 honorifice
390 874 531 938 suscepta
544 875 598 922 est.
637 865 676 922 Et
689 866 910 922 commendauit
923 865 950 922 ei
963 883 1017 924 rex
1036 866 1210 939 Athulphus
1226 877 1240 927 5

49 969 194 1008 sororem
220 970 306 1009 suam
327 952 483 1025 virginem,
505 952 645 1009 Editham
668 953 797 1021 nomine,
820 953 940 1010 Christo
965 955 1208 1022 consecrandam,

49 1039 200 1111 quatinus
212 1041 269 1098 sub
281 1041 346 1096 eius
359 1040 516 1112 disciplina
527 1041 558 1096 in
572 1041 675 1097 habitu
689 1039 907 1098 sanctimoniali
920 1040 969 1113 pia
982 1042 1142 1098 deuotione
1152 1043 1210 1097 deo

50 1126 257 1197 [deIsentire¹
277 1137 387 1199 posset
423 1127 558 1184 Tradidit
578 1127 620 1184 illi
640 1145 694 1184 rex
713 1138 824 1184 terram
844 1127 1004 1201 quantam*
1021 1128 1087 1202 ipsa
1104 1127 1207 1198 voluit,

51 1223 83 1271 et
111 1213 168 1270 vbi
192 1214 292 1287 elegit.
328 1214 473 1288 Tuncque
497 1214 582 1288 virgo
606 1223 710 1272 sancta
734 1217 794 1272 duo
819 1215 984 1272 construxit
1009 1217 1209 1273 monasteria:

49 1319 152 1358 vnum
172 1303 252 1375 apud
272 1301 466 1359 Pollesword’
484 1303 514 1358 in
533 1302 682 1370 Arderna,
703 1304 753 1360 vbi
772 1303 901 1360 Atheam
920 1321 988 1360 cum
1007 1321 1111 1361 sorore
1130 1303 1212 1376 regis
1230 1323 1259 1361 ιο

51 1405 186 1446 manere
205 1388 289 1459 secit3
309 1390 436 1448 alterum
455 1392 535 1463 apud
558 1390 784 1460 streneshalen,
806 1391 836 1446 in
857 1408 916 1464 quo
939 1391 1005 1464 ipsa
1024 1391 1210 1448 orationibus

51 1494 172 1534 vacans
183 1477 342 1550 aliquantis
351 1477 458 1536 diebus
467 1478 597 1535 solitaria
605 1479 724 1536 mansit.
793 1465 859 1535 Illis
871 1479 971 1552 itaque
984 1479 1090 1536 diebus
1104 1478 1213 1536 Editha

52 1580 147 1622 soror
159 1565 240 1638 regis
252 1564 369 1621 vocauit
381 1565 519 1623 Ositham
532 1565 679 1638 virginem
698 1574 729 1623 et
742 1565 816 1622 dixit
828 1565 872 1624 eit
893 1566 996 1624 ‘Vade
1009 1567 1046 1622 ad
1060 1567 1212 1624 dominam

53 1663 195 1710 nostram
216 1661 245 1708 et
264 1652 349 1710 deser
365 1653 392 1710 ei
409 1654 551 1711 volumen
570 1655 659 1724 istud,
679 1656 709 1710 in
730 1671 789 1727 quo
807 1653 904 1710 valeat
919 1653 1021 1726 legere
1037 1663 1067 1710 et
1087 1653 1213 1714 fortasse

53 1740 173 1812 aliquid
194 1748 297 1797 sancte
319 1741 577 1814 contemplationis
598 1741 753 1798 inuenire!
791 1741 858 1811 Que
880 1749 1004 1814 accepto
1027 1741 1103 1797 libro
1121 1742 1212 1814 profi·
1230 1755 1258 1806 15

55 1827 180 1886 ciscens
197 1829 236 1884 ad
254 1839 377 1900 pontem
396 1831 547 1902 quendam
563 1830 704 1902 ligneum,
717 1837 748 1885 et
766 1827 909 1885 fluctuum
922 1831 1154 1885 commotionem
1173 1847 1213 1885 ex

55 1916 183 1988 obliquo
206 1924 236 1973 et
257 1916 420 1989 improuise
443 1917 602 1990 aspiciens,
624 1919 731 1974 timore
753 1917 909 1988 perterrita
928 1924 1052 1989 repente
1072 1916 1214 1973 deorsum

57 2005 182 2070 corruit,
195 2012 226 2060 et
243 2004 339 2060 tribus
356 2004 464 2062 diebus
482 2023 515 2061 ac
534 2004 672 2062 noctibus
690 2004 721 2060 in
741 2002 891 2077 profundo
904 2002 1036 2060 lluminis
1049 2020 1117 2060 cum
1129 2004 1214 2059 volu·

56 2090 143 2148 mine
169 2090 309 2148 omnibus
332 2091 537 2164 ignorantibus
562 2091 736 2164 permansit
785 2091 934 2164 Apparuit
964 2098 1065 2147 autem
1088 2091 1214 2162 angelus

57 2177 177 2236 domini
203 2177 393 2248 Modwenna,
419 2180 450 2235 in
474 2180 549 2236 cella
573 2197 627 2236 sua
651 2180 758 2248 oranti,
780 2177 901 2235 dicens:
923 2177 1025 2234 ‘Vade
1046 2195 1114 2234 cum
1135 2177 1213 2234 sesti·
1230 2192 1261 2227 20

58 2265 187 2322 natione
219 2266 257 2322 ad
289 2265 421 2336 lluuium,
453 2266 565 2339 aliquid
601 2268 641 2322 ibi
682 2265 886 2324 necessarium
922 2267 1097 2337 operatura!
1147 2265 1214 2334 Que

58 2369 129 2409 cum
150 2353 341 2425 peruenisset
359 2355 397 2411 ad
417 2353 552 2422 fluuium,
565 2355 680 2410 inuenit
700 2354 740 2409 ibi
761 2353 901 2410 Editham
914 2352 1070 2425 virginem,
1084 2353 1220 2425 puellam

59 2439 203 2496 Ositham
226 2440 433 2512 queritantem.
472 2441 570 2512 Quam
594 2441 775 2497 Modwenna
794 2441 875 2498 velut
899 2439 1120 2512 expaucntem³
1143 2457 1213 2496 con·

59 2527 210 2594 siderans,
227 2527 267 2583 ait
285 2527 345 2585 illi:
366 2528 461 2598 ‘Quid
481 2537 537 2599 est,
559 2533 664 2586 soror?
686 2536 808 2584 rectene
829 2535 900 2584 sunt
920 2526 1056 2584 omnial’
1094 2525 1148 2584 Illa
1167 2544 1215 2583 re-

60 2615 204 2685 spondit:
232 2614 335 2684 ‘Ecce,
354 2615 458 2688 inquit,
475 2625 539 2673 tres
560 2616 625 2672 dies
649 2624 729 2683 sunt,
754 2615 883 2684 domina,
911 2632 950 2671 ex
976 2631 1036 2688 quo
1061 2613 1213 2670 transmisi
1232 2629 1260 2680 ²⁵

61 2700 203 2758 Ositham
215 2703 253 2758 ad
266 2713 313 2770 te;
332 2711 362 2760 et
374 2703 445 2760 veni
457 2721 586 2777 querere
597 2719 691 2776 quare
704 2720 765 2758 non
776 2702 987 2775 regrederetur
999 2702 1037 2757 ad
1050 2717 1106 2757 me.
1134 2701 1215 2757 Nun·

61 2790 133 2860 quid
152 2807 215 2845 non
235 2791 316 2862 apud
335 2799 365 2847 te
385 2793 468 2848 estl’
507 2789 544 2847 Et
564 2791 633 2848 illa:
654 2789 761 2858 ‘Vere,
781 2789 886 2862 inquit,
906 2807 965 2845 non
984 2789 1045 2845 vidi
1062 2805 1139 2855 eam,
1159 2806 1217 2847 nec

60 2876 146 2933 venit
165 2877 203 2932 ad
223 2879 289 2934 me.¹
335 2877 373 2934 Et
390 2877 565 2950 interrogati
583 2887 721 2950 pastores
739 2876 790 2949 qui
810 2893 904 2949 prope
922 2883 1018 2944 erent,
1037 2875 1063 2932 si
1085 2875 1215 2948 puellam

62 2963 196 3037 aliquam
216 2963 363 3022 vidissent
371 2964 390 3032 ⁴,
411 2967 651 3038 responderunt:
681 2965 922 3021 ‘Nudiustertius
939 2963 1069 3036 puellam
1092 2972 1215 3034 pontem

61 3051 229 3108 ascendere
247 3051 387 3120 vidimus,
406 3053 461 3110 sed
479 3069 539 3126 quo
558 3052 629 3109 abiit
648 3061 698 3110 aut
717 3069 777 3124 quo
795 3053 925 3121 deuenit,
944 3050 1086 3106 nimirum
1113 3067 1214 3107 curam
1230 3065 1263 3116 30

61 3147 190 3209 agentes
214 3139 252 3196 de
277 3140 436 3211 pecon'bus
458 3141 546 3198 etad
569 3139 626 3196 alia
649 3139 756 3196 intenti
774 3141 897 3211 penitus
918 3139 1109 3211 ignoramus!
1147 3137 1215 3206 Quo

62 3225 166 3282 audito
179 3234 281 3282 sancta
295 3225 477 3284 Modwenna
489 3228 529 3284 ait
541 3228 579 3284 ad
589 3226 745 3284 Editham:
766 3225 999 3299 ‘Deprecemur,
1009 3242 1095 3282 soror
1107 3225 1217 3282 charis·

63 3312 150 3381 sirna,
163 3313 328 3381 dominum,
339 3322 371 3371 vt
383 3314 499 3371 meritis
511 3314 646 3371 omnium
659 3322 831 3372 sanctorum
844 3329 967 3370 suorum
981 3313 1116 3370 restituat
1129 3313 1217 3370 nobis

64 3397 92 3454 in
112 3401 171 3457 hac
192 3399 266 3456 hora
286 3401 416 3474 puellam
437 3402 606 3474 perditam:
630 3411 662 3458 vt
682 3401 840 3458 videamus
861 3409 891 3457 et
912 3417 1130 3472 cognoscamus
1151 3400 1217 3458 eius

64 3487 232 3544 mirabilem
252 3489 424 3559 potentiam,
442 3497 472 3545 et
491 3489 697 3548 collaudemus
722 3488 754 3544 in
779 3497 958 3561 perpetuum
981 3487 1215 3544 misericordiam
1231 3501 1261 3550 35

64 3576 170 3632 suam!
219 3574 295 3631 Cum
313 3574 403 3648 igitur
426 3576 464 3633 ad
486 3585 597 3632 terram
616 3575 759 3632 inclinate
783 3576 833 3631 diu
861 3591 929 3632 cum
954 3573 1105 3632 lachrintis
1129 3577 1217 3632 ambe

64 3669 213 3728 orassent,
234 3660 423 3732 Modwenna,
437 3664 475 3720 ab
494 3663 628 3720 oratione
646 3680 784 3735 surgens,
797 3662 878 3718 clara
895 3679 969 3720 voce
989 3661 1084 3719 tn’bus
1102 3663 1217 3720 vicibus

65 3748 263 3808 exclamauit:
285 3745 417 3820 ‘Ositha,
430 3750 545 3819 Ositha,
559 3750 674 3817 Ositha,
687 3752 717 3806 in
736 3750 857 3806 nomine
875 3747 998 3806 sancte⁶
1015 3758 1045 3806 et
1063 3749 1217 3806 indiuidua

65 3835 205 3892 trinitatis
217 3835 287 3892 veni
305 3835 393 3906 foras,
406 3846 436 3894 et
452 3839 565 3914 dehoc
583 3837 714 3906 flumine,
728 3837 759 3893 in
776 3853 837 3909 quo
854 3837 1014 3893 submersa
1030 3853 1072 3906 es,
1085 3853 1141 3909 per
1157 3835 1216 3892 vir·

65 3930 161 3980 tutem
181 3923 337 3996 potestatis
361 3923 456 3996 ipsius
475 3915 535 3982 vite
558 3929 702 3992 restituta,
727 3935 802 3981 sana
826 3933 856 3980 et
881 3923 1040 3980 incolumis
1063 3927 1217 3994 emergas!
1231 3934 1263 3983 40

69 4008 203 4067 Necdum
217 4010 307 4083 plene
324 4013 416 4071 verba
433 4012 560 4080 linierat,
572 4022 602 4069 et
621 4029 691 4070 ecce
704 4011 804 4084 puella
822 4013 860 4067 de
879 4009 971 4068 fluuio
984 4027 1051 4068 cum
1063 4011 1215 4068 volumine

68 4093 152 4156 illeso
165 4097 284 4170 prodiit,
297 4107 328 4156 et
345 4098 424 4156 trina
440 4098 506 4158 vice
524 4117 666 4158 sermone
684 4099 820 4156 absoluto
839 4097 1014 4170 respondit:
1035 4097 1132 4154 ‘Ecce
1150 4115 1216 4171 ego,

98 4299 274 4362 *numne
364 4297 563 4364 ¹T.quantum.
656 4297 949 4363 ’Texpauaeentm
1032 4295 1215 4348 ‘Evidisset

72 4359 81 4389 ⁵
95 4365 122 4416 E.
133 4367 160 4415 in
172 4373 262 4416 sancte
274 4365 388 4416 nomine.
