3012 4898
424 303 501 400 Du
526 301 691 394 smum
716 304 913 408 tunultu
1177 330 1247 406 315

95 505 224 580 capillos
242 515 408 566 retrorsum
426 515 520 566 tracta
538 507 746 582 repellebatur,
767 516 797 566 et
818 525 837 566 a
854 517 958 568 smcto
976 507 1041 566 loco
1059 507 1249 568 inuisibiliter

94 595 320 653 excludebatur.
356 594 493 652 Tandem
514 597 552 653 ad
572 613 606 654 se
627 594 749 654 rediens
770 604 800 654 et
820 605 936 656 reatum
957 613 1046 654 suum
1070 613 1248 670 agnoscens,

94 691 168 740 ante
180 683 283 754 altare,
295 683 376 757 quod
388 682 430 742 ibi
443 691 516 752 erat,
529 681 607 740 flens
623 691 654 740 et
670 683 786 742 eiulam
802 701 837 742 se
854 683 988 757 proiecit,
1000 693 1031 742 et
1047 682 1124 742 tacta
1135 683 1246 742 ibidem

96 771 242 841 oratione,
255 769 387 828 surrexit
401 778 432 828 et
444 770 608 828 monachos
619 771 755 842 ecclesie,
768 779 800 830 vt
812 789 868 846 pro
880 772 1003 829 domino
1019 789 1075 828 suo
1091 789 1125 828 ac
1141 789 1196 845 pro
1213 789 1248 830 se

95 859 136 914 ad
149 858 241 915 deum
263 875 370 931 preces
388 857 559 926 funderent,
576 858 763 918 lachrimosis
781 859 960 932 singultibus
979 858 1123 916 exorauit.
1159 858 1247 929 Quod
1262 877 1277 930 5

96 961 168 1002 curn
192 945 344 1017 fecissent,
369 945 482 1021 pietas¹
505 945 606 1004 diuina
628 947 726 1004 virum
750 945 816 1006 eius
839 947 879 1004 de
903 947 1018 1004 obiecto
1042 947 1099 1004 sibi
1123 945 1248 1004 crimine

96 1032 191 1090 nimis
210 1035 402 1106 perterritum
423 1034 551 1092 liberum
570 1033 678 1094 effecit.
716 1034 893 1110 Propulsato
913 1051 986 1092 vero
1011 1034 1117 1093 timore
1141 1033 1249 1092 mulier

96 1120 160 1178 leta
171 1121 278 1179 effecta
293 1123 428 1180 redditur
445 1139 560 1193 secura,
573 1121 737 1195 vitiumque
750 1124 796 1179 cui
811 1123 862 1180 diu
879 1123 1067 1181 subiacuerat
1081 1139 1142 1181 non
1157 1122 1248 1180 relin-

95 1209 209 1282 quitur,
230 1209 322 1268 immo
347 1209 522 1284 frequenter
544 1210 747 1280 committitur,
769 1228 826 1268 nec
851 1211 889 1268 de
913 1211 1023 1268 violata
1048 1209 1262 1285 promissione¹

96 1295 268 1354 concutitur
277 1299 443 1356 necomnia
449 1296 752 1356 videnti¹confitetur.
774 1298 966 1372 Quapropter
977 1297 1101 1356 immani
1114 1298 1247 1372 corporis
1264 1319 1294 1356 ιο

96 1385 272 1442 infirmitate
284 1387 342 1442 deo
353 1387 473 1444 volente
487 1385 659 1460 percutitur,
668 1395 699 1444 et
711 1387 749 1443 ad
758 1395 894 1444 extrema
906 1387 1086 1460 perducitur.
1111 1385 1181 1444 Vite
1194 1403 1248 1444 sue

96 1470 250 1545 desperat,
262 1476 410 1546 gemebat,
422 1475 560 1548 patiebat,
573 1475 661 1547 longa
678 1474 808 1548 suspiria
825 1475 979 1543 educebat,
991 1483 1021 1534 et
1039 1473 1111 1548 quid
1130 1474 1248 1542 laceret,

95 1575 157 1631 quo
176 1577 210 1617 se
230 1570 360 1619 verteret
379 1563 540 1621 nesciebat.
576 1561 657 1620 Vidit
675 1563 751 1620 hanc
770 1562 821 1636 qui
839 1561 941 1620 omnia
958 1561 1048 1632 videt,
1066 1573 1096 1620 et
1115 1562 1249 1636 respexit

94 1663 175 1716 earn,
195 1665 270 1721 sepe
288 1659 479 1723 contemptus
500 1651 538 1707 ab
557 1667 602 1708 ea
639 1649 743 1724 Itaque
760 1659 865 1708 vocato
882 1648 1025 1723 episcopo
1044 1649 1142 1706 scelus
1160 1667 1247 1706 suum

95 1732 237 1791 consessa
249 1745 313 1808 est;
333 1736 383 1810 qui
395 1737 436 1794 ait
448 1757 456 1796 ε
477 1736 528 1796 ‘In
540 1737 643 1795 vltimo
655 1739 716 1797 vite
734 1738 857 1796 articulo
871 1739 970 1811 posita
981 1753 1037 1811 per
1049 1737 1246 1810 penitentiam
1264 1760 1291 1809 ¹⁵

96 1821 272 1881 satisfacere
290 1841 350 1881 non
364 1825 468 1883 vales:
488 1835 648 1900 propterea
666 1828 724 1884 deo
742 1825 882 1901 promitte
901 1825 981 1898 quod
1000 1834 1156 1897 peccatum
1174 1823 1247 1882 illud

97 1911 229 1984 amplius
254 1929 314 1970 non
338 1914 516 1986 committas,
540 1923 571 1971 et
595 1916 675 1988 quod
700 1914 892 1989 sepulchrum
918 1912 1013 1971 sancti
1039 1912 1154 1969 Paulini
1178 1929 1247 1970 cum

97 1998 250 2056 oblatione
268 2000 377 2058 deuote
395 2001 509 2060 adibis’
547 2003 600 2059 Illa
618 2001 792 2076 respondit:
813 2001 917 2072 ‘Quod
935 1999 1075 2074 precipis,
1088 2017 1204 2069 mones,
1216 2009 1247 2058 et

97 2082 237 2154 hortaris,
262 2101 312 2141 me
334 2085 526 2159 impleturam
550 2087 709 2160 promitto:
735 2086 816 2144 etsi
840 2087 946 2143 beatus
971 2083 1113 2142 Paulinus
1137 2100 1247 2141 munus

97 2187 200 2227 meum
214 2175 389 2246 susceperit,
400 2172 520 2230 veniam
539 2191 557 2231 a
574 2175 632 2233 deo
648 2191 698 2232 me
715 2175 880 2248 promereri
899 2189 989 2246 posse
1006 2187 1201 2245 cognoscam
1221 2171 1293 2229 siaa

97 2275 172 2315 vero
190 2259 346 2333 suscipere
365 2263 506 2332 renuerit,
519 2262 612 2319 sciam
630 2261 704 2320 mihi
722 2260 880 2320 imminere
899 2275 1009 2334 penam
1028 2269 1162 2318 eternam
1180 2258 1247 2317 sine

98 2345 178 2403 fine!
213 2346 371 2405 Conualuit
382 2349 498 2419 mulier,
510 2349 633 2424 pallium
647 2367 739 2407 vnum
751 2350 832 2423 quod
845 2349 972 2406 habebat
985 2346 1130 2421 optimum
1143 2354 1247 2405 sancto

96 2433 204 2491 obtulit
227 2443 257 2491 et
281 2436 476 2509 sepulchrum
500 2437 565 2496 eius
589 2437 661 2494 inde
684 2437 809 2510 operuit.
859 2435 971 2494 Munus
1001 2435 1082 2493 enim
1112 2435 1247 2492 mulieris

97 2529 221 2579 sanctus
233 2525 374 2597 suscepit,
384 2525 434 2597 qui
447 2526 531 2598 prius
544 2525 698 2599 suscipere
710 2523 858 2598 despexit.
896 2523 963 2581 Non
974 2522 1056 2582 enim
1070 2521 1248 2580 munemun⁸

96 2609 235 2666 distinxit
267 2611 474 2684 quantitatem,
503 2613 558 2670 sed
594 2611 747 2671 diuersam
777 2610 903 2670 attendit
931 2610 1021 2670 vnius
1050 2609 1246 2684 eiusdemque
1261 2625 1291 2676 25

94 2697 232 2756 mulieris
249 2699 432 2772 qualitatem.

568 2861 593 2923 ll
611 2859 775 2918 Narratr'o‘.

135 2967 208 3036 Fuit
223 2979 254 3037 in
267 2979 452 3038 Alexandria
462 2981 547 3056 virgo
560 2981 681 3040 nomine
696 2981 874 3040 Eusrosina:
893 2997 984 3054 quam
1001 2997 1070 3038 cum
1083 2987 1170 3054 pater
1180 2979 1246 3037 eius

94 3068 187 3125 vellet
211 3069 324 3142 nuptiis
348 3071 476 3141 tradere,
500 3069 549 3126 illa
579 3069 758 3126 monachum
787 3069 937 3144 quendam
965 3069 1070 3125 adiens
1098 3067 1182 3140 petiit
1211 3085 1246 3128 se

95 3155 198 3213 doceri
210 3173 247 3212 ea
259 3175 317 3230 que
330 3157 379 3214 dei
390 3165 469 3215 sunt
505 3156 560 3214 Cui
573 3157 641 3216 ille:
661 3157 711 3215 ‘Si
723 3165 812 3230 potes
824 3163 1040 3229 temptamenta
1049 3153 1147 3212 carnis
1156 3155 1245 3226 serre,

95 3243 232 3317 relinque
257 3244 359 3301 omnia
382 3254 412 3302 et
433 3245 520 3318 suge,'
540 3253 569 3302 et
593 3245 753 3303 abscidens
776 3243 877 3302 ennea
901 3245 976 3314 eius,
995 3243 1090 3300 induit
1114 3243 1244 3299 tunicam
1258 3253 1291 3302 30

93 3329 161 3399 viri,
186 3340 216 3388 et
237 3331 471 3405 ‘Smaragdum’
491 3349 558 3389 eam
578 3332 704 3389 uocauit.
740 3332 809 3403 Que
834 3331 980 3389 simulans
1005 3348 1039 3388 se
1064 3331 1245 3399 eunuchum,

95 3417 313 3476 monasterium
325 3419 455 3477 intrauit.
493 3419 637 3477 Diabolus
649 3437 721 3477 vero
739 3420 849 3476 multos
865 3418 1031 3476 concitabat
1049 3419 1086 3475 ad
1104 3419 1245 3476 decorem

93 3505 197 3563 vultus
209 3507 274 3564 eius
287 3524 344 3580 per
355 3508 450 3564 malas
462 3506 666 3580 cogitationes,
675 3507 715 3564 ita
723 3515 755 3564 rt
768 3523 876 3564 omnes
889 3505 1007 3563 molesti
1020 3514 1124 3564 essent
1136 3505 1244 3576 abbati,

93 3593 147 3666 qui
174 3593 267 3651 talem
291 3593 544 3667 pulchritudinem
570 3594 600 3652 in
625 3595 842 3652 monasterium
868 3593 1091 3651 introduxisset.
1137 3592 1176 3650 Et
1204 3594 1244 3650 ait

93 3682 208 3738 abbas:
228 3681 439 3739 ‘Pulchritudo
455 3691 506 3738 tua
522 3681 664 3740 iratribus
680 3681 808 3739 infirmis
823 3679 876 3738 111ι
887 3681 992 3738 ruina:
1011 3681 1079 3738 volo
1091 3689 1122 3737 te
1136 3681 1243 3738 sedere
1258 3693 1288 3744 35

94 3769 127 3826 in
147 3769 221 3826 cella
238 3777 289 3827 tua
307 3769 407 3844 ibique
425 3770 557 3843 psallere
576 3769 630 3843 [et]
649 3771 840 3838 manducare,
860 3785 1013 3842 nunquam
1034 3771 1243 3841 egressurum!

95 3857 283 3930 Smaragdus
312 3873 386 3930 ergo
408 3855 566 3931 ingressus
590 3857 705 3929 cellam,
726 3857 844 3930 vigiliis,
863 3855 991 3924 ieiuniis,
1009 3864 1040 3914 et
1061 3854 1244 3912 orationibus

92 3947 225 4003 vacabat.
261 3945 397 4018 Cumque
408 3948 527 4019 quesita
539 3954 621 4002 esset
634 3963 690 4018 per
701 3955 793 4003 totam
806 3943 1034 4013 Alexandriam,
1047 3952 1078 4000 et
1094 3959 1243 4016 nusquam

91 4035 284 4092 inuenientes
302 4050 380 4102 eam,
397 4033 540 4106 lugebant
560 4031 647 4107 quasi
666 4042 814 4090 mortuam
833 4048 966 4106 sponsus
985 4047 1139 4104 sponsam,
1157 4039 1244 4105 pater

92 4121 194 4180 liliam
231 4121 321 4179 Pater
337 4137 411 4179 vero
429 4138 490 4178 non
510 4120 612 4180 lerens
629 4121 765 4178 dolorem
783 4136 880 4190 suurn,
898 4119 981 4178 venit
998 4119 1036 4177 ad
1054 4119 1194 4176 abbatem
1213 4127 1243 4176 ct
1256 4136 1289 4186 40

91 4210 206 4270 cadens
217 4209 256 4266 ad
268 4209 365 4282 pedes
377 4207 442 4266 eius
454 4209 545 4267 dixit:
565 4207 657 4268 ‘Peto
669 4225 708 4266 ne
720 4223 826 4266 cesses
838 4223 925 4266 orare
937 4206 1094 4265 dominum
1111 4223 1167 4280 pro
1183 4205 1244 4264 lilia

124 4309 182 4362 ι’1“.
196 4310 226 4362 tt.
237 4317 266 4360 ct
277 4325 302 4373 p.
390 4308 447 4362 ¹1.
457 4311 564 4362 uiuenti.
650 4309 863 4361 'nnmerum
950 4306 1176 4359 ‘EthueBell
1185 4306 1243 4358 XV.

91 4379 131 4442 7⁶·
198 4375 424 4429 tumtunm
