3044 4894
286 315 334 386 66
599 309 730 398 slata
755 305 946 414 lesmor
971 307 1122 414 annila

287 511 428 568 attentius
452 510 616 569 obseruari.
652 511 749 569 'sante
770 511 861 570 etiam
883 513 1058 570 humilitatis
1080 511 1270 569 firmamento
1294 511 1439 570 fundatus

288 599 404 670 c[ra]t¹,
423 608 454 656 vt
477 599 570 656 diuini
591 599 705 657 semitii
729 616 892 656 consonam
917 601 1120 673 simphoniam
1141 617 1211 656 cum
1235 602 1320 656 omni
1338 601 1439 656 cordis

286 685 452 744 intentione
482 687 687 760 persoluens¹,
714 690 918 760 cuiuscunque
947 688 1071 745 alterius
1100 705 1203 744 curam
1239 690 1311 744 totis
1346 688 1438 745 enirm

286 775 441 832 conatibus
466 785 495 832 et
520 775 672 832 exercitiis
696 775 830 832 studiose
860 775 1065 848 perimpleret.
1101 777 1200 846 Quem
1226 775 1361 832 nominis
1393 776 1437 832 sui

257 863 438 934 seignaculo
459 871 538 920 tanta
558 863 693 938 vicinalis
713 863 807 935 gratie
828 863 958 936 signauit
978 863 1118 934 affinitas,
1136 865 1218 936 quod
1238 864 1437 920 mundialium

285 950 426 1008 curialem
451 950 612 1019 incessum,
632 951 807 1008 humilitatis
831 950 933 1024 stipite
955 953 1112 1018 radicatus,
1133 951 1253 1024 penitus
1277 952 1438 1009 recusauit.

285 1037 428 1095 Virtualis
448 1039 537 1112 igitur
555 1038 708 1112 dignitatis
728 1039 854 1095 dextera
875 1037 1068 1110 presignitus,
1088 1038 1275 1111 precentoris
1283 1038 1304 1108 ⁸,
1324 1041 1437 1096 elemo-

284 1125 395 1196 sinarii,
425 1135 455 1183 et
487 1126 655 1199 supprioris
684 1143 772 1183 curas
803 1125 1009 1183 ordinabiliter
1039 1127 1233 1198 dispensauit
1282 1128 1333 1183 Ab
1372 1127 1438 1184 aliis

284 1213 406 1286 quidem
433 1213 547 1284 officiis,
575 1214 683 1287 quibus
714 1213 814 1272 fluxus
845 1213 997 1270 seculares
1027 1222 1234 1287 tempestuose
1260 1214 1437 1284 influebant,

240 1315 271 1356 to
284 1300 383 1375 ipsum
405 1303 442 1358 ad
463 1311 583 1374 tempus
607 1303 727 1359 celestis
749 1300 984 1374 dispensationis
1004 1319 1112 1359 manus
1132 1301 1346 1375 s[c]eptrigera
1370 1321 1437 1376 pre·

284 1391 426 1458 semauit,
446 1407 485 1446 ne
506 1407 562 1462 per
580 1389 685 1446 labiles
704 1389 857 1462 lapsomm
877 1389 996 1446 labores
1017 1388 1135 1446 nouitas
1156 1391 1272 1456 mentis,
1292 1389 1436 1448 virtutum

283 1477 429 1549 progenie
448 1485 617 1550 perornata,
637 1476 711 1533 false
730 1477 898 1534 dilectionis
916 1479 1114 1550 degeneraret
1132 1477 1163 1533 in
1182 1479 1331 1534 tenebras
1371 1479 1437 1535 Sic·

282 1581 342 1636 que
373 1573 523 1636 protector
547 1564 800 1637 promptissimus,
831 1565 896 1621 Noe
924 1581 1108 1638 prescruans
1140 1566 1179 1621 de
1209 1565 1329 1633 diluuio,
1356 1565 1437 1622 Loth

282 1652 322 1708 de
335 1652 437 1708 celesti
452 1651 598 1720 incendio,
614 1651 698 1709 Isaac
715 1653 753 1708 de
770 1653 947 1710 imminente
964 1653 1072 1726 gladio,
1088 1651 1198 1726 loseph
1212 1654 1250 1709 de
1263 1653 1438 1727 calumpnia

239 1753 268 1805 15
283 1739 417 1797 mulieris
435 1749 466 1797 et
483 1740 618 1797 custodia
636 1739 775 1805 carceris,
790 1739 918 1813 Moysen
937 1742 974 1797 ab
995 1739 1141 1813 Egyptiis
1156 1739 1241 1796 Raab
1259 1742 1297 1797 dc
1316 1742 1438 1798 excidio

283 1827 422 1897 ciuitatis,
455 1827 559 1884 lonam
590 1845 608 1884 a
638 1827 772 1900 periculo
802 1827 1030 1898 submersionis,
1057 1828 1228 1885 Susannam
1259 1846 1276 1885 a
1306 1829 1437 1886 testibus

283 1914 374 1986 falsis,
389 1915 545 1972 Danielem
563 1934 581 1972 a
599 1915 744 1984 leonibus,
758 1925 821 1972 tres
838 1933 949 1988 pueros
968 1917 1006 1972 ab
1025 1915 1161 1989 ignibus;
1184 1925 1245 1972 tam
1264 1917 1437 1989 regularem

281 2003 403 2062 uiuendi
422 2004 580 2060 formulam
601 2021 618 2060 a
638 2013 785 2078 potestate
805 2003 950 2061 sevientis
974 2003 1067 2061 seculi
1093 2003 1219 2061 feliciter
1236 2007 1437 2077 preseruauit.

284 2079 407 2150 Interea
425 2101 616 2149 accrescente
635 2102 718 2149 tante
736 2092 876 2148 bonitatis
890 2093 968 2148 fama
980 2092 1092 2150 volatili
1107 2110 1163 2166 per
1179 2093 1311 2166 regionis
1330 2095 1436 2166 spacia

236 2192 268 2232 ²0
281 2181 434 2253 ampliora,
466 2180 588 2253 contigit
619 2179 794 2237 monasterii
824 2180 1010 2254 prepositum
1042 2182 1072 2237 in
1104 2197 1212 2238 manus
1250 2179 1436 2239 confratrum

281 2269 432 2342 prioratus
456 2268 586 2324 officium
614 2269 786 2341 resignare:
807 2268 944 2341 Cumque
963 2268 1079 2325 validus
1098 2268 1231 2325 omnium
1250 2277 1437 2343 mutuusque

282 2373 451 2414 consensus
478 2372 535 2429 per
558 2373 649 2412 voces
677 2356 811 2429 singulas
842 2357 937 2412 sancti
967 2355 1140 2429 spiraminis
1170 2355 1373 2413 insufflatione
1406 2360 1436 2416 in

280 2445 381 2516 ipsum
398 2443 594 2512 confluerent,
608 2454 668 2501 tam
688 2444 864 2501 catholicum
883 2444 933 2500 dei
951 2444 1093 2500 athletam
1113 2443 1236 2515 dignum
1255 2453 1437 2516 reputarunt

281 2540 312 2587 et
323 2531 423 2588 debita
435 2530 591 2588 electionis
605 2531 700 2588 forma
713 2532 879 2604 elegerunt,
893 2531 966 2588 tanti
980 2531 1081 2588 oneris
1096 2541 1276 2603 supportare
1290 2531 1436 2590 laborem.

236 2630 266 2679 ²5
282 2618 349 2688 Qui,
363 2630 452 2692 prout
465 2618 533 2675 fuit⁴
546 2619 652 2693 spiritu
666 2619 858 2689 humillimus,
871 2619 969 2675 taliter
981 2636 1161 2692 responsum
1175 2621 1323 2675 exarauit:
1339 2620 1435 2690 ‘Quid

280 2706 432 2780 pigmeam
457 2707 700 2765 insufficientiam
727 2707 895 2781 proponitis
919 2707 1036 2780 erigere
1060 2709 1091 2763 in
1116 2717 1295 2764 structuram
1323 2709 1435 2766 edificii

280 2793 435 2850 militantis
460 2795 608 2852 ecclesie?
646 2795 725 2865 Quid
751 2796 883 2852 cecitatis
907 2796 1008 2852 abisso
1033 2796 1224 2852 submersum
1253 2794 1436 2854 existimatis

281 2883 405 2938 hostiles
424 2883 567 2940 excubias
586 2883 746 2940 oculariter
758 2885 938 2955 previdere?
975 2882 1054 2953 Quid
1074 2900 1179 2940 canem
1199 2893 1360 2954 mortuum,
1374 2903 1434 2942 non

280 2979 435 3042 potentem
457 2971 574 3041 latrare,
594 2971 704 3044 putatis
726 2972 865 3044 luporum
888 2970 1050 3028 insidiosas
1070 2971 1200 3028 cautelas
1221 2970 1436 3045 confringere?

235 3069 267 3120 ³0
282 3059 434 3132 Numquid
453 3059 553 3117 debite
571 3059 849 3132 circumspectionis
867 3059 961 3115 oculis
980 3059 1146 3131 preuidetis
1164 3059 1243 3131 quod
1262 3059 1293 3114 in
1313 3059 1434 3118 defectu

280 3145 444 3203 cinctorie⁶
460 3147 646 3204 defensionis
658 3149 777 3203 vineam
793 3146 906 3202 domini
919 3146 1096 3202 fraudulenti
1111 3147 1217 3218 vulpes
1230 3147 1437 3206 demoliuntur

280 3242 310 3290 et
334 3236 515 3291 destruunt?
552 3233 646 3306 Igitur
670 3234 822 3291 mortifera
847 3235 931 3291 clade
954 3233 1123 3307 ignorantie
1147 3233 1307 3304 inuolatus,
1328 3253 1435 3308 quam·

279 3338 369 3392 quam
382 3321 543 3394 columpne
556 3322 663 3394 ligatus
676 3321 863 3395 diuersisque
877 3321 1027 3394 supplitiis
1046 3322 1199 3388 laceratus,
1213 3320 1322 3393 prefati
1343 3323 1434 3382 officii

280 3425 340 3463 non
363 3419 549 3481 acceptarem
572 3409 731 3466 excubias.'
770 3410 886 3480 Quibus
911 3410 1113 3467 excusationis
1134 3409 1226 3466 titulis
1245 3409 1275 3465 in
1296 3412 1433 3470 medium

234 3513 265 3564 35
279 3496 446 3568 diuulgatis,
467 3497 498 3552 in
520 3497 610 3554 alium
631 3497 779 3570 publicata
799 3507 845 3555 est
866 3499 1012 3554 stabilitas
1033 3497 1198 3554 electionis.
1234 3497 1335 3566 Quem
1358 3500 1435 3557 infra

280 3584 405 3640 breuem
431 3601 578 3640 annorum
604 3586 824 3642 reuolutionem
844 3585 982 3658 portione
1007 3584 1125 3642 mortali
1146 3585 1230 3641 clade
1251 3602 1433 3656 percussum

278 3671 458 3743 pestilentie,
471 3689 562 3740 mors,
576 3673 707 3730 humane
719 3673 898 3731 conditionis
911 3673 1105 3744 deuastatn'x,
1117 3673 1283 3746 vital[em]⁸
1303 3675 1434 3749 disposi-
1513 3739 1514 3742 Ἴ

278 3759 390 3816 tionem
417 3760 600 3832 compescuit
625 3779 843 3818 consummare.
881 3761 994 3818 Volens
1016 3761 1105 3835 igitur
1129 3763 1260 3818 increate
1282 3763 1433 3834 sapientie

277 3847 466 3921 prouidentia
495 3847 635 3904 salutaris
665 3849 829 3918 lucernam,
854 3850 929 3906 tanti
954 3849 1076 3907 luminis
1107 3848 1272 3922 fulgoribus
1297 3852 1434 3926 vndique
1513 3875 1514 3924 ;

232 3961 265 4012 40
277 3937 498 4010 perlustratam,
522 3935 666 3993 virtutum
684 3937 840 3994 vernantia
865 3939 1011 3994 mundare
1033 3937 1165 3994 maculas
1186 3937 1385 3996 tenebrarum
1405 3949 1434 3998 el

277 4024 353 4081 lucis
377 4043 433 4082 sue
454 4023 554 4081 radios
574 4023 667 4080 oculis
687 4027 861 4096 expandere
886 4025 1079 4094 mortalibus,
1098 4026 1230 4082 secunda
1246 4022 1314 4080 vice
1336 4026 1434 4085 libera

277 4111 460 4169 confratrum
483 4112 669 4185 singulorum
687 4112 839 4169 voluntate
858 4112 889 4168 in
908 4114 1035 4185 gradum
1052 4113 1213 4187 pristinum
1233 4113 1435 4186 solempniter

276 4209 324 4258 est
336 4199 459 4269 electus,
473 4201 594 4256 domino
607 4199 725 4271 singula
736 4200 941 4273 dispensante.
970 4199 1029 4271 Qui
1042 4200 1187 4273 ponderis
1199 4199 1433 4261 intollerabilem

309 4305 318 4334 ¹
336 4305 365 4353 E.
378 4313 424 4355 est
549 4304 559 4334 ¹
577 4305 606 4356 E.
621 4305 785 4368 persolueris.
912 4305 922 4336 ¹
940 4307 968 4357 E.
981 4307 1150 4372 pretentoris.
1275 4304 1284 4336 ⁴
1304 4306 1334 4358 E.
1348 4308 1435 4360 fuerit.

276 4369 287 4400 ⁸
305 4369 334 4423 Ε.
349 4370 462 4421 tintorie.
561 4369 572 4399 ⁸
588 4371 618 4421 E.
631 4372 699 4423 vitat
