3036 4878
104 253 171 307 ns.
187 254 305 308 nubta·
319 257 389 324 an]
420 239 618 341 tubantis
645 239 705 330 ᾗ.
723 239 957 345 ltuutnctit'.
1192 266 1263 340 727

104 440 294 512 promittebat
303 459 333 499 se
341 459 424 514 opem
432 443 505 500 illius
515 446 607 500 uxori:
621 445 672 500 sed
681 445 723 500 uir
731 459 835 516 magne
843 447 906 502 fidei
915 446 1103 518 respondebat
1110 447 1264 502 absurdum

104 541 177 580 esse
189 525 218 579 in
231 525 355 597 quolibet
370 527 538 593 Christiano,
551 529 592 585 sui
606 546 701 584 curam
714 530 838 601 corporis
851 530 955 586 infideli
969 529 1150 586 committere.
1186 532 1264 585 Sane

104 608 188 663 beati
203 609 334 665 Guthlaci
347 611 462 682 experiri
475 612 643 682 disponebat
655 612 795 682 auxilium,
809 614 884 684 apud
897 631 981 684 quem
993 613 1117 669 fidelium
1130 612 1262 669 deuotio¹

103 691 227 761 plenum
248 704 276 748 et
298 693 511 750 indubitabilem
530 695 699 752 sortiebatur
717 697 856 752 effectum.
895 700 982 754 Suam
1001 696 1096 768 itaque
1114 696 1262 766 coniugem

105 774 179 830 illuc
192 777 287 832 duxit:
307 777 402 848 quein
419 778 516 849 primis
532 779 726 835 uehementius
746 780 828 834 solito
844 791 946 835 uexata
963 771 1020 848 est,
1028 780 1069 835 ita
1085 791 1115 836 ut
1131 781 1178 851 qui
1197 798 1290 848 eum5

103 875 145 913 ea
166 871 302 915 uenerant
314 878 425 932 prorsus
442 864 478 918 de
496 863 556 918 eius
573 862 802 919 conualescencia
817 864 1006 934 desperarent.
1041 865 1262 935 Verumptamen

104 941 114 970 ⁴
126 942 262 998 dominus
279 955 408 999 sanctum
421 963 502 1000 suum
514 946 705 1002 mirilicauit':
725 955 753 1001 et
767 963 803 1000 ne
815 947 905 1002 fidelis
918 947 964 1002 ille
976 964 1027 1002 suo
1039 948 1177 1003 desiderio
1189 948 1261 1002 frau-

103 1025 235 1096 daretur,
256 1043 325 1082 uxor
349 1027 423 1084 illius
445 1045 561 1100 compos
583 1047 633 1085 sue
652 1029 756 1086 mentis
777 1030 884 1100 effecta,
904 1032 959 1086 deo
979 1031 1089 1100 gracias
1110 1031 1213 1098 retulit,
1233 1040 1261 1086 et

105 1108 138 1162 in
164 1109 247 1165 beato
267 1111 410 1168 Guthlaco
433 1114 618 1182 magnificans
638 1115 731 1181 deum,
751 1131 821 1169 sana
846 1124 874 1170 et
899 1114 1047 1170 incolumis
1069 1113 1204 1171 remeauit
1222 1114 1260 1170 ad

102 1207 231 1263 propria.
1275 1217 1305 1255 ro

112 1321 178 1448 IN
193 1324 258 1379 villa
270 1326 306 1381 de
319 1327 431 1394 Stocha,
441 1327 557 1398 quidam
569 1328 662 1384 medie
674 1347 775 1384 manus
788 1329 859 1385 inter
869 1328 1055 1385 conuicaneos
1066 1347 1130 1384 suos
1142 1329 1260 1383 honeste

186 1409 406 1466 conuersationis
424 1429 475 1482 pro
494 1429 545 1467 suo
565 1412 681 1468 modulo
702 1413 851 1484 precipuus
872 1414 1036 1469 habebatur.
1075 1413 1167 1468 Huius
1187 1403 1259 1467 oculi

105 1502 243 1562 ceperant
261 1493 399 1564 caligare;
429 1495 474 1566 qui
495 1496 610 1550 tandem
633 1497 763 1552 tenebras
783 1495 1000 1567 profundissime
1022 1497 1145 1552 cecitatis
1168 1496 1260 1553 incur·

104 1592 184 1644 rens,
209 1586 237 1630 et
263 1576 357 1632 dolore
384 1577 471 1634 nimio
501 1579 687 1646 intabescens,
712 1598 730 1634 a
758 1590 852 1635 mente
880 1581 1017 1635 alienatus
1045 1590 1094 1636 est.
1132 1582 1259 1652 Cumque

106 1677 225 1714 vxorem
246 1670 275 1715 et
296 1659 367 1716 filios
388 1679 423 1716 ac
441 1662 622 1733 semetipsum
641 1661 755 1718 efferate
775 1661 878 1718 seuicie
895 1680 993 1728 morsu,
1009 1673 1160 1734 appeteret,
1181 1652 1258 1719 Croi·
1273 1672 1301 1722 15

104 1743 234 1798 landiam
252 1743 362 1800 vinctus
380 1746 535 1815 aduehitur,
554 1763 588 1801 ac
609 1747 693 1800 beato
716 1747 855 1802 Guthlaco
876 1747 913 1800 ab
931 1746 1029 1802 amicis
1048 1757 1076 1802 et
1094 1747 1258 1817 parentibus

104 1837 292 1898 presentatur.
331 1830 523 1885 Inclamabant
541 1840 569 1886 et
584 1830 764 1884 inclamando
778 1830 931 1885 monebant
948 1839 978 1885 ut
993 1829 1136 1886 inuocaret
1152 1847 1257 1885 nomen

105 1910 213 1966 domini
237 1912 301 1967 lesu
324 1913 437 1982 Christi,
460 1924 487 1969 et
508 1913 583 1969 beati
607 1913 737 1970 Guthlaci
758 1913 890 1983 suffragia
911 1912 1079 1984 imploraret.
1118 1913 1168 1968 llle
1190 1930 1257 1968 uero

106 2010 166 2050 non
197 1996 288 2051 solum
319 1997 519 2066 corporalibus,
547 1997 597 2053 sed
624 1995 808 2067 periculosius
834 1997 955 2051 racionis
984 1996 1071 2052 oculis
1098 1995 1257 2064 destitutus,

103 2079 297 2147 respondebat
321 2096 351 2134 se
376 2079 491 2135 omnino
512 2079 618 2135 nescire
641 2079 799 2148 Christum
828 2097 858 2134 se
879 2080 989 2150 penitus
1013 2079 1141 2149 ignorare
1166 2080 1255 2134 Guth·
1271 2095 1301 2130 ro

104 2162 208 2215 lacurn.
245 2163 271 2216 Ο
297 2179 381 2233 quam
406 2181 511 2234 magna
532 2162 681 2218 multitudo
700 2162 857 2219 dulcedinis
879 2174 933 2230 tue,
955 2164 1041 2218 deus:
1070 2179 1135 2218 num
1157 2163 1194 2217 ad
1215 2163 1255 2217 tui

104 2243 205 2298 merita
217 2245 394 2313 confessoris,
407 2257 435 2302 et
447 2247 484 2301 ad
496 2263 594 2301 eorum
608 2246 775 2300 instanciam
788 2246 835 2317 qui
848 2247 950 2301 deuote
966 2264 1017 2318 pro
1035 2245 1137 2301 misero
1152 2247 1255 2317 suppli·

104 2329 220 2396 cabant,
233 2329 258 2383 ei
272 2330 396 2400 corporis
413 2341 441 2385 et
457 2330 550 2385 cordis
566 2330 661 2384 oculos
682 2329 814 2398 restituis,
828 2329 975 2402 ipsumque
990 2329 1027 2384 ad
1042 2329 1157 2384 domum
1175 2346 1257 2384 suam

104 2411 133 2466 in
150 2411 234 2481 plena
251 2413 376 2483 corporis
394 2413 523 2483 sanitate,
541 2423 569 2469 et
588 2430 654 2469 uere
673 2411 737 2470 fidei
754 2413 931 2469 confessione
949 2413 1068 2468 reducis.
1105 2413 1135 2468 Si
1154 2411 1256 2482 linguis

104 2495 236 2565 loquerer
258 2497 430 2566 angelorum,
452 2514 510 2552 non
533 2498 690 2553 sufficerem
715 2496 863 2568 explanare
887 2496 1028 2567 magnalia
1051 2496 1106 2566 dei,
1128 2513 1182 2567 que
1207 2512 1257 2567 per
1271 2505 1300 2556 ²5

103 2579 240 2635 famulum
256 2597 337 2634 suum
354 2579 455 2650 iugiter
471 2593 620 2651 operatur;
642 2599 695 2637 nec
713 2581 809 2636 omnia
826 2593 942 2652 possunt
961 2579 1043 2636 scribi
1061 2581 1088 2636 in
1106 2581 1177 2635 libro
1193 2581 1256 2635 hoc.

107 2663 165 2718 Sed
177 2662 285 2732 legatur
298 2664 390 2733 potius
403 2663 545 2718 cotidiane
556 2663 731 2733 experiencie
746 2665 824 2731 liber,
837 2674 866 2719 et
882 2666 994 2719 oculata
1007 2664 1076 2718 fides
1094 2663 1206 2718 docebit
1218 2664 1255 2718 ad

105 2747 228 2816 plenum,
245 2756 381 2816 quantum
397 2747 619 2815 magnificauerit
634 2747 766 2802 dominus
785 2757 913 2800 sanctum
929 2763 1027 2813 suum;
1049 2755 1155 2816 quanta
1173 2745 1255 2799 fuerit

106 2829 136 2884 in
157 2845 191 2883 eo
209 2829 400 2898 preminencia
418 2829 577 2885 sanctitatis
591 2841 619 2885 et
635 2828 762 2884 efficacia
780 2828 951 2895 meritorum,
965 2829 1001 2884 ad
1019 2828 1131 2882 laudem
1149 2827 1255 2882 domini

104 2923 132 2967 et
152 2913 299 2967 saluatoris
317 2912 406 2967 nostri
426 2914 491 2968 lesu
508 2911 622 2980 Christi,
641 2911 686 2968 cui
704 2911 739 2967 sit
757 2912 891 2967 honoret
909 2911 998 2982 gloria
1016 2909 1045 2966 in
1062 2912 1156 2966 secula
1174 2928 1253 2966 secu·
1267 2929 1300 2980 30

104 2997 202 3050 lorum
238 2997 367 3053 AMEN.

172 3174 197 3228 3.
218 3160 340 3214 INCIPIT
357 3172 513 3216 INUENTIO
533 3173 600 3216 CUM
618 3170 860 3215 TRANSLATIONE
877 3169 988 3214 SANCTI
1009 3157 1188 3212 RAGENERH

206 3255 324 3298 MlLl'l'lS
344 3255 384 3297 ET
402 3255 565 3310 MART1R15,
584 3255 819 3299 cousnuuulrtul
839 3253 949 3297 sancti
968 3241 1146 3296 EADMUNDI

467 3343 560 3386 nucis
579 3344 619 3386 nr
637 3327 816 3386 uterinis&

166 3430 337 3501 Emporibus
362 3430 416 3486 deo
446 3431 539 3486 dilecti
568 3431 656 3500 Regis
685 3430 839 3502 Anglorum
873 3427 1006 3485 Edwardi
1035 3428 1083 3484 filii
1108 3427 1252 3485 Ethelredi

192 3514 266 3584 regis
279 3523 337 3570 erat
350 3513 464 3585 quidam
477 3515 644 3570 uenerabilis
656 3514 713 3571 uite
725 3515 858 3570 sacerdos
870 3513 1030 3584 Bruningus
1046 3512 1160 3568 nomine
1178 3513 1253 3583 apud

107 3600 349 3654 Northamtonam.
381 3597 436 3666 Qui
450 3598 522 3652 inter
534 3598 636 3654 multas
649 3615 719 3669 quas
729 3597 801 3653 intra
809 3597 982 3668 prouinciam
990 3595 1103 3666 regebat
1111 3595 1254 3662 ecclesias,

105 3684 185 3740 etiam
198 3681 317 3736 ecclesie
325 3681 400 3736 beati
411 3681 485 3736 Petri
495 3681 614 3752 apostoli
623 3699 677 3752 que
687 3682 716 3736 in
726 3682 826 3736 eadem
836 3682 905 3736 urbe
917 3680 972 3734 sita
984 3689 1026 3734 est
1037 3677 1145 3747 prefuit.
1182 3678 1252 3731 Erat
1266 3695 1296 3745 35

105 3781 223 3836 namque
234 3763 371 3835 presbiter
380 3764 433 3819 iste
443 3763 523 3818 diues
536 3764 619 3820 ualde
628 3764 778 3834 multisque
790 3761 1013 3834 possessionibus
1025 3761 1125 3826 clarus,
1135 3758 1252 3829 dapsilis

105 3866 210 3921 quoque
224 3846 375 3902 liberaliter
387 3857 414 3902 et
427 3847 555 3916 largitate
568 3857 627 3901 tarn
635 3846 751 3902 celebn's
765 3855 794 3900 ut
806 3861 904 3900 omnes
915 3843 1062 3898 facultates
1073 3842 1133 3898 eius
1146 3843 1174 3896 in
1185 3859 1252 3897 usus

105 3948 255 4005 pauperum
268 3941 296 3985 et
312 3946 473 4010 egenorum,
487 3929 693 3985 transeuntium
710 3945 822 4000 quoque
835 3927 976 3998 hospitum
994 3936 1021 3981 ct
1037 3925 1157 3980 maxime
1174 3942 1251 3995 pere·

104 4016 252 4086 grinorum,
266 4013 366 4083 iugiter
377 4023 405 4068 et
419 4013 544 4068 hilariter
555 4012 711 4083 expendere
723 4011 916 4078 delectaretur,
930 4010 1004 4064 iuxta
1017 4008 1083 4063 illud
1095 4007 1230 4077 sapientis
1242 4026 1249 4063 :

105 4100 247 4154 ‘Hilarem
273 4097 348 4153 enirn
373 4097 499 4151 datorem
525 4094 614 4164 diligit
639 4093 724 4150 deus?
762 4094 834 4148 Cum
856 4092 940 4163 igitur
959 4092 988 4146 in
1007 4101 1116 4147 tantum
1138 4089 1250 4160 pietatis
1264 4105 1297 4156 40

105 4182 231 4256 operibus
250 4179 389 4236 insisteret
403 4190 432 4236 ut
450 4189 478 4234 et
496 4178 571 4249 apud
585 4179 671 4234 deum
682 4186 813 4247 acceptus
829 4187 857 4232 et
877 4176 952 4248 apud
966 4173 1095 4229 homines
1113 4173 1204 4229 clarus
1222 4183 1251 4230 et

180 4288 189 4317 ¹
207 4289 261 4341 MS.
273 4289 371 4340 deuota
478 4285 488 4316 ¹
504 4286 620 4352 Nothing
630 4287 652 4337 ls
662 4287 753 4336 known
764 4285 896 4337 elsewhere
907 4283 936 4334 ol
943 4283 993 4335 this
1004 4281 1039 4334 St.
1049 4282 1168 4347 Regener.
