3052 4896
102 307 249 361 ursaou.
262 321 324 373 240:
342 309 514 374 arama]
563 287 642 379 et.
665 288 886 388 lsstltltnou.
1183 315 1254 388 539

103 475 160 531 sibi
173 475 311 533 creditam
323 477 490 545 animarum,
502 479 565 549 plus
582 495 682 548 gerens
700 477 916 534 sollicitudinem
931 477 967 534 de
986 477 1069 532 rebus
1088 476 1254 532 transitoriis

101 569 191 630 atque
202 559 326 616 caducis.
363 562 432 617 Erat
444 561 520 617 enim
533 560 632 618 eximie
644 561 804 633 prudencie,
819 579 983 633 summeque
994 559 1175 626 abstinencie,
1185 570 1213 616 et
1226 561 1255 616 in

101 644 276 714 exequendis
296 644 422 715 negociis
444 646 569 701 sollerter
590 645 732 702 intentus:
758 662 834 700 nunc
852 662 927 700 noua
944 643 973 699 iu
992 645 1054 700 loco
1072 645 1256 699 fundamenta

101 725 221 794 iaciens,
233 738 262 782 et
279 745 344 783 rura
363 745 420 783 non
438 729 550 783 modica
567 727 711 797 adiciens;
732 746 815 800 porro
832 727 1009 799 dispensator
1027 727 1118 782 fidelis
1136 725 1208 782 sicut
1227 727 1255 783 in

100 810 249 879 erogando
261 811 348 866 verbo
360 811 405 867 dei
418 829 482 867 cum
495 810 607 882 pietatis
620 812 729 867 actibus
742 811 913 881 inuigilabat,
923 812 963 866 ita
974 821 1002 866 et
1015 811 1043 866 in
1056 809 1255 882 dispensandis
1269 816 1283 867 ⁵

101 892 224 948 terrenis
238 895 393 949 secundum
402 894 608 951 institucionem
621 893 806 967 apostolicam
816 894 979 960 desudabat,
989 904 1016 949 et
1029 893 1188 950 viuentibus
1201 893 1254 949 sub

101 992 136 1030 se
150 977 333 1032 communiter
343 988 426 1049 prout
439 979 538 1051 cuique
548 996 618 1050 opus
626 988 685 1034 erat
696 977 814 1034 fideliter
820 977 970 1033 distribuit.
993 979 1068 1034 Sane
1078 977 1255 1048 presencium

101 1059 254 1117 occasione
271 1078 399 1116 curarum
416 1079 593 1134 nequaquam
610 1061 682 1117 illius
702 1062 805 1117 mentis
823 1063 919 1116 oculus
938 1060 1076 1130 caligabat
1094 1078 1112 1116 a
1130 1071 1254 1116 contem·

101 1143 235 1212 placione
252 1154 421 1214 eternorum,
434 1155 476 1201 set
489 1162 546 1215 quo
558 1144 678 1215 amplius
693 1145 777 1200 rebus
795 1143 914 1200 ecclesia
932 1143 1104 1212 fulciebatur,
1116 1161 1151 1198 eo
1163 1144 1254 1214 magis

102 1225 233 1282 inhiabat
252 1227 289 1282 ad
310 1228 414 1298 gaudia
438 1227 527 1298 patrie
547 1228 666 1285 celestis.
717 1228 774 1284 Hic
793 1227 883 1284 eciam
906 1227 982 1282 iussu
1003 1227 1077 1295 regis
1099 1227 1205 1298 Edgari
1226 1237 1254 1283 et
1270 1236 1300 1273 ¹0

101 1309 270 1366 auctoritate
289 1312 378 1367 sancti
399 1311 578 1367 Etheluuoldi
597 1310 721 1383 episcopi
741 1328 843 1382 corpus
862 1312 936 1366 alme
953 1309 1069 1380 virginis
1089 1311 1255 1380 Withburge

102 1393 208 1449 sororis
220 1405 317 1450 sancte
330 1395 502 1451 Etheldrede
519 1395 556 1450 de
573 1395 694 1450 Dirham
706 1393 845 1450 transtulit
859 1394 895 1449 ad
909 1394 1036 1464 Elycum
1046 1412 1149 1464 magna
1157 1393 1255 1464 gloria.

103 1475 112 1507 ¹
124 1477 256 1545 Quodam
268 1488 362 1533 autem
375 1489 502 1549 tempore
518 1489 648 1534 sanctum
663 1479 842 1534 Brithnotum
859 1479 993 1534 abbatem
1009 1478 1047 1533 ad
1062 1477 1136 1548 regis
1149 1476 1255 1532 curiam

103 1560 211 1630 Edgari
230 1561 346 1630 contigit
364 1579 416 1633 pro
433 1561 551 1619 ecclesie
568 1561 694 1632 negociis
711 1560 860 1632 proficisci.
897 1561 944 1628 Et,
961 1572 991 1616 ut
1010 1561 1103 1628 fertur,
1122 1577 1186 1615 cum
1204 1577 1256 1630 per

102 1643 205 1699 siluam
224 1661 279 1716 que
299 1647 383 1700 Noua
401 1646 506 1702 foresta
523 1655 648 1715 vocatur,
668 1644 727 1712 iret,
744 1645 781 1700 ad
800 1662 879 1701 vsum
899 1656 1000 1700 nature
1018 1644 1174 1700 remociora
1192 1645 1298 1706 looa15

102 1726 228 1798 repeciit.
266 1730 387 1798 Canens,
400 1739 429 1784 vt
441 1740 501 1785 erat
513 1729 632 1801 simplex
650 1739 678 1784 et
695 1746 797 1798 magne
809 1727 984 1795 verecundie,
997 1727 1120 1799 vndique
1136 1728 1254 1782 circum·

102 1811 211 1881 spexit:
242 1811 369 1882 reginam
399 1813 471 1869 forte
501 1814 554 1868 sub
584 1813 709 1884 quadarn
739 1813 837 1868 arbore
869 1811 985 1868 offendit
1009 1811 1170 1879 Alfritham,
1195 1810 1254 1866 suis

101 1894 246 1950 veneficiis
255 1906 408 1952 vacantem
428 1896 622 1952 Perfantasias
630 1896 705 1952 enim
714 1907 741 1952 et
749 1907 838 1952 artem
847 1895 986 1965 magicam
994 1896 1076 1950 velud
1084 1894 1113 1949 in
1121 1893 1254 1965 equinum

101 1976 210 2032 animal
233 1996 322 2048 versa,
347 1981 499 2052 putabatur
522 1980 693 2036 intuentibus
717 1997 780 2035 esse
803 1995 877 2051 equa
901 1989 929 2033 et
954 1994 1012 2032 non
1037 1978 1145 2044 mulier,
1164 1987 1194 2032 vt
1213 1977 1253 2032 in·

102 2061 262 2117 satiabilem
293 2063 500 2120 exardescentis
529 2061 656 2119 luxurie¹
686 2062 880 2133 intemperiem
911 2071 1068 2129 saturaret;
1096 2059 1254 2117 discurrens
1269 2079 1300 2113 ro

101 2145 160 2199 huc
176 2155 261 2217 atque
279 2147 344 2201 illuc
362 2163 427 2201 cum
445 2146 525 2216 equis
543 2163 577 2202 ac
595 2145 746 2211 dissiliens,
765 2163 795 2200 se
817 2144 886 2216 ipsis
906 2145 1088 2200 irreuerenter
1109 2143 1253 2210 exhibuit;

102 2238 266 2299 contempto
285 2229 330 2285 dei
348 2230 448 2285 timore
467 2247 501 2285 ac
522 2229 597 2300 regie
616 2228 760 2298 dignitatis
783 2230 898 2296 honore,
918 2227 1023 2283 crimen
1041 2226 1127 2298 glorie
1146 2243 1196 2282 sue
1215 2226 1255 2282 ita

102 2313 352 2382 contemptibiliter
363 2313 464 2369 intulit.
500 2314 565 2382 Quo
579 2312 648 2381 viso,
660 2329 718 2366 non
730 2313 838 2383 absque
850 2313 926 2366 luctu
941 2322 969 2366 et
988 2329 1093 2382 pauore
1107 2310 1211 2382 ingenti
1225 2309 1253 2365 in

101 2395 206 2450 talibus
226 2413 258 2451 se
276 2407 437 2467 perceptam
459 2416 477 2453 a
494 2396 554 2452 viro
573 2406 672 2452 sancto
690 2395 833 2466 ingemuit.
871 2393 1043 2450 Peritissima
1061 2412 1128 2450 vero
1146 2394 1174 2449 in
1194 2406 1253 2451 arte

102 2479 276 2546 mechanica,
289 2489 319 2534 vt
336 2480 431 2548 fertur,
443 2481 608 2537 habebatur.
647 2480 696 2536 Set
715 2479 757 2534 vir
776 2477 890 2546 domini,
904 2497 939 2534 ex
956 2477 1151 2533 huiuscemodi
1170 2479 1253 2533 rebus
1268 2494 1298 2544 ²5

101 2561 220 2617 nimium
233 2563 369 2632 turbatus,
382 2563 559 2636 quamtocius
571 2563 638 2619 inde
656 2562 781 2631 recessit,
794 2562 871 2618 etad
884 2561 958 2632 regis
971 2562 1078 2617 curiam
1090 2561 1253 2628 deueniens,

100 2645 249 2716 magnifice
274 2657 430 2718 susceptus,
454 2648 572 2704 ecclesie
599 2664 648 2703 sue
676 2647 796 2715 negocia
823 2645 909 2701 cicius
936 2645 1109 2716 adimpleuit.
1155 2647 1255 2717 ltaque

101 2727 299 2785 munificencia
310 2731 383 2800 regis
396 2731 558 2802 perfunctus
568 2740 598 2786 et
610 2730 795 2799 exhilleratus,
808 2731 846 2784 ad
858 2727 929 2785 sua’
940 2729 1031 2786 redire
1043 2729 1119 2784 viam
1131 2729 1255 2800 repeciit·

101 2815 142 2868 Et
155 2828 191 2868 ne
203 2813 328 2883 reginam
341 2813 404 2869 licet
418 2815 570 2869 abhorrens
583 2813 745 2881 declinaret,
759 2812 797 2868 ad
809 2813 869 2868 eius
881 2812 1026 2868 descendit
1038 2814 1151 2868 aulam:
1169 2828 1254 2882 quarn

101 2897 214 2953 fortuitu
226 2897 263 2952 ab
275 2899 406 2953 omnibus
419 2915 536 2952 vacuam
549 2897 661 2969 penitus
675 2895 780 2952 inuenit
794 2915 801 2965 ;
820 2907 915 2952 tamen
932 2895 1058 2952 celeriter
1074 2895 1169 2966 regine
1181 2895 1253 2950 illius
1266 2912 1300 2962 30

102 2979 220 3036 innotuit
242 2980 388 3036 aduentus.
427 2981 479 3036 llla
497 2998 565 3036 vero
585 2978 682 3052 petiuit
699 2991 728 3035 vt
749 2997 814 3035 cnm
833 2978 1014 3034 festinacione
1034 2979 1072 3033 ad
1092 2996 1156 3033 eam
1178 2978 1254 3033 solus

101 3063 225 3132 veniret;
244 3074 273 3120 et
285 3065 361 3135 quod
374 3082 439 3119 cum
451 3082 485 3119 eo
498 3063 534 3119 de
548 3066 637 3119 salute
650 3063 744 3119 anime
756 3081 807 3119 sue
820 3079 878 3118 non
891 3063 967 3118 nulla
984 3072 1105 3117 tractare
1117 3061 1254 3130 habuerit,
1346 3125 1351 3138 Ι

101 3146 255 3203 mandauit.
293 3148 344 3203 Cui
365 3148 499 3218 ingresso,
511 3148 605 3219 plures
624 3147 807 3203 enormitates
827 3145 943 3202 lasciuic
961 3143 1045 3200 nimis
1063 3145 1255 3202 fauorabiliter

102 3241 131 3285 et
152 3229 339 3286 inuerecunda
358 3233 451 3287 locuta
471 3241 523 3299 est,
545 3231 675 3303 precibus
697 3241 725 3288 et
747 3230 896 3302 promissis
918 3229 996 3284 illurn
1017 3227 1102 3284 veluti
1124 3239 1254 3284 sanctum

103 3319 208 3388 loseph
238 3317 337 3374 mulier
364 3318 496 3390 inpudica
521 3319 543 3374 si
570 3329 664 3390 posset
689 3319 895 3376 incontinencie
920 3316 974 3372 sibi
999 3317 1080 3372 nodis
1110 3316 1253 3386 alliceret;
1269 3335 1299 3386 35

101 3401 238 3458 estimans
261 3401 359 3458 fraude
383 3402 508 3472 maligna
535 3413 663 3457 sanctum
689 3403 734 3458 dei
760 3402 787 3457 in
817 3403 921 3457 scelere
950 3417 1046 3456 secum
1071 3400 1254 3469 commisceri,

102 3485 235 3556 quoniam
248 3502 298 3556 per
311 3485 387 3541 illum
400 3496 537 3541 metuerat
550 3486 643 3556 detegi
655 3505 673 3541 a
685 3485 797 3540 malicia
811 3502 897 3557 quam
910 3483 988 3540 illam
999 3501 1127 3540 exercere
1139 3484 1255 3548 inuenit,

105 3569 154 3625 llle
178 3567 283 3623 viribus
308 3579 337 3623 et
362 3570 455 3625 verbis
480 3569 584 3638 obstat,
609 3580 704 3639 negat,
729 3579 758 3624 et
788 3569 928 3624 abhorret.
972 3568 1054 3623 Vnde
1079 3567 1107 3623 in
1132 3568 1254 3623 furorem

102 3662 250 3718 commotu,
263 3651 431 3723 quibusdam
444 3652 569 3709 euocatis
586 3652 703 3721 ancillis,
716 3654 830 3708 beatum
842 3651 932 3706 virum
953 3651 1015 3706 neci
1036 3651 1147 3707 tradere
1166 3651 1255 3718 iussit,

102 3737 199 3791 nolens
211 3752 274 3790 esse
286 3736 466 3806 superstitem
480 3753 565 3807 quem
581 3737 640 3792 fore
656 3736 795 3792 dubitauit
813 3753 927 3791 suorum
945 3735 1098 3806 aliquando
1117 3735 1253 3790 scelerum
1267 3745 1301 3794 40

102 3817 280 3891 proditorem.
315 3818 459 3874 Admonet
478 3819 595 3875 ancillas
617 3837 783 3876 mucronum
802 3818 918 3890 copulas
937 3818 965 3873 in
984 3819 1078 3888 ignem
1095 3818 1212 3879 feruere,
1225 3827 1254 3873 et

102 3902 154 3958 sub
172 3901 267 3958 asellis
290 3902 378 3958 sancti
401 3902 513 3958 abbatis
533 3903 653 3974 inprimi,
675 3902 850 3974 usquedum
872 3901 1000 3972 spiritum
1020 3901 1080 3957 eius
1101 3899 1255 3956 excuciant.

103 3987 167 4055 Quo
185 3986 278 4042 facto:
300 3986 423 4042 clamant
438 3986 569 4042 fautrices
588 3985 732 4057 lugenter⁴
750 3986 917 4042 intrinsecus
935 3984 1019 4040 velud
1037 3983 1086 4039 tali
1105 3983 1254 4038 infortunio

101 4067 256 4140 pauefacte.
301 4069 384 4126 Vnde
406 4068 524 4124 ministri
543 4069 655 4126 abbatis
676 4079 704 4125 et
725 4067 772 4141 qui
796 4086 861 4124 cum
883 4067 931 4122 illo
949 4076 1085 4122 venerant
1106 4077 1255 4122 accurrunt

102 4151 249 4220 monachi;
269 4169 335 4208 eum
343 4153 437 4208 subita
445 4163 536 4208 morte
543 4163 710 4224 preuentum
718 4153 755 4208 ab
764 4151 873 4208 ancillis
884 4149 1010 4218 audiunt,
1020 4159 1048 4205 et
1058 4149 1253 4220 ingemiscunt·
1267 4159 1298 4208 4⁵

145 4299 153 4329 ¹
171 4299 211 4350 Cf.
224 4299 342 4352 Narratio
358 4300 391 4351 ad
407 4301 432 4352 S.
445 4300 597 4350 Edwardum
615 4301 711 4366 Regem
721 4307 746 4351 et
762 4299 847 4360 Mart,
861 4299 945 4349 where
958 4297 1043 4362 nearly
1054 4297 1096 4347 the
1110 4312 1179 4348 same
1193 4302 1254 4348 text.

103 4363 112 4393 ¹
129 4365 183 4416 MS.
195 4365 326 4416 luxuriam.
482 4365 492 4395 ⁸
511 4365 565 4417 MS.
577 4381 655 4418 suam.
819 4363 829 4394 ⁴
845 4365 880 4416 al.
891 4364 984 4429 lugent.
