3046 4902
107 295 922 400 us·1³0u·240·]Dtffi.tiutttuttnottuttt
938 303 1128 399 martura
1183 305 1257 391 619

139 547 190 601 Dn
209 559 344 612 Quoosu
362 562 473 605 murm
491 563 678 607 onnonraco
697 563 857 606 mutunus
875 563 1033 616 Quononu
1053 563 1228 608 usnemun

494 647 537 689 on
556 646 675 691 seuero
694 635 869 690 Eouuuoo.

445 729 551 786 Uidam
563 730 764 785 normannicus
774 729 906 784 Willelmi
916 729 991 800 regis
999 728 1106 785 aulicus
1114 730 1258 800 quoddam

479 813 635 869 manerium
662 813 716 868 sibi
746 813 879 868 adiacens
904 813 1015 878 inuasit,
1039 823 1068 868 et
1097 813 1258 868 inuadendo

107 885 201 942 eciam
214 906 266 945 suo
279 891 371 950 vicino
383 897 531 966 copulauit.
561 897 653 965 Quem
666 913 730 950 cum
742 897 830 952 abbas
843 905 871 950 et
883 896 983 950 fratres
995 905 1104 951 orarent
1118 905 1147 950 ut
1160 906 1258 951 sancto

107 970 265 1028 Edmundo
282 991 361 1031 suam
375 989 476 1034 terram
489 997 574 1051 quam
589 980 617 1033 ui
633 977 751 1034 tulerat²
762 979 908 1034 redderet:
927 979 1024 1034 effreni
1039 978 1136 1048 lingua
1154 979 1258 1048 prolert

110 1069 144 1107 se
153 1054 261 1110 nescire
272 1057 340 1128 quid
354 1061 524 1118 Edmundus
536 1062 677 1116 dormiens
690 1061 726 1116 de
733 1071 807 1116 terra
819 1061 921 1116 taceret
935 1079 942 1126 ;
961 1071 1003 1116 set
1016 1060 1078 1128 sibi,
1087 1061 1257 1131 profectibus
1271 1075 1285 1126 5

108 1153 145 1190 ac
157 1138 241 1208 regiis
254 1139 392 1198 insistenti
405 1145 538 1215 negociis,
552 1147 605 1200 hec
617 1155 646 1200 et
658 1145 714 1199 alia
726 1144 817 1199 utilior
827 1154 910 1212 esset,
924 1160 1010 1214 quarn
1023 1142 1128 1199 martiri
1142 1145 1186 1198 vel
1199 1143 1257 1198 suis

107 1222 266 1276 monachis.
303 1226 406 1297 Sicque
425 1229 507 1283 datus
525 1228 555 1283 in
572 1228 723 1299 reprobum
742 1245 854 1283 sensum
873 1227 1015 1298 predictus
1031 1227 1110 1282 miles
1127 1226 1257 1292 discedit,

108 1319 195 1373 super
206 1322 290 1375 quem
302 1310 400 1364 martir
411 1311 581 1366 Edmundus
597 1328 693 1366 reuera
711 1309 843 1379 uigilauit.
882 1311 974 1380 Quem
990 1309 1064 1364 ulcio
1080 1308 1176 1364 diuina
1193 1319 1258 1379 post

108 1402 216 1455 paucos
236 1388 297 1446 dies
315 1393 480 1464 cefalargica
493 1393 625 1466 passione
643 1393 796 1465 percussit;
816 1409 871 1464 que
885 1392 975 1448 eciam
987 1409 1075 1462 vsque
1086 1392 1124 1446 ad
1138 1389 1259 1462 [diem]⁸

108 1471 209 1525 mortis
219 1471 246 1525 in
257 1474 339 1529 oculo
351 1475 446 1532 dextro
460 1477 572 1547 signum
583 1476 635 1532 sibi
644 1475 806 1548 permansit.
822 1477 936 1531 Macula
943 1475 1018 1530 enim
1028 1475 1079 1529 tuit
1089 1476 1153 1531 alba
1162 1490 1257 1545 super·
1275 1493 1304 1529 ιο

110 1553 277 1623 cooperiens
296 1559 368 1612 oculi
387 1559 530 1630 pupillam,
543 1559 572 1615 in
590 1561 705 1614 modurn
724 1559 777 1630 pisi
789 1556 986 1628 gros[s]issimi
1005 1558 1114 1614 habens
1133 1558 1258 1627 liguram.

110 1635 168 1702 Qui
190 1637 257 1692 dum
282 1639 366 1710 priori
390 1653 564 1714 torqueretur
588 1643 727 1714 passione,
747 1642 845 1712 pocius
869 1639 1002 1696 suorum*
1020 1641 1151 1696 instinctu
1172 1654 1257 1711 quam

108 1729 270 1788 spontanea
282 1723 423 1779 voluntate
436 1725 529 1796 dirigit
543 1735 641 1780 sancto
654 1741 704 1795 per
720 1741 786 1780 suos
799 1741 909 1778 cereum
922 1724 1037 1794 pulchre
1048 1722 1258 1792 magnitudinis,

108 1811 141 1856 vt
159 1803 300 1860 medelam
316 1807 386 1862 tanti
405 1808 508 1863 doloris
526 1807 669 1879 reciperet.
704 1808 811 1861 Verum
828 1806 894 1876 quia
910 1804 1000 1860 sancti
1018 1806 1108 1860 sciunt
1121 1805 1258 1876 quodam·

107 1885 197 1939 modo
209 1887 335 1944 cordium
348 1889 455 1958 intima,
469 1900 566 1962 patent
579 1891 649 1946 deo:
669 1899 780 1944 recusat
795 1889 865 1944 deus
883 1897 910 1943 et
924 1897 1038 1943 sanctus
1051 1903 1161 1942 cereum
1174 1903 1257 1956 quem
1275 1910 1303 1961 15

109 1967 197 2022 mittit
210 1972 300 2026 malus
312 1973 431 2042 animus,
445 1983 481 2042 et,
493 1985 524 2028 vt
536 1975 625 2030 relatu
638 1973 760 2028 videntis
772 1972 819 2043 qui
832 1971 910 2026 afluit
927 1970 1084 2037 didicimus,
1099 1968 1203 2024 decidit
1220 1969 1258 2023 ad

109 2061 216 2106 terram
227 2053 332 2110 fractus
345 2055 373 2109 in
386 2072 489 2112 nouem
508 2057 640 2127 partibus.
678 2059 754 2112 Ecce
771 2054 860 2110 sancti
879 2054 1043 2108 miraculum
1060 2053 1097 2107 ad
1116 2051 1259 2123 quoddam

110 2149 166 2188 nos
177 2134 255 2191 ducit
271 2137 433 2194 ridiculum:
451 2139 518 2211 quia
532 2141 630 2196 rebelli
643 2150 672 2195 et
689 2139 798 2194 tumido
814 2137 972 2208 inprimitur
989 2137 1100 2190 macula
1118 2133 1258 2204 passionis

109 2215 140 2270 in
152 2219 243 2286 oculo,
257 2221 340 2277 veluti
353 2223 497 2293 quondam
509 2223 715 2279 cauteriabatur
727 2221 756 2276 in
769 2221 859 2276 fronte
871 2216 949 2275 teta⁸
961 2219 1059 2274 mortis
1070 2217 1152 2272 alicui
1164 2234 1221 2272 reo.

144 761 355 823 Hermannust

175 2417 264 2478 iiDtt
282 2433 442 2487 RELIQUIIS
461 2434 570 2478 snuct't
591 2423 747 2477 EDMUNDI
767 2431 913 2475 PERDITIS
932 2429 973 2473 ΕΤ
992 2427 1193 2473 MIRACULOSE

601 2515 762 2559 REPERTIS.

437 2600 608 2672 Emporibus
626 2601 701 2669 regis
713 2597 846 2653 Willelmi
863 2597 945 2668 primi
958 2597 1036 2652 venit
1055 2596 1091 2652 ad
1110 2595 1258 2652 abbaciam
1274 2619 1305 2655 ro

473 2684 563 2739 sancti
589 2681 733 2737 Edmundi
758 2681 923 2736 Wamerius
950 2681 1111 2749 francigena
1135 2677 1259 2750 quidam,

109 2761 201 2816 abbas
213 2763 388 2822 resbacensis
400 2767 519 2834 cenobii,
533 2768 617 2821 horno
636 2765 749 2837 quidem
767 2764 913 2834 religiosus
930 2773 957 2818 et
971 2764 1080 2834 pollens
1091 2762 1260 2817 excellencia

109 2843 262 2912 literarum,
287 2863 351 2902 cum
377 2849 451 2905 dulci
473 2851 667 2905 modulacione
689 2865 862 2903 neumarum.
901 2845 949 2902 Ιε7
968 2847 1089 2917 denique
1113 2855 1260 2914 susceptus

111 2927 324 2998 officiosissime,
332 2932 836 3005 compositaquatuorantiphonarum
845 2929 984 2986 cantilena
992 2929 1071 2984 suani
1079 2929 1115 2983 ad
1123 2929 1258 2982 honorem

111 3009 203 3065 sancti
222 3013 375 3083 Edmundi,
389 3017 430 3070 sic
448 3015 484 3071 de
501 3017 547 3072 die
564 3018 592 3070 in
611 3016 686 3071 diem
704 3015 741 3069 ad
756 3015 843 3085 ipsius
860 3029 985 3068 amorem
1000 3011 1073 3082 cepit
1091 3010 1217 3079 accendi,
1229 3021 1259 3065 vt
1274 3027 1303 3078 ²⁵

110 3105 315 3163 promereretur
326 3098 363 3152 ab
380 3100 482 3154 abbate
502 3099 665 3155 Baldewino
680 3099 716 3153 de
731 3097 893 3168 pignoribus
909 3095 997 3150 sancti
1014 3095 1144 3164 recipere,
1157 3093 1259 3164 quibus

113 3174 190 3230 idem
209 3179 306 3234 martir
325 3192 440 3237 sanctus
459 3183 487 3237 in
507 3193 615 3238 exteras
633 3181 762 3251 regiones
781 3191 877 3252 posset
895 3178 1031 3233 venerari.
1068 3177 1178 3244 Quibus
1197 3193 1259 3231 sus·

111 3259 201 3329 ceptis
226 3261 357 3333 reliquiis,
378 3274 407 3320 et
430 3283 512 3320 cursu
537 3266 623 3320 maris
648 3263 774 3330 transito,
799 3262 945 3334 pontiuurn
970 3260 1130 3331 ingrediens
1154 3276 1259 3330 pagum

110 3353 255 3412 raptorum
267 3344 372 3414 patitur
383 3347 532 3417 inpulsum.
569 3338 748 3418 Depredatur
759 3346 835 3401 enim
855 3347 891 3400 ab
908 3345 984 3400 omni
1004 3361 1055 3400 sua
1068 3343 1259 3415 suppellectili,

110 3435 140 3480 et
160 3425 207 3480 vix
228 3443 291 3482 cum
312 3429 371 3484 vita
390 3432 514 3486 euadens
535 3430 684 3486 abbaciam
704 3430 789 3484 intrat
809 3428 912 3484 Christi
935 3427 1104 3483 confessoris
1127 3425 1259 3482 Richarii.
1273 3441 1306 3490 30

112 3506 175 3562 Illic
194 3519 260 3564 tunc
278 3522 388 3580 preerat
401 3514 492 3568 abbas
509 3513 655 3569 Gerwinus
669 3513 711 3566 vir
724 3511 782 3566 uita
796 3511 954 3567 sanctitatis
971 3512 1031 3566 orbi
1050 3513 1192 3566 famosus:
1212 3510 1259 3581 qul

113 3594 261 3662 depredati
282 3595 393 3650 abbatis
414 3595 572 3666 intelligens
594 3595 762 3666 angustiam,
780 3595 936 3666 predonum
958 3610 1069 3666 quoque
1090 3593 1179 3663 signis
1198 3593 1260 3664 qui-

145 2640 360 2698 Hermannus⁸.

113 3677 235 3731 busdam
243 3695 399 3748 agnoscens
407 3679 572 3748 essenciam,
580 3690 643 3751 post
652 3679 727 3748 ipsos
734 3678 849 3750 equitat,
860 3677 1044 3748 inuentlsque,
1054 3675 1167 3748 requirit
1177 3675 1260 3732 minis

112 3775 178 3814 cum
204 3762 333 3830 precibus
358 3763 450 3818 mixtis
476 3781 530 3833 que
554 3773 713 3834 rapuerant.
751 3761 861 3831 Quibus
883 3761 1028 3814 caritatiue
1047 3759 1175 3829 receptis,
1194 3757 1261 3829 quia

113 3841 254 3912 condigne
271 3844 463 3900 veneracionis
481 3856 541 3901 erat
563 3846 592 3900 in
614 3843 663 3900 illa
683 3844 807 3914 regione,
826 3844 940 3898 domum
965 3841 1044 3911 redit,
1062 3841 1176 3894 fratrem
1195 3855 1258 3895 con·
1274 3855 1305 3909 35

112 3927 219 3982 solatur
246 3927 411 3995 desolatum,
436 3927 546 3985 reddir⁸
566 3946 619 4000 que
645 3928 756 3999 perdita
780 3934 941 3996 receperat;
967 3933 1009 3978 set
1035 3924 1071 3978 de
1096 3922 1260 3992 pignoribus

112 4009 235 4064 martiris
248 4010 393 4066 Edmundi
405 4011 498 4067 nullus
511 4010 540 4066 in
552 4010 702 4066 amissione
715 4025 807 4064 sermo
823 4005 934 4063 fiebat⁹.
964 4005 1012 4062 Sic
1029 4006 1123 4074 itaque
1140 4003 1259 4073 receptis

112 4093 196 4150 rebus
208 4093 333 4164 perditis,
346 4093 524 4167 reliquiarum
537 4094 576 4150 nil
593 4093 718 4149 inuenit:
738 4109 789 4164 pro
806 4091 906 4163 quibus
922 4089 995 4144 dolet
1007 4107 1014 4159 ;
1033 4104 1153 4155 acuere,
1166 4085 1260 4156 perdi-

145 4236 337 4292 'ettintot
353 4239 405 4306 50⁵.
477 4239 559 4292 ’MS.
571 4241 698 4291 intulerat.
799 4235 973 4286 'MS.finem.
1073 4231 1260 4308 ⁴MS.eoruttt.

111 4305 423 4426 iiqe'fiiffi’mlin‘d'
485 4305 551 4358 ‘ct
563 4306 621 4358 Tib.
633 4307 677 4356 lol.
689 4303 741 4356 61⁸.
815 4301 896 4354 ⁷MS.
910 4301 975 4351 Hiis.
1050 4297 1133 4348 ⁸M8.
1145 4296 1260 4347 reddidit.
