3062 4888
724 295 926 399 mimula
954 297 1006 376 11·

507 597 594 658 ile
613 599 718 656 Causa
738 601 894 656 anrrrur
915 601 1029 658 Sancti
1049 601 1217 659 Eouuunr.

324 787 574 858 lllr'ckolauspn'or
585 789 619 844 dc
637 789 833 864 Warengsord
862 741 1443 896 Βῑῗέιῗῃὲῗᾟεὶᾟξξῖἓυὲἒέῃθὲῗ

287 907 394 976 regiam
415 907 590 963 maiestatem
609 925 667 964 non
692 909 781 965 solum
800 910 886 965 armis
905 909 1049 965 decorauit
1069 919 1111 964 set
1132 919 1160 964 et
1179 910 1290 979 legibus
1307 911 1444 980 equitatis

289 989 408 1060 ornauit,
428 991 589 1062 studuitque
607 991 762 1048 subiectam
782 993 893 1064 plebem
910 994 947 1048 ab
964 993 1159 1048 infestantium
1174 992 1335 1048 incursibus
1356 993 1444 1047 armis

261 1094 274 1144 5
289 1084 443 1146 protegere,
456 1083 484 1130 et
497 1075 525 1130 in
538 1075 600 1130 ocio
612 1075 721 1145 legibus
734 1076 799 1131 iuris
811 1086 839 1130 et
852 1075 983 1146 equitatis
995 1075 1154 1130 informare.
1191 1077 1254 1129 Nec
1267 1075 1443 1130 dominantis

287 1158 406 1214 licencia
423 1157 593 1228 presumpsit
610 1159 762 1228 aliquando
774 1159 860 1224 abuti,
872 1160 917 1212 vel
934 1158 1061 1213 innoxios
1079 1157 1270 1229 deprimendo,
1283 1159 1330 1212 vel
1344 1159 1442 1212 noxios

289 1240 445 1311 inpunitate
463 1239 492 1293 in
510 1257 580 1295 ausu
599 1241 734 1312 nephario
747 1241 886 1306 fouendo:
907 1251 949 1296 set
966 1257 1038 1312 equa
1050 1243 1129 1296 lance
1143 1241 1212 1296 fouit
1225 1240 1402 1306 innocentes,
1415 1251 1441 1295 et

288 1331 422 1378 nocentes
431 1339 449 1375 a
459 1339 545 1390 regno
554 1339 604 1377 suo
613 1324 793 1394 perturbauit.
829 1325 939 1379 Etcum
949 1341 1047 1378 omnes
1059 1323 1189 1378 homines
1198 1324 1281 1378 sciret
1294 1341 1330 1378 ex
1344 1337 1441 1379 natiue

288 1404 425 1460 beneficio
446 1405 586 1474 parilitate
606 1406 745 1474 gaudere:
771 1423 805 1462 ex
827 1417 921 1462 reatus
939 1407 1082 1476 exigencia
1100 1406 1298 1460 nichilominus
1317 1407 1441 1462 attendit

245 1507 275 1543 ιο
288 1487 438 1558 essequod
451 1487 566 1558 quidam
579 1499 644 1544 sunt
657 1487 803 1556 inferioris,
820 1489 936 1560 quidam
953 1489 1104 1560 superioris
1121 1489 1269 1559 potestatis
1288 1490 1317 1544 in
1336 1492 1441 1560 populo

288 1571 343 1626 dei.
369 1570 492 1640 Ideoque
504 1569 652 1642 imperium
665 1587 746 1628 suurn
760 1587 817 1627 non
829 1572 969 1628 natalibus
982 1571 1117 1640 ingenuis,
1128 1589 1184 1626 uon
1195 1571 1301 1626 meritis
1310 1573 1440 1642 propriis,

289 1663 331 1710 set
345 1653 531 1708 subiectorum
545 1671 658 1708 suorum
672 1655 800 1724 ascripsit
819 1653 956 1709 erratibus
973 1665 1001 1709 et
1014 1655 1194 1725 peccancium
1207 1655 1440 1720 obuencionibus,

289 1748 434 1808 totumque
451 1753 482 1792 se
500 1736 627 1808 inpendit
648 1755 704 1792 non
727 1737 834 1792 deliciis
852 1735 1039 1804 affluentibus,
1058 1747 1100 1792 set
1119 1735 1242 1806 negociis
1260 1737 1438 1792 subditorum

287 1820 437 1876 casualiter
454 1819 670 1890 emergentibus,
692 1830 721 1876 et
743 1821 772 1875 in
796 1820 857 1876 dies
879 1819 1100 1887 confluentibus3
1131 1835 1184 1875 nec
1208 1819 1330 1874 credidit
1354 1820 1437 1874 officii

244 1921 272 1974 15
288 1905 347 1960 iore
365 1902 432 1972 regii
452 1902 614 1960 domesticis
635 1919 751 1974 operam
770 1903 838 1958 dare
855 1903 989 1973 negociis,
1008 1903 1062 1958 nisi
1081 1903 1157 1973 prius
1175 1901 1311 1972 expeditis
1330 1904 1437 1958 alienis

289 1989 340 2042 Ex
357 1988 418 2042 alia
441 1987 568 2057 legenda.
604 1987 673 2042 Erat
692 1997 787 2041 autern
811 1995 917 2040 statura
941 2002 1080 2057 procerus,
1105 1985 1223 2040 decorus
1246 1984 1326 2052 facie,
1352 2003 1438 2041 mauu

288 2081 426 2140 strenuus,
447 2071 576 2124 laborum
595 2069 719 2140 paciens,
741 2069 855 2138 ingenio
876 2068 1030 2139 perspicax,
1051 2067 1185 2139 prouidus
1205 2067 1235 2121 in
1254 2067 1389 2133 consiliis,
1410 2070 1437 2122 iu

288 2153 397 2208 iudiciis
414 2152 542 2208 adhibita
560 2150 756 2208 moderacione
775 2150 928 2207 clemencie
947 2151 1043 2220 iustus,
1056 2149 1184 2215 affabilis,
1197 2166 1283 2204 verax
1299 2159 1327 2206 et
1347 2151 1437 2206 dulcis

286 2236 405 2308 eloquio,
415 2235 591 2305 pacientibus
600 2251 667 2289 vera
679 2233 876 2304 compassione
889 2231 1101 2304 [compaciens],
1111 2233 1270 2287 misericors
1282 2232 1319 2287 ad
1332 2250 1436 2303 egenos

243 2341 274 2378 ao
287 2318 439 2386 beneficiis,
452 2317 564 2388 pupillis
579 2328 608 2373 et
622 2317 714 2372 viduis
731 2316 974 2384 clementissimus,
987 2317 1125 2385 benignus
1142 2327 1170 2372 et
1186 2315 1261 2370 mitis
1277 2317 1315 2370 ad
1330 2333 1436 2384 omnes,

286 2410 314 2456 et
333 2403 408 2472 quod
421 2401 475 2456 hiis
487 2400 617 2456 omnibus
630 2401 721 2455 maius
734 2409 786 2466 est,
800 2401 891 2470 legem
909 2399 954 2454 dei
967 2415 1017 2471 per
1033 2399 1128 2454 omnia
1145 2399 1321 2469 sequebatur.
1358 2401 1436 2454 Atho

286 2483 409 2539 Flon'ac.
447 2485 575 2554 Cumque
589 2493 646 2538 tam
659 2483 827 2554 conspicuus
841 2482 953 2538 Christo
967 2493 995 2538 et
1013 2481 1130 2538 ecclesie
1146 2481 1281 2537 emineret
1298 2483 1435 2537 bonorum

286 2575 400 2620 actuum
412 2565 601 2620 ornamentis:
624 2566 739 2621 humani
752 2566 863 2636 generis
880 2565 1009 2620 inimicus
1025 2565 1161 2636 quosdam
1178 2581 1212 2618 ex
1229 2564 1287 2619 suis
1302 2566 1434 2620 membris

286 2647 312 2704 ei
336 2648 513 2704 aduersarios
538 2649 643 2704 inmisit
667 2649 714 2720 qui
740 2649 825 2704 fidem
851 2649 954 2704 Christi
980 2649 1033 2704 sibi
1055 2657 1223 2714 excuterent,
1242 2656 1271 2702 et
1292 2649 1436 2718 paciencia

241 2755 271 2808 ²5
287 2731 527 2803 perseuerantiam
547 2733 742 2787 subtrahentes
760 2733 880 2788 fructum
899 2732 972 2788 bone
990 2731 1142 2786 voluntatis
1159 2731 1308 2786 auferrent.

322 2827 474 2899 Gulsrr‘dus
493 2827 527 2880 de
550 2827 688 2881 Fontibus
707 2827 741 2880 de
759 2827 889 2897 r'nfancr'a
907 2827 1063 2881 Edmundi.
1101 2827 1225 2880 Fuerunt
1244 2835 1340 2880 autem
1360 2825 1435 2882 idem

286 2909 438 2966 aduersarii
465 2911 587 2980 Inguuar
610 2919 638 2965 et
663 2909 746 2965 Vbba
770 2909 888 2980 gentiles
920 2919 948 2965 et
978 2907 1089 2980 pagani,
1115 2908 1162 2964 filii
1187 2907 1262 2977 regis
1288 2909 1434 2964 Danorum

287 2993 435 3049 Lothbroci
460 2992 583 3059 nomine,
605 2992 653 3064 qui
674 2992 765 3047 ‘riuus
784 2993 915 3048 odiosus'
937 2993 1140 3064 interpretatur.
1179 2991 1229 3045 lsti
1251 3008 1317 3046 eum
1341 2993 1434 3048 multis

286 3076 348 3132 aliis
361 3077 389 3132 in
399 3076 549 3148 aquilonali
564 3075 627 3131 sinu
642 3077 785 3130 Dacorum
798 3085 914 3146 propter
922 3077 1032 3130 Gothos
1044 3083 1264 3140 commanentes,
1273 3091 1308 3128 ex
1319 3074 1434 3145 antiqua

240 3167 271 3218 30
286 3160 488 3215 consuetudine
500 3159 647 3230 piraticam
663 3159 771 3213 rabiem
788 3167 956 3224 exercentes,
970 3157 1122 3212 latrociniis
1137 3166 1165 3212 et
1182 3157 1433 3226 depredacionibus

285 3257 319 3296 ex
331 3251 390 3296 toto
403 3259 434 3296 se
447 3241 675 3311 mancipauerant
684 3252 712 3297 et
724 3242 817 3312 plures
828 3241 986 3312 prouincias
996 3240 1099 3295 uudeli
1111 3237 1275 3294 exterminio
1288 3239 1433 3296 dederant.

285 3323 338 3378 Est
355 3323 431 3378 enim
449 3341 519 3394 gens
537 3324 610 3378 mole
630 3324 753 3394 corporis
772 3325 861 3378 ardua
876 3333 903 3378 et
921 3323 1007 3391 fortis,
1021 3339 1162 3378 armorum
1181 3339 1282 3392 genere
1295 3323 1434 3392 terribilis,

285 3405 442 3460 Gothorum
455 3406 575 3473 soboles,
589 3416 616 3461 et
629 3407 719 3463 dictos
732 3423 763 3462 se
778 3414 878 3478 putant
894 3408 997 3472 Dacos,
1011 3405 1090 3477 quasi
1104 3407 1210 3474 Dagos,
1226 3406 1262 3459 de
1276 3405 1434 3461 Gothorum

285 3487 413 3542 videlicet
429 3487 515 3557 stirpe
528 3495 645 3543 creatos.
680 3491 705 3549 il
714 3491 768 3560 Qui
782 3501 876 3545 tamen
895 3506 951 3544 non
970 3499 1078 3544 mnttun
1093 3487 1272 3543 confidebant
1291 3487 1319 3542 iu
1338 3491 1433 3556 armis,

238 3583 269 3633 35
285 3580 420 3639 quantum
433 3571 461 3624 in
475 3572 556 3626 Vbbe
574 3570 746 3626 demoniacis
766 3572 872 3627 artibus
891 3582 918 3628 et
937 3573 965 3627 in
978 3571 1080 3642 quibus
1098 3570 1275 3625 imbuebatur
1288 3573 1435 3629 maleficiis

284 3663 312 3708 et
327 3653 470 3708 virulentis
487 3653 636 3724 prestigiis.
708 3655 774 3710 Fuit
792 3654 867 3710 enirn
886 3671 920 3709 ex
937 3664 996 3709 toto
1012 3654 1140 3708 minister
1158 3653 1322 3724 iniquitatis,
1335 3665 1363 3710 et
1380 3655 1434 3712 sibi

283 3736 504 3808 obsequentibus
522 3736 588 3790 artis
607 3738 765 3792 matheseos
784 3738 925 3807 magister.
961 3738 1111 3807 Tantaque
1129 3736 1277 3792 securitate
1296 3737 1362 3792 huic
1380 3739 1433 3794 arti

284 3820 437 3875 inoleuerat
454 3820 529 3890 quod
545 3819 637 3874 hostili
655 3819 787 3875 exercitui
804 3819 1040 3891 appropinquans,
1054 3819 1176 3874 diceret:
1197 3819 1324 3888 ‘Erigite
1343 3837 1390 3875 rne
1405 3821 1433 3876 in

283 3903 371 3958 altum
390 3912 418 3958 vt
439 3902 635 3972 superuideam
654 3902 821 3958 exercitum!
865 3903 956 3973 Quem
975 3902 998 3956 si
1016 3902 1190 3971 contingeret
1209 3903 1433 3972 circumspicere,

236 4005 269 4054 40
283 3986 462 4054 contingebat
475 3986 624 4040 aduersam
643 3994 752 4056 partem
771 3985 933 4055 pessumire,
946 3984 994 4039 illo
1010 3983 1127 4054 magicis
1144 3983 1313 4054 quibusdam
1326 3985 1432 4041 artibus

282 4072 461 4140 preuaiente;
481 4087 537 4124 non
551 4069 617 4140 quia
629 4068 783 4124 efficaciam
796 4069 919 4123 habeant
936 4067 1018 4123 huius
1037 4068 1105 4122 artis
1117 4067 1261 4131 maleficia,
1274 4067 1327 4122 nisi
1340 4086 1374 4123 ex
1387 4070 1431 4124 dei

282 4162 367 4207 cunta
385 4152 561 4224 disponentis
580 4150 770 4222 prouidencia‚
789 4161 816 4206 et
834 4168 869 4206 ex
889 4150 989 4206 merito
1010 4150 1147 4221 pacientis
1168 4151 1291 4205 hominis
1313 4152 1430 4209 miseria.

281 4233 298 4285 il
315 4235 446 4304 Quadam
465 4235 547 4304 igitur
566 4235 612 4289 die
633 4236 700 4289 dum
720 4233 885 4289 fraudulenti
904 4233 953 4288 filii
973 4234 1045 4305 patri
1064 4251 1185 4305 nequam
1205 4233 1376 4301 assisterent,
1394 4237 1430 4291 de

281 4317 418 4386 probitate
429 4317 553 4388 maligna
562 4328 590 4374 et
601 4317 754 4374 insolencia
764 4335 815 4374 sua
825 4319 944 4389 superbe
953 4317 1145 4374 conserentes:
1165 4327 1244 4389 pater
1256 4335 1353 4373 eorum
1367 4337 1427 4374 curn
