3012 4898
389 295 465 391 Di
488 293 656 385 &tuem
680 293 914 400 &stultns
1150 319 1223 394 ³55

70 495 112 552 ad
136 513 228 569 pasca
251 495 310 554 illis
333 496 383 554 dei
406 496 515 554 virtute
534 496 693 556 victitabat.
730 495 767 554 ln
792 496 868 554 Dolo
892 498 1014 554 tandem
1038 497 1222 556 monasterio

70 600 183 657 corpus
197 584 307 656 seculo,
319 584 451 642 animam
463 584 592 642 reddidit
605 585 679 656 celo,
691 584 795 659 quinto
807 584 865 643 kal.
878 585 1016 658 Augusti.

111 795 190 869 [MS.
203 797 267 854 Tib.
281 799 357 856 adds
370 819 377 858 :
545 767 742 832 llnavenub
750 769 769 827 ¹.

110 898 271 970 Diaconus
283 912 404 986 quidam
414 929 432 972 a
441 911 647 986 Longobardis
657 919 764 986 captus
774 921 803 971 et
812 911 922 987 ligatus
932 921 996 969 erat
1007 931 1014 970 :
1027 929 1046 970 a
1058 911 1167 987 quibus
1176 912 1224 970 uir

71 999 122 1056 dei
140 998 299 1056 Sanctolus
317 999 407 1074 peciit
419 1008 452 1058 ut
464 999 521 1058 sibi
534 1017 604 1058 eum
622 1001 661 1060 ad
677 1001 908 1058 custodiendum
920 1001 1082 1059 traderent.
1120 1000 1222 1070 ‘Tibi'

72 1085 221 1159 inquiunt,
230 1091 312 1144 ‘eum
326 1088 433 1144 darnus
444 1090 482 1146 ad
495 1087 732 1154 custodiendum,
742 1096 788 1146 set
801 1104 838 1145 ea
849 1087 1024 1146 condicione
1036 1087 1222 1162 interposita,
1237 1105 1252 1157 g

71 1183 105 1230 ut
118 1175 144 1231 si
157 1175 224 1247 ipse
236 1173 353 1248 fugerit,
366 1175 432 1249 ipse
445 1175 582 1232 moriaris
598 1192 654 1250 pro
670 1177 725 1232 eo.'
762 1176 850 1246 Quod
869 1175 916 1234 uir
933 1175 982 1233 dei
1000 1176 1129 1233 libenter
1147 1177 1223 1234 acci·

72 1260 173 1334 piens,
186 1261 344 1320 diaconum
362 1262 393 1320 in
412 1280 467 1320 sua
485 1263 620 1320 custodia
636 1263 790 1338 suscepit:
811 1272 841 1321 et
854 1265 952 1321 media
965 1272 1061 1334 nocte,
1074 1265 1223 1337 soporatis

72 1348 213 1419 inimicis,
231 1349 287 1408 ait:
308 1350 425 1424 ‘Surge
442 1359 473 1408 et
491 1350 625 1408 concitus
643 1351 719 1424 luge,
739 1351 846 1409 liberet
864 1361 895 1409 te
913 1351 1107 1425 omnipotens
1125 1352 1220 1408 deus!

75 1435 115 1493 Et
127 1436 195 1494 ille:
215 1436 258 1493 ‘F
259 1454 360 1510 ugere,
372 1446 467 1512 pater,
480 1455 540 1494 non
553 1455 686 1514 possum,
700 1437 770 1511 quia
784 1439 811 1495 si
829 1456 886 1512 ego
898 1438 1013 1512 sugero,
1026 1456 1083 1512 pro
1095 1455 1144 1496 me
1157 1438 1224 1496 sine

74 1523 167 1580 dubio
191 1523 346 1582 morieris!
383 1525 507 1600 ‘Surge,
531 1524 627 1598 inquit
652 1525 699 1583 uir
719 1525 778 1595 dei,
800 1534 831 1584 et
856 1527 933 1584 uade
958 1525 1107 1594 uelociter,
1127 1525 1223 1583 omni·
1238 1550 1270 1587 ιο

72 1619 185 1683 potens
201 1620 231 1668 te
243 1611 384 1670 dominus
396 1611 521 1686 eripiet;
540 1629 611 1670 narn
628 1630 685 1686 ego
702 1613 735 1669 in
753 1630 845 1672 manu
858 1613 923 1670 eius
935 1629 1012 1670 sum.
1048 1612 1179 1670 Tantum
1192 1613 1223 1670 in

75 1715 126 1756 me
140 1706 266 1772 possunt
278 1698 378 1758 facere
389 1708 534 1772 quantum
547 1699 613 1772 ipse
625 1699 813 1776 permiserit’
850 1699 939 1773 Fugit
956 1699 1057 1774 itaque
1072 1701 1224 1770 diaconus,

72 1797 105 1843 et
118 1786 205 1860 quasi
217 1786 362 1863 deceptus
378 1787 409 1844 in
424 1789 524 1846 medio
543 1787 704 1846 fideiussor
717 1788 870 1846 remansit
908 1787 997 1847 Facto
1015 1796 1115 1845 autem
1134 1805 1224 1846 mane

74 1890 146 1932 cum
158 1874 206 1932 uir
217 1874 265 1932 dei
278 1876 436 1932 diaconum
450 1874 563 1949 fugisse
579 1875 795 1950 respondisset,
807 1874 946 1932 omnibus
962 1874 1073 1948 placuit
1085 1883 1118 1932 ut
1130 1875 1224 1932 Sanc-

75 1962 156 2020 tolus
166 1970 342 2020 moreretur.
368 1962 405 2020 Et
414 1962 573 2036 impetrato
581 1963 632 2022 uix
641 1963 747 2023 orandi
756 1962 858 2036 spacio
867 1980 935 2020 curn
946 1962 1098 2036 paululum
1107 1961 1224 2020 diucius
1238 1989 1268 2042 ¹3

76 2057 187 2120 oraret,
211 2049 326 2108 electus
355 2049 495 2124 iugulus¹
520 2068 590 2109 eum
615 2052 695 2110 calce
719 2051 849 2126 pulsauit
873 2059 906 2108 ut
930 2058 1076 2124 surgeret,
1099 2049 1223 2116 dicens}

74 2136 194 2210 ‘Surge
211 2145 242 2196 et
260 2136 340 2194 llexo
357 2155 437 2212 genu
453 2138 546 2196 tende
560 2138 727 2198 ceruicem!
766 2138 803 2196 Et
816 2156 886 2197 cum
898 2146 987 2196 tenso
999 2136 1075 2194 collo
1087 2137 1224 2200 eductam

75 2232 182 2282 contra
200 2241 235 2281 se
253 2234 370 2298 spatam
389 2225 514 2296 uideret,
533 2225 627 2284 dixit:
654 2226 783 2284 ‘Sancte
806 2225 966 2294 lohannes,
986 2224 1106 2299 suscipe
1125 2223 1225 2282 illam!

73 2311 163 2370 Tunc
187 2311 322 2370 carnifex
345 2312 502 2372 brachium
526 2330 727 2386 percussurus
750 2313 869 2384 leuauit,
894 2321 941 2370 set
964 2313 1117 2385 deponere
1142 2311 1225 2368 nullo

75 2399 169 2460 modo
186 2399 290 2472 potuit,
303 2408 333 2457 et
352 2399 481 2474 obriguit
498 2417 532 2458 ac
551 2399 716 2458 inflexibile
734 2400 887 2458 remansit.
923 2399 1008 2457 Tunc
1025 2397 1125 2458 omnis
1137 2400 1225 2458 turba
1239 2430 1271 2467 20

75 2485 158 2558 cepit
181 2489 280 2544 uirum
299 2487 347 2544 dei
372 2505 441 2546 cum
465 2489 573 2545 timore
593 2487 740 2560 uenerari,
762 2497 793 2546 et
813 2487 935 2546 brachio
955 2485 1103 2545 carnificis
1122 2495 1225 2544 curato

73 2578 172 2634 boues
188 2584 218 2634 et
235 2575 369 2634 iumenta
380 2575 562 2650 depredata⁸
575 2576 603 2634 ei
616 2575 724 2634 offerre
736 2576 892 2634 uolebant:
913 2584 959 2632 set
971 2575 1018 2632 uir
1030 2574 1079 2632 dei
1092 2592 1225 2633 renuens

74 2665 139 2722 ait:
159 2663 209 2722 ‘Si
226 2664 317 2722 michi
332 2663 444 2737 aliquid
457 2663 548 2722 uultis
561 2665 737 2734 concedere,
749 2680 856 2721 ornnes
868 2663 1003 2737 captiuos
1015 2681 1092 2736 quos
1107 2663 1226 2725 habetis

74 2751 170 2811 michi
188 2751 319 2824 tribuite,
338 2761 370 2811 ut
394 2752 521 2810 habeam
546 2753 627 2810 unde
650 2768 707 2825 pro
731 2751 820 2810 uobis
843 2750 959 2825 possim
980 2753 1084 2810 orare’
1123 2752 1161 2810 Et
1184 2753 1226 2811 ita

73 2839 186 2898 factum
199 2840 285 2914 est⁴.]
1240 2865 1270 2917 ag

225 3065 250 3128 {i
268 3053 345 3125 'DE
363 3083 481 3124 SANCTA
501 3053 677 3126 SEXBURGA
695 3081 811 3122 snmus
829 3081 866 3121 ΕΤ
884 3063 1077 3121 Asssrrssn⁶.

77 3203 232 3336 SAncta
244 3205 410 3278 Sexburga,
422 3221 494 3263 vera
506 3203 690 3277 imperatrix,
698 3202 810 3262 diuitiis
822 3201 998 3277 imperabat,
1011 3220 1067 3260 nec
1080 3203 1138 3261 hiis
1150 3221 1226 3278 quas

168 3292 288 3352 tenebat
309 3293 404 3350 teneri
426 3301 551 3366 poterat.
590 3292 687 3349 Nemo
708 3291 758 3350 illa
778 3291 858 3348 inter
877 3290 999 3348 delicias
1019 3291 1226 3364 continentior,

74 3396 170 3437 nenro
186 3379 218 3436 in
238 3381 321 3454 regio
340 3381 419 3438 fastu
439 3379 580 3438 humilior
601 3397 656 3436 nec
677 3379 785 3452 spiritu
803 3378 972 3452 pauperior.
1010 3377 1077 3436 Fuit
1097 3396 1227 3453 namque

74 3469 135 3524 bec
145 3467 232 3525 beata
244 3467 325 3542 regis
332 3468 423 3526 Anne
432 3467 643 3541 Estanglorum
656 3467 726 3538 filie,
735 3465 892 3540 generosis
904 3466 1038 3523 moribus
1047 3476 1077 3524 et
1087 3468 1227 3525 omnibus

75 3553 219 3614 amabilis
236 3572 270 3614 ac
289 3557 425 3629 gratiosa.
463 3555 540 3614 Cum
557 3557 638 3612 enim
657 3553 846 3624 adoleuisset,
860 3554 1053 3611 Ercomberto
1072 3555 1135 3628 regi
1148 3556 1226 3613 Can·
1240 3581 1273 3632 30

75 3643 175 3702 tuarie
195 3642 406 3716 aparentibus
422 3644 549 3701 traditur
566 3642 597 3700 in
615 3660 750 3713 vxorem,
769 3642 891 3715 natique
912 3651 983 3699 sunt
1004 3640 1045 3698 illi
1066 3642 1119 3698 lilii
1137 3660 1227 3717 reges

110 3825 180 3874 ⁸Ex
196 3824 270 3874 Vrnc.
289 3823 355 3874 Bell.
372 3823 460 3876 xxn.
479 3826 526 3888 83;
543 3825 574 3876 ct'.
593 3825 673 3887 Greg.
691 3825 757 3876 Dial.
776 3825 824 3875 lll.
841 3841 881 3888 37.
971 3823 1053 3874 ΨΒ.
1069 3825 1227 3876 interfector.

75 3889 370 4007 usrrnrr

112 4017 296 4092 Omnipotens
308 4030 467 4093 sempiterne
482 4031 555 4092 dens,
566 4029 650 4080 tribue
666 4029 742 4080 nobis
756 4045 805 4093 per
819 4029 1032 4080 intercessionem
1043 4029 1125 4078 sancti
1137 4029 1227 4092 Semp-

75 4097 153 4147 sonis
170 4095 285 4159 episcopi
302 4097 467 4158 poscentibus
483 4102 646 4158 peccatonrm
662 4095 772 4157 ueniam,
790 4095 955 4158 querentibus
974 4095 1064 4145 salutis
1082 4095 1155 4152 uiam,
1173 4094 1228 4158 pul-

76 4162 197 4214 santibus
206 4161 321 4226 aperilre
329 4161 433 4211 celestis
444 4162 516 4224 regni
528 4161 619 4222 aulam,
628 4167 656 4210 ut
667 4162 701 4210 ad
712 4169 828 4211 eternam
836 4161 977 4212 maiestatis
986 4169 1030 4210 tue
1041 4159 1228 4210 habitationem

75 4239 104 4282 te
116 4228 257 4278 adiuuante
268 4228 406 4290 peruenire
418 4243 569 4288 mereamur,
582 4228 649 4291 per).
682 4227 720 4276 Cl.
734 4227 810 4278 Brev.
823 4227 880 4278 Sar.

111 4293 122 4323 ¹
140 4293 187 4343 Ed.
200 4292 226 4341 in
238 4292 296 4343 Act.
310 4293 357 4343 SS.
371 4293 436 4345 Boll.
447 4293 498 4352 Jul.
511 4293 545 4344 11.
557 4307 581 4355 p.
595 4307 652 4354 349
685 4292 747 4342 Abr.
760 4293 826 4341 lrorn
837 4293 883 4341 the
894 4291 1031 4343 Lectiones
1041 4291 1068 4342 in
1081 4290 1137 4342 MS.
1146 4289 1226 4354 Calig.

75 4359 110 4412 Λ.
123 4358 198 4409 Vlll.
211 4359 254 4409 lol.
267 4359 308 4422 89,
321 4359 400 4422 Corp.
412 4357 473 4409 Chr.
485 4358 550 4410 Coll
563 4357 623 4409 Cbr.
638 4372 698 4421 393.
763 4355 773 4386 ⁸
787 4367 813 4409 et
824 4358 881 4410 abb.
893 4372 943 4409 orn.
956 4359 983 4407 in
995 4358 1023 4409 T.

616 4469 697 4510 ΔΗ
