3008 4904
287 319 359 390 204
597 295 728 384 nota
752 291 942 398 [tumult
966 293 1118 398 fingite.

285 494 422 554 similiter
440 511 524 552 arma
542 494 716 566 ferentibus,
734 505 884 568 prostrata
903 495 933 551 in
951 503 1062 552 tenarn
1081 495 1171 552 deum
1193 509 1261 551 cunt
1281 493 1448 552 lachrimis

285 583 431 642 exorauit.
467 582 610 657 Surgenti
628 591 728 640 autem
749 600 768 639 a
788 593 867 640 terra
887 583 1025 656 apparuit
1043 581 1188 652 diabolus,
1202 599 1271 638 cum
1291 581 1358 640 hm
1379 585 1449 656 epi·
1491 605 1492 610 ¹

285 687 396 744 scopus
407 671 585 728 accessisset
597 670 813 744 propinquius:
833 679 863 726 et
880 670 1035 743 conspexit
1047 670 1129 726 velut
1142 670 1297 744 ethiopem
1314 671 1447 744 nigrum

284 757 443 832 puerulum
463 759 502 814 ad
522 757 679 815 sinistrum
700 758 810 831 pedem
830 757 909 814 illius
927 758 1121 830 pendentem,
1139 758 1177 814 ad
1196 757 1356 815 sinistram
1377 761 1448 816 eius

257 863 389 916 :aurem
414 846 494 902 mala
517 855 734 916 susurrantem,
755 853 786 901 et
811 844 842 901 in
866 846 957 902 corde
981 845 1047 902 eius
1070 845 1172 917 iniqua
1195 844 1321 902 consilia
1348 847 1448 902 semi·

285 943 416 992 nantem.
452 933 537 990 Tunc
551 933 601 990 illa
619 941 791 990 constanter
807 933 924 1006 signum
942 933 1040 990 crucis
1058 933 1090 989 in
1108 931 1205 990 t'ronte
1224 931 1352 999 iaciens,
1373 952 1447 1006 per-

285 1021 363 1078 rexit
382 1021 501 1078 obuiam
522 1020 573 1090 illi,
594 1029 625 1078 et
645 1037 714 1076 cum
734 1037 843 1094 magna
865 1019 973 1076 fiducia
993 1020 1087 1077 dixit:
1107 1019 1161 1076 ‘In
1174 1019 1298 1076 nomine
1320 1021 1446 1078 domini
1492 1061 1493 1066 κ

284 1109 379 1165 nostri
389 1108 479 1165 lhesu
487 1109 601 1166 Christi
613 1117 659 1166 sta
672 1107 721 1177 ibi,
729 1108 855 1178 Cheuin,
867 1117 897 1164 et
910 1118 1036 1182 expecta
1049 1107 1220 1182 paulisper:
1240 1117 1309 1165 esto
1316 1109 1446 1180 quietus

284 1205 315 1252 et
334 1213 372 1252 ne
391 1196 542 1254 monearis
564 1197 724 1253 aduersum
745 1213 802 1266 me,
824 1197 921 1253 donec
945 1196 1051 1268 loquar
1071 1206 1169 1252 tecum
1189 1203 1219 1252 et
1241 1196 1350 1252 audias
1377 1215 1446 1254 ser·

242 1307 272 1344 :0
286 1300 407 1340 monem
429 1283 543 1340 domini
562 1285 600 1340 de
618 1299 671 1340 ore
690 1286 775 1340 meo!
813 1284 863 1339 Ad
882 1284 958 1340 hanc
976 1301 1082 1339 vocem
1100 1283 1259 1356 stupefacti
1278 1301 1394 1340 omnes
1415 1295 1445 1340 et

284 1371 481 1428 vehementer
493 1369 635 1439 exterriti,
649 1369 807 1427 manifesta
819 1369 868 1426 dei
880 1369 989 1427 virtute
1001 1370 1117 1427 attoniti
1132 1370 1341 1426 constiterunt.
1382 1371 1446 1428 Lo·

284 1467 376 1532 quuta
388 1467 434 1514 est
443 1467 543 1514 auten:
556 1459 594 1516 ad
607 1457 782 1530 episcopum
798 1457 977 1514 Modwenna
989 1457 1110 1514 dicens:
1123 1459 1131 1488 ‘
1142 1457 1216 1530 Eya,
1229 1457 1332 1528 frater,
1344 1477 1445 1531 quare

284 1555 346 1602 tam
365 1545 463 1602 subito
478 1544 642 1619 permisisti
661 1544 817 1601 sathanam
837 1543 902 1602 sine
922 1545 1076 1602 obstaculo
1094 1544 1219 1601 introire
1230 1545 1269 1600 ad
1281 1557 1444 1602 cortuum
1493 1553 1494 1562 ¹

284 1642 315 1690 et
334 1633 429 1689 malas
449 1632 643 1706 cogitationes
665 1632 871 1690 introducere:
890 1643 923 1690 vt
941 1632 1111 1706 relinquere
1132 1641 1162 1689 te
1184 1632 1297 1690 faceret
1319 1650 1444 1690 sacram

242 1739 271 1791 :5
286 1720 476 1777 solitudinem
494 1720 608 1778 heremi
621 1728 651 1776 et
664 1719 863 1776 habitaculum
881 1729 1017 1776 sanctum
1034 1724 1137 1776 tuum?
1173 1719 1234 1776 Cur
1247 1729 1310 1776 tam
1325 1721 1445 1794 impro-

285 1807 373 1864 uidus
398 1807 548 1866 emulatus
572 1825 607 1864 es
632 1807 797 1864 Glunelach
823 1818 851 1863 et
877 1807 992 1880 Alphin
1017 1805 1199 1864 emulatione
1223 1807 1385 1878 diabolica,
1413 1821 1444 1865 et

285 1895 395 1969 putasti
410 1897 499 1953 deum
517 1913 587 1952 esse
604 1905 653 1952 aut
671 1895 868 1968 impotentem
887 1905 938 1952 aut
957 1895 1110 1964 iniustum,
1127 1893 1213 1967 quasi
1228 1897 1281 1968 qui
1296 1896 1348 1953 vel
1366 1897 1445 1953 nolit

284 1983 332 2039 vel
351 1991 479 2056 nequeat
497 1999 693 2055 compensare
714 1981 820 2039 merita
840 1982 1025 2056 singulorum
1042 1992 1073 2039 et
1089 1983 1255 2040 retribuere
1275 1984 1444 2057 unicuique

285 2071 451 2128 secundum
464 2087 557 2143 opera
569 2073 644 2128 sua?
679 2070 741 2127 eur
756 2078 817 2126 tam
835 2069 921 2128 facile
936 2071 1074 2126 sufflante
1090 2079 1180 2126 vento
1198 2087 1353 2128 excussus
1369 2089 1406 2128 es
1425 2089 1443 2127 a
1494 2103 1495 2106 η

242 2180 273 2216 :o
286 2157 361 2215 facie
374 2167 454 2215 terre
466 2167 609 2231 tanquam
626 2158 726 2230 puluis
743 2157 924 2229 leuissimus,
938 2167 968 2214 et
980 2157 1093 2214 nullam
1109 2174 1237 2230 prorsus
1254 2159 1443 2216 soliditatem

285 2246 451 2302 constantie
465 2247 599 2318 reperire
611 2245 642 2302 in
655 2255 685 2302 te
698 2246 793 2319 potuit
802 2245 989 2319 temptatoris
1001 2245 1113 2302 lallacis
1126 2245 1247 2302 inimica
1259 2249 1442 2319 persuasio?

287 2333 395 2390 Nonne
408 2333 504 2406 magis
516 2334 705 2406 congaudere
718 2342 748 2390 te
760 2341 932 2406 oportuerat
944 2335 1013 2405 quia
1024 2332 1132 2390 fratres
1144 2333 1186 2390 tui
1198 2334 1312 2390 mortui
1322 2334 1444 2391 fueram

286 2430 316 2478 et
341 2422 525 2488 reulxerunt‚
550 2420 703 2494 perierant
724 2430 754 2478 et
776 2421 890 2477 inuenti
914 2423 1005 2477 sunt?
1043 2421 1196 2494 Numquid
1215 2439 1277 2478 non
1298 2421 1442 2480 Christus

286 2525 341 2581 pro
355 2509 458 2582 impiis
470 2518 606 2566 mortuus
618 2517 681 2566 est:
701 2508 788 2581 quia¹
801 2517 896 2566 morte
914 2525 969 2564 sua
981 2508 1120 2565 iustificat
1132 2507 1260 2582 impium
1273 2520 1305 2566 et
1319 2513 1444 2568 salunt?

241 2615 272 2666 :5
286 2596 387 2666 Quare
411 2615 484 2670 ergo
503 2596 623 2653 doluisti
643 2604 704 2652 tam
723 2595 840 2666 stolide,
861 2598 900 2652 ab
923 2613 1027 2653 errore
1052 2595 1207 2669 gentilium
1232 2597 1350 2671 impios
1370 2617 1443 2656 con·

285 2701 393 2740 uersos
404 2685 442 2740 ad
455 2685 556 2755 tidem,
568 2685 619 2757 qui
633 2683 769 2740 membra
781 2683 893 2740 Christi
906 2683 1006 2740 effecti
1017 2699 1074 2757 per
1085 2683 1134 2740 dei
1145 2684 1273 2756 gratiam
1286 2703 1306 2740 a
1318 2685 1443 2744 vinculo

285 2781 391 2828 eterne
410 2770 633 2844 dampnationis
652 2771 766 2828 liberati
783 2776 874 2828 sunt?
911 2770 1063 2844 Numquid
1075 2787 1136 2826 non
1149 2771 1287 2841 charitas,
1306 2791 1370 2845 que
1387 2791 1443 2830 sua

286 2867 357 2917 sunt
374 2876 435 2915 non
455 2859 561 2932 querit,
580 2861 634 2916 sed
655 2858 755 2932 potius
775 2875 836 2931 que
857 2868 927 2916 sunt
947 2857 1084 2928 alterius:
1103 2867 1133 2914 et
1153 2858 1192 2915 ob
1213 2857 1270 2914 hoc
1290 2861 1396 2930 edam,
1416 2862 1443 2917 si

286 2964 412 3004 necesse
431 2946 536 3003 suisset
553 2954 584 3002 te
603 2948 711 3004 cedere
729 2947 766 3003 de
784 2947 849 3003 loco
868 2948 990 3020 proprio
1008 2955 1132 3019 propter
1148 2945 1281 3016 fratrem,
1299 2947 1443 3006 dubitare

241 3054 273 3104 50
286 3036 435 3092 debueras
449 3033 556 3090 merita
568 3043 618 3091 tua
631 3035 769 3107 perdere,
779 3033 864 3106 quasi
878 3033 1016 3090 Christus
1028 3032 1080 3090 tibi
1094 3050 1154 3089 non
1167 3033 1290 3101 valeret,
1300 3034 1327 3092 si
1337 3036 1442 3104 vellet,

287 3124 381 3181 multo
399 3122 525 3180 meliora
542 3127 726 3195 prepararet
763 3121 858 3194 Signa
877 3121 976 3194 itaque
994 3139 1047 3178 cor
1064 3132 1158 3189 tuum,
1174 3119 1275 3190 irater,
1292 3131 1322 3178 et
1343 3141 1443 3196 agens

286 3211 482 3284 penitentiam
508 3209 672 3282 resipisce:
692 3219 722 3266 et
740 3210 815 3266 deus
833 3211 977 3278 omnium,
1000 3209 1051 3283 qui
1071 3219 1103 3266 te
1123 3208 1220 3264 adhuc
1241 3212 1379 3268 seruauit
1401 3229 1443 3269 ne

286 3314 380 3370 opere
410 3306 603 3372 perpetrares
627 3297 749 3366 malum,
774 3297 840 3370 ipse
863 3314 918 3354 sua
944 3297 1054 3370 pietate
1079 3297 1218 3352 iamnunc
1242 3296 1296 3353 tibi
1321 3301 1443 3371 aperiat

286 3384 399 3454 oculos,
411 3395 443 3442 vt
455 3386 559 3442 videas
576 3394 606 3442 et
624 3401 731 3442 caueas
749 3383 901 3442 inimicum
919 3384 970 3458 qui
987 3393 1017 3440 te
1034 3383 1160 3457 decepit,
1176 3400 1230 3441 sua
1248 3382 1362 3442 fallatia
1381 3387 1441 3444 huc

242 3491 272 3542 35
286 3473 406 3530 attraxit
425 3481 455 3528 et
473 3482 503 3529 te
522 3489 641 3530 summo
660 3472 758 3529 studio
777 3489 795 3528 a
813 3481 916 3528 sancto
935 3474 1089 3546 proposito
1107 3479 1231 3528 conatur
1247 3471 1393 3542 euellere,
1409 3487 1442 3534 v:

287 3561 480 3634 postmodum
501 3560 599 3616 valeat
623 3561 661 3616 de
684 3569 736 3616 tua
759 3559 900 3616 societate
921 3559 951 3616 in
974 3577 1029 3616 sua
1050 3559 1262 3632 dampnatione
1283 3561 1442 3632 gaudere)

288 3647 356 3706 Hec
368 3665 436 3704 cum
449 3647 500 3704 illa
512 3648 646 3716 dixisset,
656 3646 800 3704 reuelauit
812 3646 953 3704 dominus
965 3647 1069 3704 oculos
1081 3657 1112 3704 et
1123 3646 1304 3703 intellectum
1319 3647 1442 3706 Cheuin

286 3735 442 3810 episcopi:
462 3743 493 3792 et
505 3736 663 3809 conspexit
676 3733 835 3793 manifeste
847 3736 998 3792 diabolum
1012 3734 1042 3791 in
1055 3734 1156 3807 specie
1169 3733 1298 3807 ethiopis
1309 3743 1340 3791 et
1350 3739 1442 3809 quasi

287 3824 407 3898 nigrum
437 3823 599 3898 puerulum
630 3822 786 3880 herentem
817 3823 854 3879 ad
886 3821 1040 3879 sinistrum
1065 3823 1176 3895 pedem
1201 3837 1298 3878 suum.
1335 3822 1441 3892 Quem

241 3931 275 3982 40
287 3913 455 3981 attendens,
468 3912 664 3968 vehementer
675 3909 829 3968 exhorruit
837 3909 857 3979 ¹,
870 3918 900 3966 et
914 3909 1137 3976 Modwennant,
1148 3919 1180 3966 vt
1192 3909 1275 3964 illum
1292 3911 1442 3981 precibus

287 3999 352 4057 suis
376 4017 394 4056 a
418 4015 451 4058 se
477 3998 651 4072 expelleret,
678 3997 855 4071 suppliciter
871 4013 941 4054 cum
962 3997 1114 4054 lachrimis
1141 3995 1310 4069 postulauit.
1348 3998 1442 4070 Quod

288 4105 356 4145 cum
376 4086 425 4143 illa
443 4085 572 4156 lecisset,
592 4084 730 4159 protinus
755 4101 839 4142 arma
863 4083 1022 4157 proiiciunt
1041 4095 1071 4142 et
1090 4086 1129 4141 ad
1150 4093 1262 4142 terram
1281 4101 1317 4142 se
1334 4101 1441 4146 coram

286 4173 402 4249 virgine
415 4182 619 4248 prosternunt,
629 4181 752 4246 pectora
763 4173 942 4246 percutiunt,
955 4172 1083 4247 supplici
1095 4189 1186 4245 prece
1197 4188 1306 4230 omnes
1316 4175 1441 4232 veniam

638 4353 646 4383 ¹
664 4353 717 4405 Vit.
729 4355 780 4418 qui.
881 4353 891 4384 ¹
908 4353 938 4405 E.
950 4353 1091 4405 abhorruit.
