3012 4898
254 283 326 374 34⁶
562 278 694 366 Rutu
719 274 911 381 litum
935 275 1089 382 muta

254 495 370 538 morem
382 487 541 538 vescentes
556 477 729 548 letarentur,
742 479 889 554 cogitabat
901 479 1003 554 puella
1014 481 1164 554 quomodo
1179 489 1289 581 posset
1301 481 1387 537 ad'
1353 481 1417 538 vrri

253 567 374 624 thorum
399 566 550 642 ingredi'
541 567 661 642 ipsique
680 567 791 624 cumali
815 567 1030 625 commixtione
1053 568 1195 642 copulari,
1215 569 1271 642 qui
1297 568 1417 627 Chnsti

253 657 341 729 signo
364 657 499 713 nondum
523 666 586 714 erat
611 654 779 729 insignitus.
817 653 865 711 Ex
894 653 999 712 intimo
1023 655 1166 728 ita(que)¹
1189 657 1295 714 oord'n
1320 657 1418 729 longa

252 743 378 800 trahens
391 743 529 817 suspiria,
542 742 703 816 oculosque
716 743 754 799 ad
767 741 872 800 ethera
884 741 998 809 leuans,
1010 743 1163 800 Christum
1182 762 1289 818 regem
1308 745 1419 802 omnia

224 843 239 896 a
254 831 462 889 moderantem
475 830 601 901 inuocat,
609 831 766 904 taliterque
779 847 848 888 cum
861 829 1015 888 lachrimis
1027 841 1148 888 exorat:
1169 831 1325 890 ‘Domine
1334 834 1418 890 deus

253 927 370 976 creator
387 928 418 976 et
436 919 571 976 omnium
591 919 772 991 redemptor,
794 935 834 974 ne
856 917 939 974 sinas
961 935 1072 992 corpus
1096 936 1199 975 meum
1216 919 1314 993 pollui
1339 938 1416 978 curn

252 1006 316 1064 viro
334 1023 352 1065 a
370 1015 401 1064 te
419 1005 554 1078 alienato,
574 1007 628 1064 sed
646 1013 788 1064 conuerte
806 1022 859 1062 cor
875 1005 941 1063 eius
962 1006 1001 1062 ad
1022 1023 1157 1062 amorem
1175 1016 1272 1076 tuum,
1291 1017 1326 1064 et
1343 1007 1417 1064 illu·

253 1093 335 1152 mina
353 1093 425 1152 illud
444 1093 607 1167 splendore
625 1093 725 1152 vultus
742 1093 802 1150 tui:
830 1093 930 1166 daque
946 1093 989 1150 illi
1008 1093 1243 1167 intelligentiam,
1260 1105 1295 1152 vt
1314 1105 1347 1152 te
1366 1096 1419 1152 in·

252 1181 389 1256 telligere
408 1182 514 1252 valeat,
532 1189 562 1238 et
581 1183 706 1256 gratiam
726 1180 866 1254 baptismi
886 1180 929 1236 tui
948 1181 1128 1254 percipiat².'
1165 1181 1204 1237 Et
1225 1181 1284 1240 hec
1307 1201 1416 1251 orans,

210 1287 240 1324 ιο
253 1269 330 1326 illico
342 1287 411 1328 cum
424 1268 556 1344 sponao³
568 1269 657 1326 intrat
675 1269 713 1326 ad
732 1267 906 1337 thalamum,
924 1269 1069 1342 illumque
1086 1269 1127 1326 ita
1144 1269 1269 1326 affamur:
1289 1271 1416 1342 ‘Scias

253 1357 357 1430 inquit,
376 1357 498 1415 domine
520 1375 584 1428 rex,
603 1373 757 1430 nunquam
782 1373 832 1412 me
852 1355 1029 1413 intraturam
1054 1365 1138 1414 tuum
1159 1357 1290 1428 thorum,
1311 1361 1416 1432 prius·

252 1445 363 1518 quam⁴
376 1445 561 1518 baptismum
579 1443 708 1519 accipias
727 1443 878 1517 deumque
896 1443 1008 1501 trinum
1021 1453 1051 1500 et
1064 1462 1156 1502 vnum
1174 1463 1215 1503 ex
1232 1455 1296 1502 toto
1316 1450 1416 1506 eorde

252 1532 431 1602 confitearis,
444 1533 568 1590 abiectis
580 1531 705 1590 culturis
718 1531 882 1588 idolorum!
917 1531 1055 1605 Cumque
1068 1532 1124 1590 hoc
1136 1532 1272 1604 dixisset,
1284 1545 1416 1608 gratum

252 1627 341 1695 atque
361 1620 553 1694 acceptabile,
573 1619 631 1678 deo
648 1619 776 1688 volente,
795 1619 849 1676 luit
867 1635 982 1692 sponso
1003 1619 1109 1678 suutis
1127 1621 1277 1689 verbum;
1300 1622 1415 1696 sicque

210 1725 239 1776 ιι
252 1717 394 1782 suscepto
418 1707 537 1775 ieiunio,
561 1709 648 1766 tertia
671 1707 720 1765 die
750 1707 917 1781 baptizatus
942 1717 998 1776 est,
1022 1717 1052 1764 et
1078 1707 1162 1766 iuxta
1191 1709 1282 1766 ritum
1307 1711 1415 1768 chris-

252 1795 401 1854 tianorum
432 1795 561 1870 coniugii
589 1795 647 1870 legi
677 1795 862 1854 coniunctus
899 1795 1043 1868 Concepit
1073 1813 1145 1870 ergo
1169 1798 1272 1870 regina
1301 1816 1347 1855 ex
1375 1819 1414 1857 eo

253 1883 355 1942 lilium
395 1883 433 1942 Et
451 1883 711 1958 appropinquante
736 1891 872 1957 tempore
894 1883 1038 1957 pariendi,
1058 1883 1139 1941 misit
1160 1901 1215 1942 rex
1237 1884 1348 1942 Penda
1372 1889 1413 1944 ad

252 1989 399 2046 generum
419 1989 506 2028 suum
526 1981 556 2029 et
575 1971 613 2028 ad
631 1970 790 2045 coniugem
809 1971 884 2040 eius,
896 1979 928 2028 vt
946 1971 1058 2044 pariter
1074 1973 1112 2028 ad
1131 1990 1201 2029 eum
1213 1972 1368 2042 venirent,
1382 1986 1413 2031 et

253 2069 355 2116 mutuo
367 2076 471 2116 amore
483 2059 661 2116 exultarent
699 2058 769 2116 Rex
781 2057 910 2131 denique
924 2059 1257 2117 Northanhumbrorum
1269 2061 1414 2134 prelatus

208 2165 240 2202 ao
252 2148 324 2204 dum
345 2146 432 2206 cum⁸
445 2164 539 2205 vxore
558 2155 726 2220 pregnante
740 2154 878 2220 carperet
896 2145 961 2217 iter,
979 2147 1104 2220 cogebat
1122 2155 1226 2220 partus
1244 2147 1412 2207 mulierem

253 2251 378 2308 parere:
405 2233 508 2308 sicque
530 2234 561 2291 in
580 2235 710 2308 quodam
729 2243 814 2307 prato
833 2233 936 2290 famuli
955 2232 1126 2307 militesque
1143 2233 1334 2308 papiliones⁸
1355 2255 1413 2294 ex·

253 2323 380 2381 tendunt
409 2331 498 2396 atque
524 2322 660 2390 tentoria,
691 2331 722 2379 et
753 2338 824 2378 mox
849 2321 953 2395 regina
983 2322 1077 2378 lilium
1106 2323 1232 2396 peperit,
1256 2339 1275 2380 a
1301 2325 1412 2382 miultis

252 2419 386 2483 optatum
399 2419 429 2468 et
442 2411 529 2469 adeo
541 2411 767 2468 sanctificatum.
804 2409 941 2483 Cumque
956 2409 1054 2468 infans
1071 2419 1159 2468 natus
1175 2411 1289 2480 hussel,
1302 2415 1411 2470 statim

253 2499 332 2555 clara
345 2516 418 2557 voce
436 2499 575 2556 omnibus
594 2497 783 2556 audientibus
802 2497 941 2555 clamauit
953 2497 1076 2555 dicens:
1104 2498 1313 2556 ‘Christianus
1325 2517 1411 2571 sum,

209 2605 238 2656 ²5
253 2585 433 2644 christianus
463 2603 540 2658 sum,
565 2587 748 2644 christianus
778 2587 862 2643 sum!
916 2587 967 2642 Ad
997 2585 1074 2642 hanc
1104 2602 1209 2642 vocem
1243 2588 1411 2660 [reponde-

252 2673 352 2748 runt]⁷
373 2674 531 2748 presbiteri
550 2675 609 2731 duo
631 2673 807 2732 Widerinus
826 2682 857 2730 et
878 2671 1041 2730 Edwoldus
1054 2673 1065 2706 ⁸
1078 2673 1213 2731 dicentes
1230 2674 1319 2731 ‘Deo
1336 2693 1410 2749 gra-

252 2761 325 2820 tias!
362 2761 399 2820 Et
415 2770 484 2837 post
501 2763 556 2820 hec
572 2761 765 2835 subsequitur
778 2759 897 2818 infans:
918 2760 1062 2818 ‘Trinum
1074 2769 1106 2818 et
1117 2779 1210 2818 vnum
1222 2763 1316 2819 deum
1330 2765 1409 2834 colo,

252 2851 398 2908 confiteor
416 2860 446 2908 et
464 2852 565 2922 adoro,
584 2859 701 2926 patrem
720 2859 750 2907 et
769 2849 863 2906 filium
881 2859 912 2906 et
931 2849 1070 2921 spiritum
1088 2851 1243 2906 sanctum!
1281 2851 1334 2908 Ad
1351 2852 1409 2909 hec
1494 2895 1495 2908 ι

252 2937 411 3012 presbiteri
432 2947 462 2996 et
486 2939 638 2997 astantes’
661 2947 692 2996 et
712 2955 820 2995 omnes
841 2936 892 3010 qui
917 2937 1073 2994 aderant¹⁰
1092 2936 1235 2994 mirantes
1257 2947 1409 3012 ceperunt

208 3045 240 3094 30
252 3035 373 3084 cantare
392 3025 455 3084 ‘Te
470 3028 560 3084 deum
580 3027 753 3084 laudamus!
797 3025 865 3095 Quo
883 3024 977 3092 finito,
990 3025 1111 3098 rogabat
1130 3041 1163 3081 se
1182 3025 1284 3082 infans
1303 3028 1408 3084 cathe-
1494 3023 1495 3066 t

252 3115 405 3172 cuminum
424 3113 614 3171 aWiderino
633 3114 789 3172 sacerdote
808 3112 883 3181 fieri,
897 3121 926 3169 et
945 3113 983 3169 ab
1004 3111 1149 3169 Edwoldo
1166 3113 1264 3170 teneri
1283 3115 1322 3170 ad
1337 3133 1406 3189 pre-
1494 3131 1495 3156 ι

252 3203 439 3276 signaculum
463 3202 543 3274 fidei,
568 3211 599 3260 et
630 3201 843 3259 Rumwoldum
869 3201 977 3257 vocari.
1015 3200 1153 3258 Perfecto
1183 3201 1405 3274 presignaculo,

251 3291 392 3348 dixerunt
410 3300 552 3363 parentes
570 3292 608 3347 ad
627 3291 776 3347 inuicem:
807 3287 977 3344 ‘Mittamus
1001 3288 1038 3344 ad
1061 3289 1232 3345 conuicinos
1258 3305 1350 3360 reges
1371 3307 1405 3346 ac

252 3377 353 3448 duces,
366 3385 398 3434 vt
410 3387 545 3435 nostrum
560 3379 705 3451 accipiant
718 3375 812 3434 filium
829 3375 1038 3433 charissimum
1052 3374 1091 3433 de
1110 3393 1196 3433 sacro
1212 3375 1405 3448 baptismatis

207 3481 237 3532 35
252 3463 379 3522 sonte¹¹.’
417 3463 484 3523 Hoc
503 3466 628 3524 audiens
647 3466 753 3523 beatus
773 3463 980 3534 Rumwoldus,
993 3463 1146 3520 accersitis
1164 3465 1351 3538 parentibus,
1364 3465 1404 3522 ait

252 3551 328 3610 illis:
358 3551 443 3610 ‘Non
461 3553 543 3611 enim
559 3556 645 3612 decet
662 3571 712 3610 me
731 3569 854 3610 seruum
873 3551 922 3610 dei
939 3551 970 3608 in
990 3552 1129 3608 manibus
1147 3552 1349 3624 superborum
1370 3570 1403 3610 ac

251 3639 377 3698 diuitum
399 3641 503 3698 mundi
528 3642 617 3700 huius
639 3642 678 3700 de
704 3640 931 3715 regeneratione
958 3640 1053 3697 sancti
1081 3639 1270 3714 baptismatis
1296 3641 1403 3715 excipi,

252 3729 306 3786 sed
325 3728 374 3787 dei
395 3728 504 3786 imitari
523 3729 706 3804 exemplum,
727 3729 779 3802 qui
797 3728 918 3786 humilis
940 3727 1067 3784 lactus¹¹
1086 3745 1142 3800 pro
1166 3727 1254 3784 nobis
1279 3745 1401 3785 carnem

252 3817 444 3891 suscipiendo
464 3817 634 3886 humanam,
654 3835 692 3874 ex
711 3818 790 3874 almo
808 3815 931 3889 virginis
950 3824 1035 3873 vtero
1056 3825 1219 3888 conceptus
1237 3815 1277 3872 de
1296 3816 1402 3889 spiritu

205 3923 239 3973 40
252 3914 364 3976 sancto,
377 3904 471 3962 noluit
489 3903 632 3978 baptizari
651 3905 682 3961 in
702 3904 814 3962 fluenta
824 3904 844 3936 ¹³
858 3903 994 3960 iordanis
1007 3921 1025 3960 a
1037 3903 1210 3976 potentibus
1228 3903 1334 3960 caduci
1347 3903 1401 3970 eui,

253 3994 308 4050 sed
325 4010 343 4049 a
361 4009 541 4066 precursore
561 3991 723 4050 natiuitatis
743 4009 807 4064 sue,
820 3991 870 4064 qui
890 3989 959 4064 pilis
975 3990 1083 4047 cameli
1099 3991 1220 4047 indutus
1233 3990 1264 4046 in
1278 3991 1401 4048 heremo

250 4081 385 4155 degebat,
417 4080 501 4138 cuius
532 4097 603 4138 esca
632 4080 692 4137 mel
723 4079 864 4138 siluestre
891 4086 956 4136 erat
986 4096 1021 4135 ac
1050 4078 1172 4147 locusta,
1197 4077 1296 4136 factus
1325 4077 1402 4136 inter

283 4227 332 4280 ¹1⁸.
345 4229 388 4280 ita
422 4227 473 4278 ·E.
484 4228 616 4292 suscipiat.
660 4227 811 4291 ⁸E.sposo.
855 4227 1150 4290 ⁴T.pr1us,quamona
1199 4223 1399 4276 'aeonum

248 4293 462 4358 Ἐρριιῦοοοι
530 4293 793 4354 'squominE
858 4292 1112 4342 ‘VitEadwaldua
1182 4289 1397 4355 'Vitparentea
1494 4317 1495 4338 t

251 4359 271 4393 ¹·
287 4359 316 4410 E.
320 4310 447 4411 padpetunt.
513 4359 531 4390 ¹¹
549 4359 579 4412 T.
592 4331 673 4412 firn'te.
740 4360 759 4390 ¹¹
774 4358 804 4409 T
814 4357 843 4410 E
855 4357 936 4408 lactus
948 4365 996 4409 est.
1064 4355 1146 4408 ²’Vit
1158 4356 1271 4408 fluentia.
