3012 4898
274 341 343 415 372
584 317 716 404 unua
741 311 932 418 [mellita
956 311 1110 416 anate.

271 529 374 593 aperte
398 515 482 592 legol
500 516 531 573 in
546 515 728 574 conscientia
747 533 802 573 sua
821 525 852 574 et
871 515 941 586 vita,
959 513 1180 574 confessionem
1198 513 1268 572 eius
1286 515 1326 571 ab
1341 509 1425 570 aunis

271 605 437 680 puerilibus
456 623 551 679 vsque
571 621 651 662 nunc
670 603 828 673 audiendo,
847 603 924 660 sicut
944 621 998 660 vos
1018 603 1149 677 possetis
1173 601 1281 676 legere
1301 602 1333 658 in
1354 601 1426 657 libro
1495 639 1496 648 .

272 695 384 768 optime
403 695 525 766 scripto,
541 709 642 750 coram
661 691 755 748 oculis
773 691 883 748 vestris
900 699 1014 764 aperto.
1052 689 1099 760 Et,
1111 700 1144 748 vt
1162 707 1266 763 spero,
1280 690 1368 756 deus,
1381 685 1427 761 qui

271 799 341 839 eum
361 781 391 838 in
411 790 493 838 tanta
511 779 657 837 munditia
675 781 821 836 hactenus
839 779 1007 846 custodiuit,
1020 780 1119 852 lpsurn
1138 787 1291 852 perpetuo
1308 793 1428 834 conser-
1495 851 1496 860 ἵ

245 895 259 946 5
272 869 370 926 uabit'
400 869 519 943 Corpus
532 885 619 925 suum
629 867 739 940 vigiliis
750 875 780 924 et
793 867 911 924 ieiuniis
924 867 1093 934 macerauit‚
1107 883 1219 939 aspero
1231 865 1333 922 cilicio
1345 866 1428 922 aunis

272 957 409 1031 plurimis
425 957 570 1014 secretius
582 965 678 1012 vtens.
750 939 889 1011 Vacante
902 953 1128 1011 herefordensi*
1140 953 1281 1020 ecclesia,
1295 954 1427 1009 omnium

272 1063 423 1104 consensu
440 1045 561 1112 electus,
574 1060 654 1100 anno
669 1041 783 1099 domini
801 1042 960 1099 millesimo
976 1043 1183 1098 ducentesimo
1199 1041 1429 1114 septuagesimo

272 1133 376 1207 quinto
392 1133 421 1188 in
435 1131 610 1206 episcopum
626 1139 818 1187 consecratus
836 1139 892 1186 est.
928 1129 1056 1186 'Factus
1073 1139 1120 1185 est
1137 1146 1212 1202 ergo
1230 1129 1327 1202 longe
1346 1129 1429 1186 solito

273 1221 369 1294 magis
379 1219 449 1294 vigil
459 1221 498 1276 ad
508 1235 620 1288 curam,
629 1235 688 1274 non
702 1216 805 1290 segnis
817 1218 855 1274 ad
865 1234 950 1290 opus,
959 1217 1060 1274 suauis
1072 1218 1110 1273 ad
1120 1233 1241 1284 mores;
1259 1233 1429 1290 pauperum

230 1331 260 1368 ro
273 1309 314 1364 illi
336 1325 408 1366 cura
429 1308 532 1376 maior,
553 1315 657 1380 gestus
678 1315 709 1363 et
730 1305 837 1363 affatus
858 1305 1014 1374 humilior3
1035 1306 1065 1362 in
1087 1306 1343 1378 persecutionum
1365 1323 1429 1378 per-

272 1399 415 1468 pessione
427 1394 539 1464 fortior,
548 1394 578 1450 in
592 1393 705 1451 iusticie
715 1411 842 1450 censura
852 1391 1051 1460 inflexibili0r‚
1060 1394 1092 1448 in
1101 1391 1241 1449 oratione
1255 1391 1428 1458 feruentior,

272 1484 302 1540 in
313 1482 546 1540 elemosinarum
557 1481 712 1554 largitione
723 1481 884 1555 perfectior
891 1481 911 1548 ⁴,
919 1481 948 1536 in
960 1479 1074 1554 proprii
1083 1479 1222 1552 corporis
1233 1481 1429 1554 castigatione

273 1569 429 1644 rigidior⁸3
449 1569 479 1626 in
493 1569 608 1626 iuribus
616 1569 743 1626 ecclesie
756 1567 964 1638 defendendis,
977 1577 1007 1624 et
1019 1569 1057 1625 ab
1069 1567 1136 1624 aliis
1149 1567 1263 1624 iniuste
1276 1568 1429 1642 occupatis

273 1657 496 1732 recuperandis,
515 1675 583 1714 cum
604 1674 712 1730 magna
732 1657 872 1714 instantia
893 1656 1053 1713 laborabat.
1090 1654 1179 1712 Vnde
1198 1673 1300 1729 super
1319 1655 1430 1713 iuribus

230 1771 259 1822 15
273 1746 523 1820 her[e]fordensis
545 1745 674 1803 ecclesie
694 1745 778 1818 graui
798 1746 921 1802 suborta
946 1745 1078 1814 materia,
1097 1743 1232 1800 decreuit
1251 1745 1302 1800 vir
1324 1745 1375 1802 dei
1397 1745 1428 1801 ad

272 1852 426 1892 romanam
443 1834 557 1890 curiam
575 1850 609 1890 se
627 1833 800 1901 transferre,
813 1851 868 1906 pro
882 1849 1014 1906 congruo
1030 1849 1123 1906 super
1135 1831 1315 1889 huiusmodi
1329 1852 1429 1907 graua-

273 1923 405 1981 minibus
422 1939 439 1980 a
453 1938 574 1979 summo
586 1921 729 1994 pontifice
746 1920 880 1978 remedio
898 1921 1095 1993 impetrando.
1132 1919 1275 1994 Cumque
1288 1939 1355 1978 non
1370 1923 1430 1978 sine

273 2010 403 2085 magno⁸
422 2009 468 2068 sui
487 2009 622 2082 corporis
640 2008 814 2082 grauamine
833 2025 890 2082 per
908 2017 969 2065 tam
986 2009 1075 2081 longa
1093 2016 1123 2065 et
1146 2007 1300 2064 laboriosa
1325 2009 1429 2066 itinera

275 2099 403 2156 Romam
415 2097 539 2165 veniret,
553 2114 570 2155 a
582 2113 660 2170 papa
675 2095 803 2153 Martino
817 2095 980 2153 honorifice
996 2105 1155 2168 susceptus
1168 2104 1232 2152 est:
1254 2105 1286 2152 et
1299 2097 1429 2169 peractis
1495 2127 1496 2134 .

229 2212 261 2249 ao
273 2189 310 2244 ad
319 2196 421 2244 votum
435 2185 575 2258 negociis,
586 2186 657 2242 dum
671 2185 782 2243 rediret
796 2185 834 2240 ad
847 2183 973 2258 patriam
987 2201 1082 2250 suam,
1093 2183 1277 2240 infirmitatis
1291 2185 1430 2242 molestia

272 2276 445 2348 depressus,
459 2275 538 2347 apud
554 2271 759 2330 florentinum
778 2281 860 2328 iuxta
880 2270 1016 2328 Montem
1035 2271 1058 2327 F
1060 2271 1199 2338 lasconis,
1215 2281 1306 2328 sexto
1326 2273 1429 2330 Nonas

272 2362 402 2419 octobris
410 2360 429 2433 ⁸,
440 2378 519 2417 anno
529 2359 643 2417 domini
652 2359 811 2418 millesimo
819 2361 1025 2417 ducentesimo
1034 2359 1257 2432 octuagesimo⁷
1270 2361 1429 2433 septimo⁸,

273 2449 413 2522 migrauit
432 2450 470 2505 ad
492 2448 658 2506 dominum.
695 2448 832 2521 Cumque
852 2465 962 2522 corpus
982 2463 1070 2505 suum
1089 2463 1145 2520 per
1163 2465 1218 2503 sex
1238 2447 1306 2504 dies
1330 2461 1429 2506 custo·

273 2539 396 2606 ditetur,
414 2537 490 2594 odor
508 2535 707 2594 suauissimus
725 2536 919 2592 nihilominus
937 2537 975 2592 ab
998 2535 1064 2609 ipso
1087 2537 1278 2608 procedebat.
1318 2536 1429 2594 Postea

230 2655 242 2689 2
247 2655 259 2704 5
274 2642 346 2682 vero
358 2642 427 2682 caro
439 2625 477 2680 ab
490 2624 609 2681 ossibus
626 2633 763 2697 separata
780 2623 809 2680 in
823 2623 950 2680 ecclesia
966 2622 1062 2680 sancti
1076 2622 1183 2680 Seueri
1201 2623 1373 2681 honorifice
1386 2637 1431 2682 est

274 2715 391 2788 sepulta
400 2713 419 2782 ⁸,
438 2721 468 2769 et
486 2729 556 2769 ossa
577 2712 607 2768 in
628 2711 768 2786 Angliam
792 2711 829 2767 ad
849 2713 955 2769 sedem
974 2728 1062 2768 suam
1085 2727 1141 2784 per
1160 2719 1203 2767 tot
1224 2721 1381 2770 terrarum
1403 2723 1430 2770 et

274 2801 366 2858 maris
379 2801 480 2873 spacia
493 2801 591 2856 delata
604 2810 681 2856 sunt.
755 2787 838 2858 Cum
850 2799 932 2855 enirn
946 2817 1015 2855 ossa
1031 2807 1134 2855 sancta
1146 2797 1248 2855 comiti
1262 2799 1430 2857 Glouernie

274 2889 409 2947 Gilberto
419 2890 457 2946 de
468 2887 564 2956 Clara,
575 2887 625 2960 qui
639 2888 738 2960 ipsum
752 2905 806 2960 pro
816 2887 930 2944 iuribus
943 2887 1071 2943 ecclesie
1083 2886 1258 2959 fatigauerat
1272 2887 1429 2945 laboribus

274 2988 303 3034 et
321 2976 464 3050 expensis
482 2976 591 3042 multis,
605 2975 635 3031 in
653 2975 758 3032 itinere
773 2974 937 3042 obuiarent,
950 2974 1127 3048 sanguinem
1146 2975 1246 3030 statim
1266 2973 1299 3030 in
1318 2992 1428 3050 magna

230 3085 262 3133 30
275 3063 481 3121 habundancia
500 3063 678 3131 effuderunt,
697 3073 728 3120 vt
750 3079 830 3131 vasa,
849 3063 879 3118 in
902 3061 1011 3136 quibus
1035 3070 1122 3118 erant
1146 3062 1245 3134 posita
1266 3073 1297 3119 et
1319 3064 1428 3128 delata,

275 3152 419 3224 sanguine
438 3152 586 3208 rubricata
604 3159 785 3224 apparerent
793 3152 812 3208 ⁹.
849 3151 916 3220 Quo
928 3153 1002 3220 viso,
1015 3166 1118 3207 comes
1134 3149 1243 3206 timore
1256 3159 1288 3206 et
1302 3151 1428 3208 horrore

274 3255 447 3312 percussus,
452 3239 593 3296 uniuersa
600 3237 621 3270 ¹⁰
630 3239 757 3296 ecclesie
768 3239 832 3295 iura
841 3237 977 3307 restituit,
983 3236 1177 3310 penitentiam
1188 3255 1244 3309 pro
1254 3241 1427 3297 commissis

274 3343 377 3399 agens.
465 3315 619 3383 lohannes
641 3327 721 3382 enim
743 3344 823 3400 papa
841 3325 1003 3383 vicesimus
1025 3327 1176 3382 secundus
1198 3335 1338 3382 sanctum
1366 3329 1426 3401 epi·

275 3429 399 3486 scopum
419 3413 568 3470 Thomam
588 3413 744 3487 cathalogo
764 3423 933 3470 sanctorum
955 3413 1142 3485 conscripsit,
1162 3423 1193 3469 et
1215 3422 1306 3470 sexto
1332 3433 1426 3471 nonas

232 3522 261 3573 35
275 3500 404 3558 octobris
417 3500 526 3557 festum
540 3502 605 3559 eius
618 3501 815 3575 solempniter
827 3501 972 3558 celebrari
986 3501 1121 3557 instituit.
1187 3489 1343 3558 Miracula
1354 3521 1426 3559 vero

275 3606 333 3663 que
347 3597 415 3660 post
428 3589 540 3644 obitum
555 3589 620 3645 eius
634 3591 671 3646 ad
686 3589 804 3645 laudem
815 3597 843 3644 et
857 3589 1002 3645 honorem
1014 3589 1143 3645 nominis
1157 3589 1202 3644 sui
1216 3591 1426 3661 peccatoribus

275 3678 434 3733 ostendere
452 3675 592 3749 dignatus
610 3687 656 3734 est
673 3677 863 3750 omnipotens
876 3677 1024 3742 dominus,
1037 3677 1068 3732 in
1082 3677 1210 3733 diuersis
1222 3676 1426 3734 voluminibus

275 3765 305 3821 in
329 3765 394 3820 loco
418 3763 611 3837 requietionis
633 3763 697 3822 eius
715 3765 800 3838 quasi
817 3765 933 3822 infinita
949 3765 1008 3821 vidi
1020 3764 1049 3822 ¹¹.
1087 3763 1171 3821 inter
1188 3782 1247 3838 que
1268 3767 1426 3839 sexaginta

276 3865 409 3913 mortuos
429 3853 627 3924 resuscitauit,
647 3857 842 3928 quadraginta
860 3873 951 3913 vnum
970 3873 1058 3913 cecos
1077 3855 1260 3923 illuminauit,
1279 3857 1425 3930 quinqua-

229 3969 263 4020 40
276 3947 358 4018 ginta
382 3945 459 4000 duos
484 3952 652 4000 contractos
676 3944 830 4001 valitudini
855 3944 992 4013 restituit,
1013 3945 1184 4018 paraliticos
1204 3945 1308 4018 viginti
1333 3961 1424 4003 vnum

276 4031 398 4102 curauit,
419 4039 450 4088 et
468 4048 556 4088 cecos
578 4039 608 4088 et
630 4040 728 4089 mutos
748 4032 851 4106 viginti
872 4042 934 4090 tres
955 4041 1075 4106 recepta
1096 4032 1192 4090 salute
1211 4042 1314 4106 optata
1336 4035 1423 4090 deum

308 4204 317 4234 ¹
335 4203 401 4256 Bott
415 4205 476 4268 legi.
550 4206 560 4236 ⁸
575 4205 605 4254 T.
616 4204 785 4258 herfordensi.
852 4204 893 4236 Μ
909 4206 987 4256 Same
998 4207 1085 4256 words
1097 4205 1123 4254 in
1136 4205 1164 4255 S.
1176 4204 1299 4256 Richard.
1367 4206 1376 4235 ⁴
1391 4201 1421 4252 el

275 4273 413 4336 profusior.
485 4268 653 4334 'Emagna
726 4271 913 4331 ‘Amistalret
929 4273 963 4322 he
976 4273 1035 4322 died
1047 4288 1082 4322 on
1094 4273 1161 4335 Aug.
1174 4285 1215 4332 25.
1230 4273 1302 4322 raba.
1367 4269 1419 4317 'E

275 4339 458 4399 octuogecimo
546 4336 602 4386 ¹E.
615 4337 716 4400 sepulta
726 4345 774 4388 est
864 4338 919 4387 ·T.
931 4347 1114 4402 apparuerunt.
1206 4336 1225 4366 ¹·
1243 4337 1420 4388 aminaea

276 4401 294 4432 ¹¹
313 4401 384 4452 Such
395 4417 411 4449 a
422 4401 524 4451 volume
535 4400 557 4451 is
568 4403 595 4451 iu
608 4403 706 4452 Exeter
716 4403 782 4454 Coll.
795 4403 866 4467 ort,
878 4405 954 4455 clviii.
