3042 4884
323 305 399 402 De
423 304 587 395 &mtto
611 305 811 397 ututur
838 306 1030 411 nunno.
1180 334 1252 409 259

90 505 232 577 auderet,
254 507 370 566 audiuit
389 508 533 580 angelum
555 510 594 566 ad
620 507 740 583 singula
763 511 998 583 respondentem
1020 518 1050 567 et
1072 510 1252 583 obsequium

89 593 125 650 ei
158 594 354 653 deserentem.
401 595 525 654 Peracta
555 605 656 654 autem
686 597 780 654 missa
809 597 947 655 minister
976 597 1188 672 introspiciens
1220 609 1251 658 et

89 682 238 754 angelum
266 701 329 740 non
353 682 470 752 videns,
495 683 630 758 trepidus
654 686 692 742 ad
717 686 815 742 virum
842 685 892 742 dei
920 685 1049 744 accessit
1073 696 1104 743 et
1128 704 1251 744 causam

91 767 169 841 suge
198 787 254 828 sue
283 770 314 829 ei
344 771 492 844 exposuit,
517 771 673 829 sciscitans
698 773 736 828 ab
766 791 804 830 eo
833 783 935 830 vtrum
959 783 989 832 et
1014 773 1081 847 ipse
1106 775 1248 847 angelum

89 855 229 914 vidisset.
268 857 307 916 Et
337 857 404 917 ille:
439 858 549 928 ‘Bene,
574 857 679 932 inquit,
705 858 776 930 vidi,
801 869 832 918 et
858 879 918 934 que
945 861 1020 919 dicis
1049 861 1167 932 audiui;
1195 863 1278 924 seds

89 943 288 1002 beneffictum
301 945 340 1002 sit
353 963 464 1004 nomen
483 947 532 1003 dei
549 946 770 1020 omnipotentis,
788 947 858 1021 quia
876 949 943 1005 licet
960 967 977 1005 a
994 958 1024 1006 te
1042 949 1099 1006 sim
1119 950 1248 1020 relictus,

89 1031 129 1088 in
148 1049 235 1090 sacro
258 1043 360 1090 tamen
380 1034 430 1091 dei
452 1034 586 1092 misterio
606 1053 667 1092 non
689 1053 757 1092 sum
778 1037 816 1092 ab
837 1054 874 1092 eo
893 1036 1051 1094 desertus:
1090 1036 1248 1095 interdixit

88 1119 175 1177 enim
200 1120 230 1178 ei
255 1122 354 1180 modis
375 1123 484 1195 quibus
509 1122 671 1197 potuitne
692 1125 764 1180 dum
783 1122 900 1180 viueret
921 1123 1059 1198 cuiquam
1080 1141 1145 1182 rem
1167 1123 1249 1183 illam

89 1197 471 1269 innotesceret-Obiit
494 1219 595 1268 autem
620 1219 744 1268 sanctus
768 1210 930 1268 Oswaldus
954 1228 1035 1269 anno
1058 1211 1154 1285 gratie
1174 1229 1247 1268 non-

88 1297 266 1367 gentesimo
285 1297 624 1370 nonagesimosecundo‚
640 1307 670 1354 et
687 1297 880 1371 episcopatus
900 1299 947 1356 sui
970 1299 1132 1368 tricesimo,
1150 1299 1247 1372 pridie
1263 1313 1295 1380 ro

89 1383 151 1440 kal
175 1383 290 1442 Marcii.
346 1384 419 1442 Post
449 1385 563 1443 obitum
592 1404 665 1444 vero
696 1386 761 1444 eius
791 1403 872 1442 anno
902 1387 1079 1444 duodecimo
1105 1387 1247 1446 Aldulsus

88 1472 289 1529 eboracensis
312 1472 567 1546 archiepiscopus,
592 1474 775 1532 reuelatione
795 1473 898 1531 diuina
920 1473 1101 1546 admonitus,
1125 1475 1246 1548 Wigor-

87 1558 185 1628 niam,
206 1559 259 1616 vbi
280 1569 403 1617 aenctus
426 1560 588 1619 Oswaldus
610 1561 795 1634 sepulturam
817 1562 958 1635 elegerat,
980 1579 1157 1636 properans,
1176 1579 1248 1620 ossa

88 1647 189 1703 sancti
209 1647 351 1705 antistitis
370 1649 409 1704 de
427 1657 508 1706 terra
526 1649 635 1706 leuauit
656 1658 687 1706 et
708 1647 739 1704 in
758 1648 869 1706 scrinio
891 1667 959 1707 cum
980 1649 1111 1707 maximo
1131 1649 1246 1707 honore

88 1734 258 1792 collocauit.
293 1737 381 1809 Aqua
393 1753 465 1794 vero
477 1753 546 1793 cum
561 1754 621 1809 qua
636 1753 706 1792 ossa
723 1737 822 1794 lanata
838 1745 918 1804 sunt,
931 1736 1010 1794 cecis
1023 1737 1130 1805 visum,
1143 1735 1245 1794 surdis
1262 1748 1290 1800 ¹5

88 1823 240 1890 auditum,
267 1823 382 1880 claudis
411 1841 561 1896 gressum,
588 1833 618 1880 et
649 1823 877 1896 quibuscunque
908 1824 1057 1881 debilibus
1083 1823 1243 1882 sanitatem
1267 1821 1272 1830 '

88 1909 232 1966 restituit
267 1909 457 1967 Vestimenta
478 1911 561 1968 enim
582 1911 685 1969 omnia
706 1911 824 1985 integra
844 1921 875 1970 et
895 1911 1008 1968 illibata
1028 1911 1060 1968 in
1083 1911 1245 1984 sepulchro

86 1997 185 2054 odore
215 1997 395 2055 suauissimo
425 1997 587 2072 fragrantia
617 2009 738 2072 reperta
768 2008 848 2056 sunt.
922 1986 1097 2055 Monachus
1122 1997 1244 2071 quidam

87 2083 256 2142 Rameseie
271 2087 371 2142 cancri
390 2086 490 2143 vicere
504 2086 536 2142 in
553 2087 674 2143 maxilla
689 2085 731 2143 ita
745 2103 908 2160 percussus
928 2095 1001 2154 erat,
1016 2095 1048 2143 vt
1065 2095 1244 2159 consumpta

85 2181 159 2228 cute
170 2181 201 2228 et
214 2191 314 2243 carne,
324 2175 404 2231 nuda
414 2174 594 2244 mandibula,
603 2173 675 2231 nudi
689 2175 796 2232 dentes
809 2191 877 2232 cum
890 2173 1021 2247 gingiuis
1032 2175 1040 2206 ¹
1053 2182 1241 2247 apparerent.
1258 2188 1291 2229 zo

86 2257 151 2316 Hic
172 2259 301 2318 infesto
320 2261 415 2318 sancti
436 2261 568 2318 Oswaldi
589 2263 627 2318 de
650 2262 740 2334 cipho
760 2261 790 2317 in
813 2279 872 2335 quo
894 2261 975 2318 idem
996 2271 1118 2318 sanctus
1139 2261 1243 2318 bibere

84 2347 208 2406 solebat
216 2349 234 2419 ²,
247 2365 316 2405 cum
335 2366 444 2422 magna
463 2347 623 2406 deuotione
642 2357 672 2406 et
690 2349 750 2406 fide
768 2347 884 2417 bibens,
897 2347 1075 2422 absumpto'
1093 2357 1175 2421 potu,
1188 2366 1243 2406 vas

83 2452 219 2492 vacuum
243 2437 410 2494 tabescenti
435 2436 555 2494 maxilla
575 2438 676 2494 statim
698 2437 839 2510 apposuit
858 2445 888 2494 et
909 2436 1039 2494 strictius
1063 2435 1176 2494 iunxit:
1205 2435 1243 2494 Et

84 2532 193 2580 amoto
203 2533 274 2597 post
287 2524 437 2582 modicum
453 2541 471 2580 a
487 2523 609 2581 maxilla
620 2525 749 2596 vasculo,
762 2524 803 2582 ita
815 2524 906 2582 totius
921 2523 1019 2582 morbi
1035 2525 1136 2581 sanies
1152 2533 1242 2597 atque

84 2611 220 2684 putredo
242 2611 306 2668 vasi
331 2612 459 2676 adhesit,
479 2621 511 2670 vt
534 2611 735 2685 redintegrata
760 2629 778 2668 a
802 2612 946 2685 languore
970 2611 1101 2683 maxilla,
1126 2613 1241 2668 nullum
1256 2631 1287 2683 ²5

83 2698 225 2772 preteriti
246 2699 316 2756 mali
339 2699 477 2756 inditium
502 2698 690 2774 deprehendi
710 2708 815 2773 posset
835 2699 865 2756 in
885 2700 944 2756 illa.
982 2699 1018 2756 In
1037 2700 1241 2756 testimonium

83 2795 190 2842 autem
222 2787 297 2843 tanti
327 2787 462 2844 miraculi
491 2797 522 2844 et
551 2786 670 2844 virtutis
695 2787 752 2856 dei,
778 2787 898 2843 maxilla
927 2786 978 2843 illa
1005 2787 1094 2860 paulo
1118 2803 1243 2860 semper

84 2873 284 2930 rubicundior
308 2883 371 2931 erat
397 2874 499 2932 altera.
572 2862 710 2949 Quidam
732 2884 832 2931 mutus
857 2875 894 2930 ab
917 2872 1040 2932 infantia
1059 2873 1089 2930 in
1111 2875 1241 2946 quadam

84 2961 186 3018 saneti
211 2960 346 3018 Oswaldi
371 2961 531 3019 sestiuitate
555 2960 629 3017 vidit
654 2963 807 3035 quendam
832 2961 888 3018 sibi
916 2960 1050 3035 ignotum
1081 2961 1241 3018 reuerendi

83 3049 190 3106 vultus
203 3048 366 3117 hominem,
380 3050 490 3106 decora
506 3048 618 3106 canicie
636 3047 788 3122 fulgidum,
803 3048 980 3106 sacerdotali
992 3058 1076 3105 veste
1089 3048 1239 3115 amictum,
1253 3066 1287 3117 30

84 3136 229 3194 baculum
254 3153 345 3194 manu
370 3145 538 3210 gestantem
564 3136 691 3209 quasia
715 3137 780 3194 loco
805 3136 959 3210 sepulchri
984 3135 1079 3192 sancti
1104 3135 1240 3208 episcopi

83 3225 124 3282 ad
141 3241 177 3280 se
194 3233 417 3298 properantem.
453 3225 508 3282 Cui
529 3242 631 3282 coram
648 3241 683 3281 se
699 3225 867 3282 transeunti
887 3226 959 3281 dum
979 3233 1068 3297 caput
1087 3222 1240 3280 humiliter

83 3311 254 3379 inclinaret,
280 3311 345 3386 ipse
369 3313 468 3370 leuato
492 3313 599 3370 baculo
623 3329 694 3370 eum
715 3312 747 3369 in
768 3313 843 3368 collo
863 3313 1012 3385 percussit
1034 3321 1064 3368 et
1085 3311 1240 3384 disparuit.

84 3401 138 3458 Ad
156 3419 247 3474 quem
263 3401 355 3458 ictum
372 3401 422 3458 ille
440 3401 571 3472 territus,
585 3400 663 3458 illico
678 3417 788 3474 magna
804 3401 950 3474 coagulati
965 3401 1120 3472 sanguinis
1138 3417 1240 3458 massa

84 3505 125 3546 ex
142 3505 197 3546 ore
214 3489 295 3546 illius
313 3489 343 3545 in
362 3497 474 3546 tertam
493 3490 630 3556 cadente,
647 3489 777 3546 clamare
796 3489 894 3562 cepit:
917 3490 925 3518 ‘
935 3488 1115 3555 Succurrite‚
1134 3505 1237 3560 queso,
1251 3505 1282 3556 35

85 3575 262 3647 succurrite,
281 3585 320 3647 et,
341 3594 380 3634 ne
402 3577 549 3649 sanguine
568 3593 638 3634 meo
660 3576 787 3634 ecclesia
809 3575 921 3634 domini
939 3575 1076 3644 violetur,
1096 3575 1165 3632 hinc
1188 3592 1237 3633 me

84 3665 266 3722 festinanter
289 3663 402 3721 eiicite!
451 3664 584 3722 Eductus
609 3673 696 3722 extra
720 3663 879 3721 ecclesiam
903 3663 1033 3721 vbertim
1057 3661 1236 3736 sanguinem

84 3752 196 3821 emisit,
216 3759 247 3808 et
269 3753 392 3808 modum
414 3769 470 3809 sue
490 3753 653 3809 curationis
675 3751 904 3808 circumstantes
922 3751 1050 3809 edocuit.
1123 3737 1237 3806 Voraci

84 3839 210 3896 flamma
227 3839 333 3895 vrbem
355 3838 512 3912 Wigornie
533 3841 600 3897 vice
625 3840 754 3912 quadam
778 3837 991 3912 conflagrante,
1014 3855 1086 3894 mox
1106 3847 1137 3894 vt
1160 3836 1237 3894 sere·

84 3927 187 3984 trum*
204 3925 301 3983 sancti
326 3925 479 3984 ilammis⁶
498 3927 633 3997 accessit,
653 3925 731 3999 ignis
749 3925 889 3998 elanguit,
909 3943 965 3982 nec
982 3925 1107 3982 vlterius
1125 3923 1235 3996 aliquid
1248 3946 1283 3998 40

85 4013 322 4088 absumpturus⁸
333 4015 365 4070 in
380 4031 413 4071 se
427 4013 544 4072 deiecit.
581 4013 687 4073 Stabat
699 4013 781 4070 enim
799 4016 941 4088 pauperis
957 4013 1112 4070 cuiusdam
1126 4013 1236 4069 domus

84 4102 233 4160 arundine
252 4109 343 4171 texta,
360 4119 378 4159 a
396 4101 443 4160 sui
462 4101 563 4158 medio
587 4102 705 4174 integra
726 4111 756 4160 et
778 4119 860 4170 sana,
879 4101 972 4159 altera
990 4101 1055 4157 eius
1074 4099 1235 4157 medietate

84 4191 169 4266 quasi
201 4190 239 4246 ad
270 4189 519 4263 perpendiculum
544 4205 562 4246 a
587 4205 707 4246 summo
730 4206 826 4262 vsque
850 4188 882 4246 in
906 4198 1019 4247 terram
1042 4187 1235 4261 conflagrata.

115 4313 307 4376 ¹i'.ginginis.
398 4311 574 4362 ’Eselebst
663 4310 719 4362 ⁸1¹3.
731 4317 873 4376 assumpto.
961 4309 1092 4362 *aaut
1175 4307 1233 4362 ¹1².

82 4383 192 4442 flamma,
203 4379 233 4432 T.
246 4379 362 4430 unna
428 4378 485 4429 ⁸E.
496 4383 682 4443 assumpturus.
