3054 4904
290 302 361 371 144
596 279 729 367 lanta
754 275 945 380 [enaim
968 275 1121 380 linctu

285 477 483 537 Conuenere¹
501 477 601 552 itaque
619 477 762 536 Canciam
783 477 919 552 episcopi
937 477 1069 536 Mellitos
1090 485 1120 536 et
1140 475 1250 548 Iustus,
1267 495 1338 535 cum
1360 477 1448 536 Lau-

285 567 382 623 rentio
393 567 547 624 tractaturi
559 567 631 640 quid
644 565 753 624 itt-hiis
772 576 854 625 esset
868 568 1037 640 agendum
1056 567 1272 639 decretumque
1289 577 1338 624 est
1359 584 1447 624 com·

285 655 369 710 muni
387 655 512 712 consilio
530 655 601 728 quia
619 655 732 712 satius¹
748 665 832 712 esset
844 665 875 711 vt
888 671 995 712 omnes
1013 653 1139 727 patriam
1158 654 1322 711 redeuntes
1342 655 1446 711 libera

285 742 326 799 ibi
346 753 447 799 mente
468 743 590 800 domino
611 742 811 812 desemirent,
834 758 923 814 quam
943 744 1023 799 inter
1044 741 1174 798 rebelles
1194 741 1265 798 fidei
1291 743 1447 799 barbaros

257 830 351 908 gsine
376 829 471 887 fructu
496 830 673 887 residerent.
711 829 917 888 Recesserunt
940 829 1030 904 igitur
1055 827 1187 886 Mellitus
1212 838 1243 886 et
1269 829 1377 888 Iustus
1403 831 1444 887 ad

285 929 387 990 partes
401 918 504 988 Gallie,
518 935 618 974 rerum
632 917 673 974 ibi
685 917 778 974 finem
791 927 952 991 expectare
964 918 1170 990 disponentes.
1201 917 1287 987 Quos
1302 918 1445 975 Lauren-

285 1008 345 1062 tius
359 1005 544 1062 Britanniam
556 1005 715 1062 relicturus
731 1005 816 1078 sequi
834 1005 949 1076 volens,
962 1005 1048 1062 iussit
1066 1004 1133 1077 ipsa
1150 1012 1239 1062 nocte
1258 1005 1291 1062 in
1309 1007 1445 1063 ecclesia

285 1093 490 1166 apostolorum
511 1092 591 1150 Petri
610 1103 641 1150 et
659 1093 744 1150 Pauli
763 1093 821 1151 sibi
843 1103 970 1151 stratum
990 1093 1099 1166 parari.
1138 1089 1253 1166 inquo
1274 1111 1348 1150 cum
1372 1103 1446 1166 post

285 1182 395 1238 multas
408 1199 515 1254 preces
527 1199 562 1238 ac
574 1181 735 1237 lachrimas
747 1181 785 1236 ad
798 1181 889 1238 deum
901 1197 958 1254 pro
971 1190 1049 1237 statu
1060 1183 1186 1240 ecclesie
1195 1182 1278 1239 susas
1287 1182 1327 1238 ad
1338 1181 1446 1255 quies-

242 1293 274 1335 ιο
286 1271 415 1326 cendum
425 1269 437 1301 ³
448 1270 585 1326 membra
603 1286 722 1341 ponens
738 1268 949 1338 obdormisset,
961 1270 1101 1342 apparuit
1113 1271 1141 1328 ei
1158 1272 1265 1327 beatus
1281 1271 1446 1342 apostolus

286 1356 404 1426 Petrus,
424 1366 454 1414 et
476 1357 569 1412 multo
589 1356 672 1412 illum
692 1366 809 1412 secrete
832 1355 927 1413 noctis
952 1365 1090 1430 tempore
1111 1357 1238 1432 flagellis
1258 1358 1446 1415 arctioribus

285 1444 429 1513 afficiens,
451 1444 659 1502 sciscitabatur
681 1443 845 1516 apostolica
869 1443 1055 1502 districtione
1071 1463 1165 1518 quare
1189 1463 1323 1518 gregem,
1347 1463 1445 1518 quem

286 1531 343 1590 sibi
362 1532 429 1604 ipse
453 1531 629 1600 crediderat,
645 1531 837 1605 relinqueret,
858 1531 907 1590 vel
927 1531 974 1588 eui
995 1543 1150 1605 pastorum
1171 1551 1246 1589 oues
1268 1532 1386 1590 Christi
1412 1533 1445 1590 in

286 1619 386 1676 medio
408 1618 548 1693 luporum
571 1619 685 1692 positas
705 1618 823 1691 fugiens
845 1619 911 1692 ipse
933 1619 1104 1677 dimitteret
1150 1621 1216 1676 ‘An
1238 1619 1308 1688 mei,
1331 1619 1444 1694 inquit,

244 1727 274 1781 ¹5
286 1707 396 1763 oblitus
414 1724 449 1764 es
470 1705 611 1779 exempli,
630 1706 682 1779 qui
701 1723 756 1780 pro
774 1706 909 1779 paruulis
928 1705 1049 1775 Christi,
1068 1707 1165 1780 quos*
1186 1707 1259 1763 mihi
1280 1725 1445 1765 commen-

286 1793 378 1864 dauit,
390 1793 517 1863 vincula,
527 1795 662 1862 verbera,
670 1810 818 1863 carceres,
828 1793 1013 1864 afflictiones,
1023 1794 1121 1868 ipsam
1133 1803 1286 1867 postremo
1296 1805 1444 1865 mortem,

287 1891 416 1938 mortem
440 1892 540 1939 autem
565 1881 671 1952 crucis,
689 1882 727 1938 ab
747 1881 920 1938 infidelibus
940 1891 970 1938 et
991 1883 1119 1939 inimicis
1140 1881 1251 1940 Christi
1276 1881 1343 1954 ipse
1370 1901 1444 1940 cum

288 1969 409 2026 Christo
420 1970 610 2027 coronandus
622 1968 731 2042 pertuli
742 1971 768 2026 i’
807 1968 877 2028 Hiis
889 1969 968 2026 beati
979 1969 1061 2026 Petri
1074 1969 1200 2044 flagellis
1212 1979 1242 2026 et
1254 1971 1444 2028 exhortatio-

287 2056 376 2113 nibus
400 2057 549 2114 animatus
576 2057 755 2114 Laurentius
775 2073 864 2113 mane
884 2057 961 2114 iacto
979 2059 1062 2116 venit
1081 2059 1119 2115 ad
1144 2076 1246 2132 regem
1271 2067 1301 2116 et
1326 2060 1444 2117 reiecto

243 2172 276 2217 ,ο
287 2147 478 2213 vestimento,
491 2147 612 2218 quantis
623 2155 706 2201 esset
717 2145 896 2202 verberibus
908 2145 1064 2216 laceratus,
1073 2147 1213 2204 ostendit.
1237 2146 1295 2216 Qui
1308 2147 1442 2204 multum

288 2233 422 2302 miratus,
435 2241 465 2289 et
477 2232 632 2305 inquirens
644 2231 712 2305 quis
724 2240 807 2288 tanto
819 2233 883 2290 viro
896 2233 972 2290 tales
982 2250 1073 2290 ausus
1082 2242 1165 2290 esset
1174 2233 1278 2306 plagas
1284 2233 1442 2307 indigem

286 2328 318 2381 vt
337 2319 451 2376 audiuit
463 2319 532 2392 quia
550 2337 605 2376 sue
624 2337 713 2376 causa
730 2319 835 2377 salutis
849 2319 1011 2394 episcopus
1025 2322 1063 2377 ab
1079 2321 1214 2393 apostolo
1230 2320 1341 2378 Christi
1355 2331 1443 2379 tanta

287 2416 370 2464 esset
382 2414 531 2464 tormenta
542 2408 706 2481 plagasque
719 2424 893 2480 perpessus,
906 2408 1032 2464 multum
1045 2408 1198 2466 extimuit:
1219 2417 1249 2465 et
1262 2408 1443 2466 anathema-

287 2493 377 2551 tizato
406 2495 488 2551 omni
518 2495 665 2568 ydolatrie
693 2495 783 2566 cultu,
809 2505 839 2552 et
867 2495 1003 2552 abdicato
1031 2495 1181 2552 connubio
1210 2513 1270 2553 non
1295 2495 1442 2569 legitimo,
1518 2535 1519 2544 κ

244 2607 275 2660 ⁸⁵
289 2582 422 2656 suscepit
441 2583 533 2639 fidem
548 2583 669 2651 Christi,
687 2592 718 2640 et
734 2584 911 2656 baptizatus,
929 2583 1057 2640 ecclesie
1074 2584 1165 2640 rebus
1183 2593 1329 2656 quantum
1344 2587 1443 2642 valuit

288 2669 319 2726 in
332 2671 471 2727 omuibus
483 2671 642 2727 consulere
654 2687 689 2727 ac
702 2670 803 2727 fauere
820 2671 942 2727 curauit.
981 2671 1147 2728 Reuocauit
1164 2681 1266 2728 autem
1282 2672 1322 2728 de
1340 2671 1442 2730 Gallia

289 2757 436 2814 Mellitum
449 2767 479 2814 et
493 2757 617 2829 lustum,
630 2775 744 2830 eosque
757 2759 795 2815 ad
805 2775 876 2814 suas
885 2758 1028 2816 ecclesias
1039 2759 1137 2816 redire
1148 2759 1291 2832 precepit.
1317 2759 1442 2818 Diuinis

287 2845 441 2918 preceptis
453 2863 487 2903 se
499 2845 672 2918 mancipare
685 2845 805 2915 studuit,
819 2855 849 2902 et
862 2845 892 2902 in
905 2845 1089 2903 monasterio
1099 2847 1178 2902 beati
1188 2846 1268 2903 Petri
1278 2848 1308 2902 in
1322 2847 1442 2906 honore

288 2942 391 2991 sancte
401 2932 496 2990 Marie
506 2934 672 2990 construxit
682 2933 839 2990 ecclesiam
849 2942 879 2990 et
887 2934 969 3006 regia
978 2932 1132 3007 largitate³
1144 2934 1348 2990 dotauit—⁸
1360 2921 1442 2992 Per-

243 3047 276 3100 ³0
287 3037 364 3093 gens
382 3023 488 3078 beatus
505 3019 684 3078 Laurentius
699 3021 729 3078 in
749 3022 889 3092 Scotiam,
902 3021 983 3078 venit
1002 3022 1032 3078 in
1049 3023 1199 3096 quandam
1215 3021 1370 3094 regionem
1389 3025 1441 3080 vbi

288 3109 446 3166 transitum
472 3108 529 3166 sibi
556 3117 586 3165 et
611 3109 701 3165 sociis
726 3109 790 3166 suis
818 3110 910 3166 maris
931 3109 1086 3166 brachium
1108 3111 1235 3182 negabat
1243 3109 1263 3165 ⁷.
1299 3109 1441 3184 Cumque

288 3197 435 3254 resideret
452 3197 484 3253 in
502 3197 642 3269 proximo
661 3197 735 3253 colle
750 3213 860 3254 nauem
877 3207 1051 3270 expectans,
1063 3197 1114 3270 qui
1131 3197 1221 3255 hodie
1237 3197 1339 3254 ‘collis
1360 3197 1441 3256 Lau·

288 3285 393 3341 rentii’
418 3293 548 3354 vocatur,
574 3283 673 3342 visum
698 3286 821 3341 tandem
847 3295 969 3342 nautam
992 3287 1129 3343 obsecrat
1152 3295 1184 3342 vt
1209 3287 1440 3344 transmittatur.

289 3371 351 3428 Sed
365 3373 455 3428 homo
467 3389 485 3428 a
498 3371 599 3428 diuina
614 3381 644 3428 et
664 3372 794 3428 humana
813 3372 924 3445 pietate
940 3373 1056 3430 alienus
1076 3391 1184 3447 preces
1201 3373 1350 3447 supplicis
1365 3375 1439 3432 dum

242 3477 274 3530 35
288 3458 406 3528 refutat,
425 3475 557 3532 superna
575 3458 778 3532 indignatione
804 3477 864 3516 non
890 3461 987 3517 solum
1006 3461 1104 3518 hiatus
1123 3462 1224 3531 maris,
1244 3461 1297 3518 sed
1316 3461 1440 3520 celestis

288 3546 410 3603 flamma
434 3563 506 3602 mox
530 3545 656 3619 impium
680 3565 749 3603 cum
769 3565 824 3604 sua
845 3547 942 3604 naue⁸
960 3548 1123 3606 deuorauit.
1161 3549 1249 3619 Quod
1266 3551 1376 3606 videns
1393 3551 1441 3608 vir

288 3635 346 3704 dei,
360 3633 469 3707 plenus
481 3633 542 3690 fide
554 3642 584 3689 et
601 3632 706 3707 spiritu
724 3644 828 3692 sancto
840 3653 925 3693 mare
942 3645 1084 3709 tanquam
1101 3653 1243 3710 campum
1260 3636 1440 3710 ingreditur,

288 3730 318 3778 et
331 3723 464 3778 undosos
477 3729 596 3778 montes
608 3739 643 3779 ac
656 3721 682 3778 si
699 3723 813 3780 solidos
830 3724 959 3797 pedibus
974 3726 1103 3794 calcans,
1116 3724 1146 3780 in
1164 3725 1244 3781 aliud
1260 3725 1332 3781 litus
1352 3725 1440 3784 siccis

286 3812 414 3884 pedibus
433 3811 642 3868 transducitur.
689 3809 724 3866 ln
742 3811 809 3868 vico
830 3812 961 3883 quodam
981 3812 1170 3884 euangelium
1193 3811 1348 3884 [christi]·
1369 3831 1440 3886 pre·

240 3919 275 3982 ρ
288 3901 392 3956 dicans
404 3917 473 3957 cum
488 3899 601 3956 nullum
611 3899 739 3971 quicum
751 3899 900 3972 reciperet
913 3898 1062 3957 inueniret
1074 3919 1081 3969 ;
1100 3916 1168 3956 cum
1178 3900 1412 3972 exprobratione
1418 3901 1440 3936 ¹⁹

288 3986 442 4060 expulsus,
456 3988 513 4044 sub
531 3987 660 4059 quadam
679 4003 753 4058 sepe
769 3995 856 4043 nocte
874 3987 924 4042 illa
941 3987 1108 4060 requieuit:
1126 3996 1156 4043 et
1169 3986 1315 4059 splendor
1332 3987 1439 4046 solaris

287 4075 325 4131 de
345 4075 418 4132 celis
436 4075 552 4132 effusus
570 4083 680 4130 testem
699 4074 812 4131 domini
831 4073 1026 4131 circumfulsit
1045 4083 1076 4131 et
1094 4083 1215 4131 noctem
1231 4074 1314 4132 illam
1331 4076 1391 4133 sibi
1408 4079 1437 4134 in

341 4231 370 4281 E.
384 4232 533 4282 conuenire.
583 4229 758 4291 ‘T.sancius
772 4231 935 4282 E.sanctius.
986 4230 1038 4282 ’a
1051 4231 1275 4294 acquiescendum.
1309 4232 1438 4297 ‘Equis

287 4297 358 4345 'om
371 4297 397 4345 in
408 4297 437 4345 T.
448 4315 454 4355 ;
472 4297 607 4348 Vin-dote.
728 4295 738 4324 ⁸
755 4295 832 4347 From
844 4297 908 4345 here
920 4297 961 4348 ed.
975 4297 1002 4346 in
1012 4298 1070 4347 Act.
1083 4299 1132 4348 SS.
1144 4297 1209 4347 Boll
1222 4297 1296 4347 Febr.
1311 4299 1331 4348 l.
1343 4315 1369 4362 p
1383 4302 1438 4366 πρό,

286 4359 297 4391 l
314 4362 366 4411 vit.
378 4363 489 4414 vetabat.
588 4363 598 4392 ⁸
615 4361 645 4412 E.
657 4363 725 4414 naui.
840 4363 850 4393 ⁸
866 4363 947 4412 onnia
960 4363 989 4414 P..
1088 4363 1107 4392 ¹⁰
1124 4363 1153 4414 E.
1168 4363 1367 4427 exprobatione.
