3048 4884
266 287 342 361 430
581 263 713 352 aluta
737 259 928 366 mmm
951 260 1103 366 finalia

266 464 414 522 brandum
438 463 578 539 scripsit?
627 461 770 537 Nunquid
800 460 1098 521 reuerentissimum¹
1128 471 1246 536 patrem
1277 471 1420 522 ausuum

267 552 445 611 Columbarn
463 561 494 610 et
512 567 706 610 successores
724 550 791 608 eius
808 549 891 608 viros
909 550 967 608 deo
984 551 1118 620 dilectos,
1130 552 1181 624 qui
1199 553 1308 608 codem
1326 553 1422 608 modo

266 641 378 714 pascha
395 639 540 710 iecerunt,
553 637 662 696 diuinis
682 637 801 712 paginis
818 637 967 696 contraria
985 637 1133 712 sapuisse,
1145 639 1195 696 vel
1214 639 1333 712 egisse¹
1351 657 1422 696 cne-

266 728 399 786 dendum
419 735 485 786 est:
511 743 580 784 cum
599 725 720 802 plurimi
739 725 849 784 luerint
867 727 898 782 in
916 727 963 784 eis
980 743 1106 800 quorum
1125 727 1274 784 sanctitati
1291 727 1421 784 celestia

237 815 352 890 isigna
372 825 402 874 et
421 815 564 873 virtutum
584 832 645 889 que
664 815 800 873 iecerunt
824 814 967 872 miracula
986 815 1190 872 testimonium
1210 817 1421 888 prebuerunt?

266 903 351 974 Quos
363 903 430 977 ipse
442 913 562 961 sanctos
575 920 644 960 esse
662 919 723 958 non
739 901 888 972 dubitans,
901 918 1142 974 sempereorum
1154 903 1254 974 vitam,
1267 920 1372 960 mores
1389 913 1421 960 et

265 991 453 1065 disciplinam
478 991 564 1064 sequi
596 1007 656 1047 non
688 989 819 1046 desisto.¹
862 988 1022 1046 Wilsridus
1048 990 1106 1048 ait:
1135 989 1284 1060 ‘Constat
1310 992 1420 1064 inquit,

266 1079 459 1138 Anathoiium
467 1079 565 1137 virum
578 1076 811 1148 sanctissimum,
819 1075 1036 1148 doctissimum,
1045 1093 1080 1134 ac
1092 1077 1180 1134 laude
1193 1095 1262 1136 esse
1274 1078 1420 1152 dignissi-

265 1184 367 1238 mum;
387 1168 441 1225 sed
455 1167 526 1240 quid
538 1165 624 1224 vobis
640 1181 709 1224 cum
726 1165 784 1234 illo,
797 1181 867 1223 cum
884 1181 941 1222 nec
957 1163 1023 1222 eius
1040 1165 1159 1222 decreta
1176 1167 1324 1223 seruetis?
1364 1167 1420 1224 llle

221 1273 252 1309 ro
265 1255 390 1312 enimin
403 1255 515 1328 pascha
527 1271 591 1324 suo,
601 1253 735 1327 regulam
745 1253 848 1326 vtique
859 1250 994 1309 veritatis
1007 1269 1147 1325 sequens,
1155 1253 1298 1311 circulum
1309 1255 1418 1312 decem

265 1351 295 1400 et
314 1359 423 1399 nouem
437 1358 584 1398 annorum
601 1341 710 1415 posuit,
722 1357 812 1414 quem
825 1357 879 1398 vos
896 1349 947 1396 aut
961 1339 1113 1412 ignoratis,
1129 1349 1178 1398 aut
1196 1341 1332 1414 agnitum
1350 1353 1382 1399 et
1401 1361 1420 1398 a

264 1438 325 1486 tota
344 1429 456 1486 Christi
477 1429 604 1486 ecclesia
625 1427 804 1486 custoditum
825 1443 881 1501 pro
903 1426 1014 1484 nichilo
1033 1427 1254 1501 contempnitis
1291 1428 1348 1486 Ille
1374 1431 1417 1486 sic

264 1515 296 1572 in
318 1517 429 1590 pascha
452 1516 602 1574 dominico
626 1515 913 1589 quartamdecimam
938 1514 1040 1571 lunam
1064 1515 1256 1588 computauit,
1280 1525 1314 1572 vt
1339 1518 1418 1574 hanc

264 1605 370 1662 eadem
401 1603 468 1679 ipsa
498 1606 548 1662 die
579 1620 665 1661 more
698 1601 886 1676 Egiptiorum
923 1601 1208 1674 quintamdecimam
1243 1603 1347 1660 lunam
1378 1605 1418 1661 ad

221 1702 250 1756 ¹5
264 1709 423 1766 vesperam
436 1709 506 1750 esse
519 1691 671 1749 fateretur.
707 1690 757 1748 Sic
770 1689 879 1746 iterum
892 1689 1065 1747 vicesimam
1078 1689 1127 1746 die
1138 1689 1288 1748 dominico
1302 1693 1418 1765 pasche

263 1781 425 1851 annotauit,
436 1790 469 1838 vt
487 1779 634 1838 declinata
652 1781 759 1837 eadem
779 1780 829 1836 die
846 1795 916 1837 esse
932 1777 1105 1836 vicesimam
1123 1779 1251 1852 primam
1268 1782 1417 1840 crederet.

264 1867 357 1926 Cuius
377 1869 510 1942 regulam
526 1867 726 1926 distinctionis
737 1865 810 1924 vos¹
822 1867 979 1940 ignorasse
991 1867 1098 1940 probat
1107 1869 1126 1938 ⁴,
1139 1868 1218 1940 quod
1232 1868 1416 1942 aliquotiens

264 1957 376 2028 pascha
393 1955 637 2014 manifestissime
654 1965 725 2012 ante
744 1953 950 2028 plenilunium,
963 1953 993 2011 id
1011 1963 1058 2012 est
1075 1955 1106 2012 in
1123 1955 1329 2014 tertiadecima
1345 1958 1416 2015 luna

264 2042 368 2102 facitis
406 2043 452 2101 De
465 2053 550 2118 patre
562 2053 664 2102 autem
676 2051 778 2100 vestro
791 2042 938 2100 Columba
954 2051 984 2100 et
1003 2042 1182 2116 sequacibus
1197 2045 1271 2115 eius,
1284 2062 1415 2118 quorum

218 2151 251 2188 ao
264 2133 449 2188 sanctitatem
470 2149 526 2190 vos
549 2131 667 2202 imitari,
689 2139 720 2188 et
745 2131 880 2204 regulam
904 2147 939 2188 ac
963 2139 1106 2204 precepta
1130 2131 1415 2207 celestibussignis

264 2219 443 2276 confirmata
471 2218 557 2293 aequi
581 2218 755 2292 perhibetis,
784 2217 927 2292 possem¹
952 2219 1137 2292 respondere
1162 2220 1232 2292 quia
1255 2221 1359 2279 multis
1384 2223 1415 2278 in

263 2306 366 2364 iuditio
388 2306 557 2364 dicentibus
578 2305 701 2363 domino
719 2307 799 2379 quod
819 2305 850 2362 in
868 2304 990 2362 nomine
1009 2304 1075 2362 eius
1094 2306 1369 2379 prophetauemnt‘
1386 2319 1415 2366 et

263 2393 402 2450 demonia
432 2393 585 2452 eiecerunt
615 2401 647 2450 et
675 2393 802 2450 virtutes
831 2392 941 2450 multas
971 2391 1115 2464 fecerunt,
1140 2409 1345 2467 responsurus
1376 2397 1415 2454 sit

263 2481 403 2539 dominus
418 2481 488 2556 quia
506 2498 659 2554 nunquam
678 2498 733 2538 eos
751 2480 878 2538 nouerit.
915 2479 978 2538 Sed
997 2481 1074 2538 absit
1093 2489 1124 2537 vt
1144 2481 1200 2538 hoc
1218 2482 1256 2538 de
1275 2484 1414 2556 patribus

219 2589 249 2639 ²5
262 2568 390 2626 vestris¹
402 2571 517 2626 dicarn:
536 2569 606 2643 quia
622 2569 729 2626 iustius
748 2569 843 2626 multo
861 2577 908 2626 est
926 2569 965 2626 de
980 2568 1138 2641 incognitis
1151 2567 1262 2626 bonum
1277 2573 1413 2642 credere,

261 2673 352 2730 quam
371 2657 491 2714 malum.
523 2656 612 2714 Vnde
631 2665 662 2714 et
679 2656 746 2714 illos
765 2655 814 2714 dei
834 2655 962 2713 famulos
983 2672 1017 2712 ac
1037 2657 1095 2712 deo
1114 2655 1239 2715 dilectos
1260 2675 1332 2716 esse
1352 2677 1412 2716 non

262 2761 349 2818 nego,
371 2746 422 2818 qui
443 2744 633 2818 simplicitate
655 2745 766 2802 rustica
785 2743 836 2802 et¹
856 2743 1022 2801 intentione
1046 2743 1096 2816 pia
1120 2745 1211 2802 deum
1230 2745 1413 2804 dilexerunt

263 2832 369 2906 Neque
381 2833 440 2889 illis
453 2833 579 2890 multum
591 2833 702 2890 obesse
715 2849 785 2890 reor
796 2831 888 2889 talem
901 2832 1013 2905 pasche
1025 2831 1257 2902 obseruantiam,
1268 2835 1413 2906 quamdiu

262 2921 363 2978 nullus
383 2922 550 2978 aduenerat
570 2921 622 2994 qui
641 2919 686 2978 eis
708 2919 834 2977 instituti
853 2919 1042 2993 perfectioris
1066 2919 1198 2988 decreta,
1219 2937 1279 2993 que
1303 2939 1413 2996 seque·

217 3027 250 3078 30
262 3018 374 3080 rentur,
387 3009 578 3066 ostenderet:
601 3025 677 3082 quos
688 3007 791 3080 vtique
808 3007 947 3077 credo,si
964 3007 1016 3080 qui
1030 3016 1100 3063 tunc
1118 3007 1157 3063 ad
1176 3023 1229 3064 eos
1247 3009 1413 3067 catholicus

261 3096 420 3154 calculator
432 3095 615 3166 aduenisset,
628 3097 671 3153 sic
687 3095 754 3153 eius
770 3095 884 3151 monita
900 3093 992 3152 fuisse
1010 3104 1199 3168 sequuturos,
1212 3097 1365 3168 quomodo
1377 3115 1413 3155 ea

260 3201 319 3256 que
332 3193 478 3242 nouerant
490 3201 524 3241 ac
536 3183 701 3240 didicerant
714 3183 764 3240 dei
777 3183 918 3240 mandata
930 3183 1095 3255 probantur
1103 3181 1197 3240 luisse
1211 3186 1341 3257 sequuti
1366 3186 1412 3243 Tu

260 3280 361 3327 autem
373 3279 403 3328 et
416 3271 489 3328 socii
500 3271 552 3342 tui,
566 3271 591 3328 si
605 3272 706 3328 audita
717 3270 839 3328 decreta
851 3270 933 3328 sedis
945 3271 1117 3344 apostolice,
1127 3269 1220 3328 immo
1231 3273 1412 3330 uniuersalis

261 3358 396 3428 ecclesie,
421 3367 452 3414 et
476 3358 532 3416 hec
563 3357 670 3416 litteris
700 3359 843 3432 scriptis¹
866 3357 1049 3427 confirmata,
1073 3357 1159 3432 sequi
1189 3361 1412 3433 contempnitis,

216 3462 247 3516 35
260 3445 374 3520 absque
392 3446 452 3504 vlla
469 3446 620 3504 dubietate
639 3448 778 3520 peccatis.
816 3445 880 3502 Etsi
897 3455 999 3519 patres
1018 3446 1060 3502 tui
1077 3447 1171 3503 sancti
1188 3446 1317 3518 suerunt,
1334 3465 1412 3506 nun·

261 3533 331 3607 quid
355 3533 518 3592 uniuersali
549 3552 608 3608 que
639 3551 695 3608 per
725 3535 829 3591 orbem
861 3543 908 3591 est
933 3533 1060 3592 ecclesie
1087 3533 1207 3604 Christi,
1232 3551 1340 3593 eorum
1364 3547 1411 3594 est

259 3622 394 3695 paucitas
405 3639 465 3680 vno
478 3623 517 3679 de
533 3622 643 3694 angulo
656 3631 793 3679 extreme
810 3621 908 3679 insule
923 3621 1104 3695 preferenda
1112 3621 1152 3679 ¹¹?
1190 3621 1228 3679 Et
1241 3623 1265 3680 si
1286 3634 1410 3682 sanctus

260 3718 324 3768 erat
347 3728 382 3768 ac
407 3720 515 3785 potens
536 3710 695 3768 virtutibus
714 3710 764 3766 ille
785 3709 932 3767 Columba
955 3719 1065 3782 vester,
1087 3710 1178 3767 immo
1203 3719 1234 3766 et
1257 3721 1364 3769 noster
1384 3713 1410 3768 si

261 3798 371 3856 Christi
383 3808 456 3870 erat,
470 3815 541 3855 num
555 3797 681 3872 preferri
694 3797 790 3871 potuit
803 3798 977 3856 beatissimo
989 3799 1193 3872 apostolorum
1210 3798 1350 3873 principi,
1363 3801 1410 3856 cui

214 3905 247 3955 4ο
260 3887 400 3944 dominus
408 3887 448 3943 ait
461 3889 477 3918 ‘⁴
487 3886 534 3943 Tu
545 3904 580 3943 es
590 3886 609 3919 ¹¹
624 3887 731 3944 Petrus
741 3895 771 3943 et
781 3903 874 3958 super
883 3886 962 3943 hanc
969 3895 1087 3959 petram
1095 3886 1240 3943 edificabo
1250 3887 1409 3945 ecclesiam

260 3991 359 4033 meam
381 3984 412 4032 et
433 3983 518 4049 porte
539 3973 627 4031 inferi
652 3991 713 4032 non
733 3973 931 4047 preualebunt
955 3975 1103 4031 aduersus
1122 3991 1189 4030 earn
1208 3983 1239 4031 et
1256 3975 1311 4032 tibi
1333 3977 1410 4033 dabo

260 4064 362 4120 claues
372 4064 455 4136 regni
464 4062 656 4120 celorumt”’
687 4061 754 4119 Hec
764 4060 1083 4135 peroranteWilhido,
1091 4062 1166 4120 dixit
1175 4078 1248 4120 rex:
1262 4062 1409 4134 ‘Verene‚

293 4191 300 4220 ¹
318 4188 348 4240 T.
362 4189 614 4239 reuerendissimum.
680 4188 691 4221 ¹
707 4189 735 4238 T.
749 4188 777 4237 E.
789 4189 895 4252 legisse.
961 4189 971 4218 ¹
989 4189 1017 4238 E.
1030 4204 1087 4240 nos.
1162 4189 1172 4218 ¹
1189 4189 1219 4240 T.
1233 4189 1262 4240 F„
1275 4190 1407 4254 probatur.

262 4253 317 4306 ιΤ.
331 4254 360 4305 Ε.
372 4255 478 4319 possim.
546 4254 605 4304 ‘at
618 4256 837 4319 prophetauerint.
905 4253 961 4306 ’ἱ
974 4255 1080 4308 nostris.
1145 4252 1268 4308 'atace
1348 4257 1408 4308 ’at

260 4321 347 4370 sacris.
412 4322 432 4352 ¹⁸
449 4319 478 4370 E.
492 4321 652 4384 perferenda.
721 4323 738 4352 ¹¹
757 4321 786 4372 Ε.
799 4329 847 4371 ast.
