3008 4904
294 329 368 401 244
606 307 737 396 moos
762 304 951 408 letenna
975 303 1128 408 finalia.

331 507 424 565 Lectio
447 509 483 564 vi.
530 495 615 566 Cum
633 508 755 564 tandem
771 505 940 564 continuata
956 505 1122 580 frequentia
1140 505 1294 579 signonrm
1310 505 1373 579 [in]
1389 508 1454 567 eius

296 595 510 668 magnitudinis
535 597 646 653 molem
670 596 813 664 excreuit,
835 605 867 651 vt
888 594 972 652 talis¹
998 594 1111 650 diutina
1135 595 1230 650 sancti
1256 595 1453 668 tanta[quel¹

295 684 390 741 virtus
408 683 518 741 diutius
536 684 626 740 celari
646 700 706 740 non
723 691 844 756 posset:
864 682 943 755 cepit
958 699 1051 754 super
1066 681 1125 738 hiis
1141 683 1237 740 semel
1254 683 1454 756 iterumque³

296 772 386 828 sedes
414 771 576 844 apostolica
608 770 775 828 consultari.
824 770 886 827 Sed
917 779 960 826 tot
994 771 1053 827 heu
1087 769 1183 840 annis,
1207 779 1311 843 totque
1343 789 1453 843 prece·

267 859 429 932 fidentium
454 859 639 932 temporibus
664 867 727 914 tum
752 859 870 931 ignauia
894 867 956 914 tum
988 857 1170 930 negligentia
1200 857 1368 914 multorum
1402 860 1452 932 qui

296 947 513 1004 sollicitandum
533 945 618 1003 missi
637 955 707 1003 sunt
725 947 782 1002 od⁴
795 945 964 1017 negocium,
981 945 1100 1001 tametsi
1117 945 1206 1017 plane
1226 945 1300 1002 satis
1318 947 1452 1003 instruc·

295 1043 359 1090 tum
384 1051 440 1107 pro
461 1033 571 1090 infecto
593 1033 750 1090 dimissum
772 1041 837 1102 est3
865 1041 896 1088 vt
916 1049 934 1088 a
954 1033 1052 1104 capite
1073 1033 1173 1089 denuo
1192 1049 1267 1106 sepe
1289 1051 1452 1090 rosumere

295 1120 517 1194 informareque
539 1137 716 1194 processum
742 1120 852 1177 obliuio
876 1128 1045 1192 temporum
1068 1118 1234 1176 mediorum
1256 1123 1452 1194 compulerit.

298 1207 435 1281 Denique
448 1217 606 1282 postquam
621 1225 659 1265 ex
673 1207 791 1281 integro
804 1207 985 1280 recen[sitis]
995 1207 1007 1240 ⁵
1017 1206 1181 1280 superioris
1190 1208 1251 1264 vite
1266 1225 1302 1264 ac
1318 1212 1451 1266 miracu·

246 1315 284 1362 w
297 1295 392 1352 lorum
405 1295 593 1365 testimoniis,
606 1305 751 1368 auctaque
764 1295 795 1351 in
807 1295 874 1352 dies
888 1295 967 1352 fama
985 1295 1143 1368 pontificis,
1157 1295 1230 1352 nihil
1250 1297 1381 1354 materie
1395 1315 1451 1354 seu

295 1382 391 1440 forme
404 1385 483 1456 quod
496 1390 578 1440 tante
591 1382 634 1440 rei
650 1383 769 1455 pondus
786 1382 935 1455 exigebat,
948 1385 1058 1440 deesse
1074 1383 1250 1440 videbatur:
1270 1384 1451 1444 nouissimis

295 1471 402 1528 diebus
427 1470 501 1540 istis,
529 1488 609 1527 anno
639 1470 778 1527 videlicet
804 1469 942 1542 [gratie]⁸
969 1471 1265 1542 quadringentesimo
1297 1473 1451 1545 quinqua-

295 1558 410 1630 gesimo
423 1567 509 1618 sexto
528 1575 620 1632 super
636 1559 727 1626 mille,
739 1557 834 1615 felicis
851 1558 1066 1614 recordationis
1081 1558 1216 1615 Calixtus
1233 1577 1312 1632 papa
1328 1561 1451 1628 tertius,

295 1645 391 1717 pridie
421 1663 519 1702 nonas
549 1645 727 1714 decembris,
752 1646 906 1702 decretum
932 1644 1030 1702 future
1055 1645 1287 1702 canonizationis
1310 1647 1450 1719 legitime

248 1753 282 1808 gg
296 1733 504 1805 promulgauit
554 1732 621 1803 Quo
652 1732 772 1804 quidem
799 1733 848 1789 die
877 1733 1064 1805 prouidentia
1095 1733 1197 1790 diuina
1226 1735 1322 1806 magis
1354 1753 1448 1808 quam

295 1819 415 1876 fortuitu
428 1820 457 1877 id
471 1821 615 1877 accidisse
633 1819 841 1888 arbitremur⁷‚
853 1829 885 1876 vt
902 1819 929 1877 is
945 1819 1011 1877 dies
1029 1819 1080 1893 qul
1098 1820 1287 1878 Osmundum
1304 1823 1449 1895 deposito

294 1907 393 1964 carnis
413 1925 506 1966 onere
526 1908 653 1964 incolam
672 1906 742 1964 fecit
766 1907 797 1964 in
817 1907 899 1976 celis,
919 1907 1009 1976 idem,
1031 1907 1220 1978 interuolutis
1243 1908 1448 1981 plurimorum

294 2013 442 2054 armorum
467 1995 630 2065 curriculis,
656 1995 773 2068 primus
797 2011 866 2051 eum
891 1994 1039 2052 iudicante
1068 1995 1194 2052 ecclesia
1218 1997 1365 2053 iudicaret
1392 2015 1448 2072 pro

295 2091 398 2140 sancto
416 2083 623 2140 venerandum
644 2081 674 2138 in
697 2082 794 2139 terris.
838 2082 876 2140 R.
896 2081 1060 2139 Confessor
1079 2083 1191 2140 Christi
1212 2083 1293 2152 felix,
1314 2082 1449 2142 feliciter

246 2193 282 2237 ω
295 2171 363 2228 audi
385 2170 447 2227 Nos
466 2169 519 2227 tibi
538 2171 663 2227 deuotos
682 2169 822 2242 laudique
839 2179 889 2226 tue
908 2169 1096 2226 famulantes.
1132 2171 1182 2228 Ad
1204 2171 1449 2244 impetrandam·

294 2258 413 2316 veniam
439 2275 495 2330 pro
520 2257 646 2314 crimine
671 2267 773 2316 nostro
798 2257 971 2327 Quesumus
995 2266 1027 2314 vt
1051 2257 1139 2315 nobis
1163 2257 1267 2315 celitus
1295 2259 1448 2318 obtineas

301 2345 333 2402 V.
347 2345 374 2402 O
388 2354 472 2418 pater
485 2345 651 2413 Osmunde‚
664 2345 776 2401 clarum
789 2346 882 2401 decus
895 2345 977 2402 vrbis
992 2353 1021 2402 et
1033 2345 1123 2413 orbis,
1137 2345 1299 2403 Seruorum
1311 2349 1448 2419 gemitus

296 2432 398 2491 tristes
411 2442 443 2490 tu
456 2433 576 2506 suscipe
589 2433 731 2490 clemens.
767 2432 823 2488 Ad.
843 2431 952 2489 Gloria
989 2432 1171 2502 Quesumus.

329 2519 404 2582 tlln
429 2523 509 2578 temo
537 2525 685 2578 nocturna.
721 2519 792 2578 Ant.
818 2519 928 2576 Comes
954 2519 1048 2576 factus
1073 2519 1171 2593 Sagie,
1201 2537 1270 2578 cum
1296 2525 1448 2580 successit

247 2629 279 2679 25
296 2609 381 2682 patri,
390 2617 497 2665 cuncta
510 2611 561 2664 dat
574 2607 699 2665 ecclesie
712 2608 799 2678 bona,
812 2625 867 2665 sue
880 2609 975 2664 matri.
1006 2607 1055 2664 Ps.
1071 2607 1200 2665 Domine
1209 2609 1276 2681 quis
1289 2608 1447 2668 habitabit.

293 2695 362 2752 Ant.
389 2695 544 2752 Postremo
570 2695 708 2753 Dorsetie
729 2705 834 2752 nactus
855 2696 1035 2764 comitatum,
1055 2705 1158 2768 spreto
1181 2697 1292 2752 mundo
1313 2697 1448 2756 trahitur

295 2783 408 2856 [mox]⁶
421 2784 459 2839 ad
478 2783 671 2856 presulatum.
708 2783 759 2839 Ps.
780 2781 908 2839 Domine
927 2782 958 2840 in
971 2785 1089 2840 virtute.
1125 2781 1194 2839 Ant
1214 2783 1278 2840 Iam
1297 2784 1446 2844 celestem

293 2871 432 2928 obtinens
447 2881 550 2943 pastor
561 2871 753 2943 prelaturam,
763 2870 861 2928 seruis
874 2870 933 2926 tuis
946 2871 1090 2942 impetres
1099 2871 1189 2928 vitam
1201 2888 1445 2944 permansuram.

293 2959 343 3016 Ps.
364 2958 484 3015 Domini
498 2967 544 3014 est
557 2967 644 3014 terra.
686 2957 718 3013 V.
733 2956 834 3014 fustus
846 2967 877 3014 vt
890 2958 997 3030 palma.

248 3071 280 3122 30
327 3047 457 3108 fILectro
475 3048 520 3102 mi'.
568 3033 714 3104 STatutis
744 3063 816 3118 ergo
846 3045 993 3118 proximis
1021 3053 1131 3103 extunc
1154 3045 1291 3104 kalendis
1314 3047 1443 3108 ianuarii

294 3153 349 3209 pro
367 3135 495 3192 termino
514 3143 574 3190 tam
595 3133 690 3190 sancti
709 3133 810 3206 operis
829 3133 1023 3207 perficiendi:
1049 3132 1183 3206 prefatus
1201 3151 1346 3192 romanus
1367 3155 1444 3210 pon·

292 3222 365 3279 tifex
384 3239 474 3295 quem
493 3230 582 3280 antea
600 3222 754 3294 grandeua
770 3231 910 3278 senectus
930 3239 965 3277 ac
983 3222 1135 3294 decrepita
1153 3222 1343 3280 imbecillitas
1359 3225 1444 3282 incu-

293 3311 397 3366 ruabat
417 3311 525 3366 mirum
543 3309 574 3366 in
592 3311 722 3380 modum,
739 3310 867 3365 instante
884 3309 1020 3382 prefixe’
1038 3309 1218 3366 celebritatis
1235 3311 1294 3380 die,
1307 3313 1442 3384 speciali,

292 3407 323 3454 vt
349 3397 398 3469 pie
427 3397 567 3464 creditur,
593 3396 743 3454 Osmundi
767 3395 988 3469 patro[cinio]¹⁰
1011 3405 1137 3470 repente
1162 3398 1320 3466 conualuit,
1345 3402 1387 3456 ita
1413 3411 1443 3458 rt

245 3505 278 3562 35
294 3484 486 3557 stupentibus
506 3483 621 3541 cunctis
639 3484 690 3559 qui
707 3485 878 3542 continuam
896 3485 960 3542 eius
976 3484 1202 3542 inualitudinem
1218 3497 1376 3558 expertam
1391 3490 1441 3547 ha-

292 3573 394 3642 buere,
407 3572 509 3628 diuina
528 3571 626 3628 officia
644 3581 804 3644 ceteraque
821 3581 904 3630 tanta
922 3573 1101 3642 necessaria,
1114 3583 1217 3630 mente
1236 3575 1398 3634 roboratus
1413 3591 1442 3636 et

292 3677 426 3733 corpore,
433 3659 553 3732 propria
565 3659 595 3716 in
606 3677 737 3732 persona
745 3660 910 3717 solenniter
918 3669 1062 3717 executus
1070 3660 1116 3716 sit.
1133 3660 1247 3717 Verum
1255 3663 1328 3734 quid
1339 3667 1441 3724 multis

291 3751 349 3806 ista
357 3747 588 3805 strinxerimus?
606 3747 734 3804 sufficiat
745 3747 777 3804 in
791 3747 856 3805 eius
868 3747 988 3804 laudem
995 3748 1044 3804 vel
1057 3747 1087 3802 id
1100 3749 1260 3821 presertim
1269 3759 1439 3810 ceterorum

293 3855 367 3912 pace
380 3845 551 3893 sanctorum
564 3836 706 3892 audacter
718 3834 861 3908 profiteri,
874 3853 933 3892 non
948 3835 1033 3893 facile
1045 3844 1200 3908 repertum
1212 3854 1268 3909 pro
1287 3855 1349 3910 quo
1365 3841 1439 3898 deus

243 3947 278 4000 ⁴0
293 3935 335 3982 tot
345 3921 526 3982 centenariis
539 3922 627 3978 annis
639 3931 750 3995 tanque
760 3923 778 3956 ¹¹
790 3922 995 3980 indesinenter
1007 3940 1112 3980 curam
1125 3923 1226 3996 populi
1236 3936 1381 3997 operatus
1393 3929 1438 3986 sit.

291 4014 330 4072 R.
349 4013 430 4069 Ante
450 4011 540 4067 deum
565 4026 690 4082 magnas
709 4010 835 4067 virtutes
857 4020 997 4084 operatus
1018 4011 1093 4069 est¹²
1112 4011 1289 4070 Osmundus
1308 4025 1438 4088 sanctus,

324 4241 333 4272 ¹
350 4240 379 4290 E.
391 4247 418 4288 vt
429 4240 544 4302 talisque.
602 4236 613 4266 ¹
630 4238 659 4286 E.
672 4245 749 4290 tanta.
811 4238 821 4269 ¹
837 4237 866 4288 E.
878 4239 959 4288 semel
971 4239 1062 4289 lterum
1074 4247 1151 4303 atque
1162 4240 1263 4290 iterum.
1312 4242 1322 4271 ⁴
1341 4243 1392 4293 SB.
1404 4245 1434 4294 id.

289 4306 301 4337 ⁸
317 4307 346 4356 E.
361 4307 497 4356 recentius.
570 4302 580 4332 ⁸
595 4319 645 4354 om.
659 4305 685 4352 in
697 4304 726 4355 E.
798 4302 808 4334 ¹
826 4305 877 4354 SB.
889 4306 1046 4356 arbitramur.
1118 4304 1129 4334 ⁸
1145 4307 1197 4356 SD.
1209 4307 1258 4357 Ast
1270 4307 1435 4370 impetratam

289 4372 300 4404 ⁹
317 4373 345 4424 F.
360 4371 468 4434 prolixe.
534 4369 554 4400 ²⁰
571 4369 600 4420 E.
612 4371 722 4434 patroni.
787 4368 805 4398 ¹¹
822 4371 852 4422 E.
865 4378 995 4434 tanquam.
1060 4369 1080 4404 ¹¹
1094 4387 1115 4425 r.
1128 4380 1169 4423 est
1180 4381 1311 4437 operatus.
