3028 4894
383 307 458 402 Da
482 305 648 397 &aaut
673 307 943 413 tttithhutaa.
1165 321 1240 407 469

84 508 223 584 virgines
236 511 405 586 mulgentes
418 521 530 569 tantam
546 511 630 569 lactis
641 513 807 570 ubertatem
821 521 1046 586 expresserunt,
1058 522 1090 570 vt
1103 514 1240 586 hydriam

85 599 214 671 plenam
234 601 293 656 duo
312 599 368 656 viri
389 599 497 656 iniecto
517 617 573 673 per
591 617 681 656 ansas
699 610 785 656 vecte
803 600 937 657 humeris
958 601 1021 658 suis
1041 601 1191 670 efferrent,
1209 612 1240 659 et

85 686 233 743 omnibus
257 686 343 760 copia
367 687 561 744 habundaret
608 687 696 756 Quod
720 687 846 744 audiens
870 687 1041 761 prepositus
1061 688 1140 760 ville,
1158 699 1241 746 tanta

85 772 235 830 miracula
259 774 480 847 paruipendere
501 783 530 831 et
552 773 677 830 irridere
701 774 795 848 cepit:
824 783 855 830 et
877 775 971 832 liuore
992 777 1114 833 demum
1136 794 1170 834 ac
1195 777 1240 833 in·

86 861 265 934 dignatione
283 862 461 930 stimulatus,
479 863 615 919 adductis
638 862 762 920 canibus
785 863 919 920 insontes
940 863 1019 920 seras
1036 881 1146 938 capere
1168 866 1268 928 nite-5

86 949 187 1006 batur.
225 949 339 1006 Eadem
355 967 428 1006 vero
446 950 519 1006 hora
536 951 608 1006 dum
628 949 707 1007 seras
726 951 895 1020 insectatur,
909 969 1005 1023 equus
1023 951 1054 1007 in
1072 953 1240 1009 obstantem

86 1054 198 1109 sepem
218 1037 381 1094 calcaribus
393 1037 566 1110 vigentibus
584 1038 716 1106 incurrit,
729 1039 871 1112 sepisque
887 1048 971 1095 acuta
988 1040 1063 1095 sude
1076 1041 1240 1097 transfixus

85 1124 139 1180 ilia
164 1126 237 1181 dum
263 1125 425 1182 resiliendo
449 1125 673 1197 tergiuersatur,
695 1143 798 1182 sessor
820 1127 946 1199 supino¹
971 1127 1067 1200 capite
1092 1127 1242 1185 excutitur

85 1211 245 1284 fractaque
257 1213 374 1270 ceruice
387 1213 581 1270 exanimatur.
618 1213 728 1269 Ablato
741 1223 841 1270 autem
854 1215 929 1270 lacte
942 1214 1054 1271 serino:
1074 1231 1134 1271 non
1148 1214 1240 1272 deluit

85 1299 232 1356 dominus
250 1300 366 1357 ancillis
385 1301 457 1370 suis,
475 1301 528 1358 sed
548 1299 644 1370 rediit,
659 1301 710 1373 qui
728 1301 872 1371 defuerat,
884 1302 980 1358 victus
997 1311 1133 1375 tempore
1151 1319 1240 1376 opor·
1257 1318 1287 1355 ιο

85 1397 173 1444 tuno.
222 1387 358 1444 Tandem
384 1387 473 1461 plena
500 1389 641 1460 operibus
666 1388 753 1446 bonis
778 1399 808 1446 et
829 1389 971 1446 virtutum
993 1389 1151 1462 exemplis,
1171 1409 1239 1448 cum

84 1475 268 1548 virginitatis
293 1476 394 1549 palma
419 1475 540 1533 celestia
564 1476 746 1546 conscendit,
771 1477 855 1534 etin
880 1476 1026 1534 cimiterio
1050 1477 1177 1535 ecclesie
1202 1480 1240 1535 de

86 1563 226 1620 Derham
239 1580 306 1619 cum
320 1563 434 1620 honore
446 1580 556 1636 corpus
573 1563 638 1621 eius
655 1572 734 1620 terre
754 1566 989 1621 commendatur.
1064 1551 1140 1622 Post
1153 1565 1240 1638 quin·

84 1651 231 1724 quaginta
250 1651 382 1725 quinque
400 1668 505 1722 annos,
524 1659 657 1708 reserata
676 1652 741 1708 eius
759 1653 870 1719 tumba,
890 1652 929 1708 ita
946 1651 1177 1710 incontaminata
1194 1653 1239 1709 in-

85 1747 182 1794 uenta
199 1747 245 1795 est
260 1739 394 1795 vestibus
410 1748 439 1796 et
455 1747 517 1796 toto
536 1756 670 1812 corpore,
683 1743 760 1796 sicut
779 1739 876 1812 primo
896 1739 943 1795 die
962 1739 991 1812 in
1011 1733 1125 1795 tumulo
1144 1739 1284 1805 iuerat15

84 1826 239 1884 collocata
276 1825 465 1882 Translatum
482 1834 528 1884 est
544 1835 644 1883 autem
657 1829 722 1883 eius
734 1827 904 1884 venerabile
917 1844 1027 1899 corpus
1039 1826 1070 1882 in
1082 1827 1238 1885 ecclesiam

83 1931 180 1986 quam
201 1914 267 1986 ipsa
285 1914 390 1970 viuens
410 1914 521 1970 ibidem
541 1923 755 1972 construxerat
800 1913 846 1972 De
868 1914 933 1972 loco
952 1924 1053 1971 autern
1075 1933 1134 1988 quo
1155 1916 1238 1990 prius

84 2002 208 2075 sepulta
233 2000 336 2071 fuerat,
360 2001 429 2058 sons
454 2019 531 2074 aque
557 2002 739 2059 lucidissime
768 2011 896 2073 emanat,
921 2002 1023 2059 multis
1050 2001 1237 2060 diuersarum

84 2089 235 2146 beneficia
259 2089 418 2146 conserens
443 2089 610 2146 sanitatum.
655 2089 820 2146 Cenobium
846 2091 967 2146 tandem
991 2090 1064 2145 illud
1085 2090 1238 2162 virginale,

84 2177 262 2233 incursione
282 2176 435 2233 Danorum
454 2185 691 2250 tempestateque
710 2177 856 2233 bellorum
875 2177 974 2250 fugato
992 2176 1141 2250 virginum
1161 2187 1237 2248 cetu,
1254 2196 1285 2232 ao

85 2264 119 2321 in
133 2265 305 2337 parochiam
319 2273 364 2321 est
377 2263 559 2322 destitutum.
632 2251 790 2338 Tempore
804 2265 883 2337 regis
898 2265 1006 2337 Edgari
1020 2267 1125 2322 beatus
1139 2266 1238 2322 Ethel-

84 2353 206 2408 woldus
233 2351 393 2425 episcopus
419 2351 635 2408 monasterium
663 2351 797 2409 heliense
822 2351 980 2425 reparauit,
1006 2361 1035 2408 et
1059 2363 1238 2426 congregata

86 2440 304 2497 monachorum
326 2449 453 2509 caterua,
477 2438 666 2495 Brithnotum
687 2439 820 2513 priorem
842 2439 1004 2510 Wintonie,
1024 2440 1155 2513 primurn
1180 2441 1238 2498 illis

85 2529 227 2585 abbatem
245 2527 330 2598 secit;
352 2527 517 2600 adiecitque
532 2545 587 2584 rex
604 2527 703 2583 eidem
720 2528 901 2585 monasterio
912 2529 1077 2586 cenobium
1094 2527 1237 2598 Derham,

85 2633 148 2673 vna
170 2631 238 2672 curn
260 2615 401 2671 thezauro
423 2633 477 2671 suo
495 2615 654 2688 Witburga
672 2614 795 2687 virgine.
832 2615 908 2672 Cum
932 2626 1032 2673 autem
1054 2617 1147 2674 abbas
1168 2635 1235 2673 cum
1253 2636 1281 2685 ²5

86 2703 244 2760 monachis
262 2721 296 2760 ac
315 2702 419 2758 militia
437 2712 550 2760 armata
568 2719 678 2776 corpus
697 2704 735 2758 de
754 2711 833 2759 terra
852 2703 990 2772 leuasset,
1008 2722 1041 2761 ac
1060 2722 1115 2778 per
1132 2704 1236 2776 viginti

86 2791 216 2847 miliaria
236 2791 370 2847 terrestri
391 2791 438 2847 via
458 2806 638 2864 progressus
658 2789 771 2860 suisset,
791 2792 828 2847 ad
854 2790 977 2847 fluuium
999 2790 1029 2848 in
1057 2791 1238 2849 Branduna²

86 2881 286 2948 deuenerunt,
305 2877 493 2950 ingressique
512 2895 607 2934 naues
626 2877 718 2934 remis
741 2889 770 2935 et
789 2879 982 2935 armamentis
1001 2879 1135 2936 certatim
1153 2881 1237 2937 incu-

85 2968 198 3036 buere3
218 2974 339 3038 totoque
357 2965 407 3021 illo
426 2965 532 3022 itinere
552 2982 607 3037 per
623 2974 714 3022 totam
733 2965 797 3022 sere
816 2975 934 3022 noctem
953 2965 1037 3022 stella
1056 2967 1236 3039 splendidis·

86 3055 167 3110 sima
195 3071 287 3127 super
313 3052 437 3126 virginis
465 3070 574 3126 corpus
602 3053 739 3109 rutilabat
766 3062 796 3109 et
825 3053 921 3109 claros
950 3053 1050 3110 radios
1076 3053 1235 3111 effundens
1250 3071 1282 3120 30

86 3139 198 3214 iugiter
209 3158 312 3197 comes
328 3139 397 3198 ibat.
435 3139 472 3196 Et
487 3158 558 3196 ecce
573 3142 704 3214 populus
716 3141 755 3196 de
770 3139 902 3196 Derham
917 3139 1071 3197 associatis
1083 3141 1140 3197 sibi
1157 3141 1236 3198 illius

85 3227 195 3304 plage⁸
207 3227 345 3301 plebibus
355 3227 502 3300 fugientes
514 3229 707 3301 consequitur
716 3237 864 3284 armatus:
885 3227 1000 3300 [nam]⁴
1011 3246 1119 3301 sopore
1130 3247 1235 3286 omnes

86 3315 204 3392 grauati
229 3317 301 3372 dum
323 3315 435 3372 tardius
457 3315 624 3388 explorant,
643 3333 751 3387 corpus
772 3315 896 3389 virginis
919 3315 1049 3372 ablatum
1073 3316 1235 3389 reperiunt,

86 3414 119 3461 et
139 3405 176 3460 ad
192 3421 275 3460 arma
292 3403 490 3477 prosilientes,
506 3402 638 3459 vnanimi
654 3403 768 3476 impetu
784 3411 943 3477 proruunt:
965 3403 1103 3476 bipartito
1116 3404 1235 3477 agmine

85 3501 246 3564 utramque
268 3492 364 3564 ripam
387 3499 540 3564 occupant,
563 3490 672 3546 iactant
693 3491 828 3559 conuitia,
853 3491 1020 3548 intentant³
1041 3491 1163 3564 spicula,
1185 3510 1235 3549 ex·
1250 3507 1279 3557 35

85 3580 231 3656 probrant
249 3579 412 3652 sacrilegia,
430 3579 592 3636 terroribus
611 3587 640 3634 et
659 3578 836 3635 clamoribus
854 3596 889 3635 ac
908 3577 998 3636 minis
1015 3578 1138 3651 implent
1156 3597 1234 3636 aera

87 3668 194 3725 Abbas
213 3667 295 3724 enim
316 3685 383 3723 curn
406 3666 469 3723 suis
490 3676 632 3740 tanquam
654 3668 764 3722 surdus
786 3684 846 3722 non
868 3667 994 3724 audiens
1014 3667 1235 3740 pertransiuit⁰,

85 3755 283 3828 diuinumque
303 3754 445 3810 auxilium
467 3752 580 3810 crebris
601 3753 783 3810 orationibus
805 3755 953 3824 obtinens,
974 3755 1024 3811 dei
1048 3755 1233 3828 protectione

87 3843 231 3911 munitus,
251 3841 331 3899 sesso
357 3842 453 3898 reditu
476 3841 607 3899 contusis
628 3841 904 3915 persequutoribus,
923 3843 1036 3914 absque
1061 3843 1233 3915 cuiusquam

86 3929 267 3988 detrimento
279 3948 347 3986 cum
357 3939 459 3986 sancto
469 3947 595 4003 corpore
609 3929 720 4000 euasit3
737 3938 767 3986 et
779 3930 860 3985 iuxta
872 3930 1006 3986 tumbam
1019 3940 1121 3986 sancte
1135 3929 1234 3988 Ethel-
1247 3944 1280 3994 40

83 4018 180 4078 drede
204 4017 235 4073 in
258 4017 372 4074 tumulo
398 4016 559 4074 honorifice
586 4027 746 4091 preparato
773 4017 933 4074 collocauit
983 4017 1137 4090 Depositio
1161 4037 1234 4075 vero

83 4107 151 4165 eius
165 4114 270 4162 octauo
286 4106 354 4161 idus
373 4104 438 4161 Iulii
457 4105 630 4162 celebratur.
706 4093 800 4162 Facta
817 4115 864 4163 est
882 4115 982 4162 autem
1000 4105 1152 4162 translatio
1172 4123 1234 4164 me·

86 4205 202 4255 morata
223 4195 281 4250 sub
306 4191 460 4250 Brithnoto
481 4193 588 4250 abbate
612 4193 755 4251 heliensis
777 4192 902 4250 ecclesie
922 4210 1001 4249 anno
1022 4193 1137 4251 domini
1159 4211 1233 4250 nor.-

128 4317 312 4380 ¹T.suppino.
380 4315 430 4366 'E
444 4315 665 4366 brenduna.=the
676 4315 800 4365 Brandon
812 4315 880 4365 rlver
891 4330 922 4365 or
934 4314 1011 4366 little
1023 4315 1102 4366 Onse.
1160 4315 1230 4366 ’vit

84 4384 210 4437 affinibus
279 4383 336 4432 ‘so
347 4381 406 4432 Vita
412 4399 421 4446 5
437 4382 466 4431 T.
479 4381 508 4432 E.
522 4384 578 4433 sed.
644 4381 701 4432 ⁸E.
715 4383 876 4445 intemptent.
941 4381 1017 4434 ‘Vit
1031 4389 1232 4446 perstrepentes.
