3036 4878
242 303 315 374 686
682 294 884 397 iipptttbir
913 297 964 372 ll.

243 519 290 556 rex
308 511 336 557 et
354 499 451 556 martir
470 499 607 570 gloriosus
626 499 794 556 Edmundus
813 499 893 568 virgo
911 509 938 554 et
957 514 1074 570 corpore
1093 496 1279 567 incorruptus,
1299 495 1401 549 Ethel-

244 584 360 640 dredam
373 583 508 653 virginem
525 593 552 637 et
565 581 691 652 reginam
706 582 833 638 similiter
851 599 967 652 corpore
985 582 1183 650 incorruptam,
1197 580 1225 634 in
1242 589 1303 633 tam
1321 580 1401 633 claro
1495 641 1496 646 ἵ

243 667 376 722 miraculo
394 667 507 737 pmpria
524 667 642 721 ecclesia
659 667 866 736 tamulanteque
881 665 934 720 sibi
952 665 1091 720 monacho
1107 661 1253 734 preuenire
1269 662 1403 717 voluerit.

245 752 320 805 Nam
333 751 408 823 quod
423 750 481 820 ipse
494 759 584 820 paret
597 749 736 820 particeps
749 749 831 804 buius
842 749 965 803 extiterit
980 746 1115 814 miraculi,
1130 763 1180 816 per
1196 746 1251 800 boc
1264 745 1402 800 omnibus

217 833 392 892 sinnotescit
417 833 493 904 quod
517 832 570 888 sibi
595 833 714 888 alterum
737 833 853 887 anulum
883 849 934 902 pro
964 847 1079 886 munere
1109 829 1281 884 vendicauit.
1334 829 1403 882 Hoc

243 917 363 988 denique
376 916 541 972 miracultun
553 915 662 987 plenius
675 915 805 970 omnibus
824 915 930 970 iudicat
947 913 1066 986 qualiter
1083 913 1111 967 in
1129 912 1221 967 choris
1234 921 1401 966 sanctorum

245 999 346 1056 oeritas
359 1011 458 1056 sancta
470 1009 577 1070 regnat,
590 999 708 1068 qualiter
718 998 755 1054 de
768 998 920 1053 bonoribus
937 997 989 1052 sibi
1003 1015 1021 1051 a
1039 997 1093 1052 deo
1112 994 1220 1050 collatis
1235 995 1401 1050 alternatim

244 1085 418 1154 applaudunt
430 1101 436 1150 ;
456 1083 501 1154 qui
515 1083 565 1138 sibi
579 1083 700 1138 iucundo
714 1081 866 1136 certamine
877 1083 996 1136 honores
1010 1078 1131 1134 inuicem
1143 1079 1272 1143 offerunt,
1280 1088 1310 1134 et
1323 1079 1402 1148 quod

245 1167 307 1238 quis
325 1167 390 1222 boni
410 1168 453 1222 vel
473 1166 562 1221 laudis
582 1164 611 1220 in
630 1164 686 1220 alio
704 1174 803 1220 sancto
820 1165 905 1230 videt,
925 1165 978 1218 hoc
997 1181 1027 1220 se
1045 1179 1096 1234 per
1114 1161 1160 1218 dei
1179 1161 1362 1233 presenciam
1375 1171 1403 1216 et

203 1269 234 1304 10
247 1250 369 1305 caritatis
382 1249 538 1318 fluenciam,
551 1265 581 1304 se
594 1249 752 1320 percepisse
764 1249 930 1318 congaudet.

319 1406 424 1462 Uidam
442 1406 568 1460 seruulus
593 1421 679 1474 prope
697 1403 792 1458 villam
812 1403 901 1458 sancti
921 1401 1065 1457 Edmundi
1084 1402 1180 1457 fenum
1200 1401 1354 1456 cumulans
1373 1410 1402 1454 et

353 1488 381 1542 in
394 1489 482 1542 altum
497 1503 677 1558 componens,
691 1504 755 1541 curn
771 1487 826 1541 iam
839 1488 965 1542 cumulus
980 1487 1039 1541 lere
1053 1485 1090 1556 xij
1104 1485 1205 1556 pedum
1218 1485 1262 1538 vel
1277 1482 1403 1553 amplius

246 1573 362 1628 haberet
374 1569 560 1636 altitudinem,
573 1580 735 1640 superstans
747 1579 774 1624 et
788 1570 881 1624 minus
894 1579 975 1625 caute
988 1585 1019 1624 se
1031 1579 1144 1624 vertens
1156 1567 1193 1621 ad
1211 1578 1318 1620 terram
1337 1565 1402 1632 ruit,

248 1655 308 1726 ipsa
328 1653 429 1723 capitis
451 1652 611 1708 summitate
626 1651 748 1723 primum
767 1661 871 1707 terram
892 1650 1081 1720 contingente,
1101 1650 1195 1720 sicque
1216 1649 1334 1704 collisus
1358 1659 1402 1702 est

205 1757 233 1807 ¹5
248 1739 276 1792 in
289 1755 324 1792 ea
336 1747 415 1807 parte
429 1747 457 1792 vt
470 1737 541 1790 collo
554 1735 625 1790 iufra
640 1751 740 1805 corpus
756 1751 860 1804 presso,
874 1735 965 1804 capud
980 1744 1008 1789 et
1027 1733 1135 1788 humeri
1153 1732 1401 1800 coniungerentur.

247 1820 334 1876 attuit
353 1819 473 1874 balliuus
491 1817 543 1872 loci
563 1819 617 1873 hoc
635 1817 752 1882 videns;
779 1827 807 1872 et
828 1833 940 1872 merens
956 1833 990 1871 eo
1010 1817 1086 1887 quod
1107 1815 1226 1870 famulus
1245 1815 1287 1868 sic
1306 1815 1403 1869 subito
1495 1873 1496 1878 ἵ

247 1912 408 1970 moreretur,
422 1913 550 1956 sanctum
564 1900 746 1956 Edmundum
759 1899 871 1955 inuocat
883 1909 911 1954 et
924 1917 955 1956 se
967 1901 1087 1970 spondet
1100 1917 1164 1954 eum
1177 1915 1240 1953 cum
1253 1897 1403 1953 oblacione

247 1985 441 2052 visitaturum3
473 1984 576 2039 deiude
599 1983 775 2038 oracionibus
799 1983 911 2050 insistit,
936 1983 1038 2037 collum
1062 1982 1165 2038 trabit:
1193 1990 1221 2036 et
1246 1983 1401 2048 seruulum,

248 2084 331 2138 quem
356 2067 440 2138 paulo
463 2076 529 2121 ante
559 2066 692 2122 cernebat
721 2066 800 2136 quasi
829 2077 978 2134 mortuum,
1004 2063 1060 2120 iam
1089 2067 1257 2135 loquentem,
1283 2076 1312 2119 et
1338 2074 1402 2134 post
1495 2107 1496 2142 3

205 2170 237 2205 ao
248 2149 391 2221 paululum
423 2149 614 2204 ambulantem
643 2149 780 2217 mirando,
806 2159 936 2206 sanctum
966 2149 1010 2204 dei
1041 2149 1183 2204 martirem
1214 2147 1400 2202 Edmundum
1495 2149 1496 2178 l

248 2234 396 2288 exaltabat

250 2390 381 2516 ALius
398 2389 513 2461 quidam
529 2391 669 2460 puerulus,
682 2391 808 2445 nondum
821 2390 934 2461 quidem
951 2387 1076 2456 triennis,
1089 2405 1152 2443 cum
1169 2387 1244 2458 apud
1263 2387 1400 2443 eoketeld

348 2474 472 2544 quodam
493 2472 539 2528 die
559 2473 667 2528 luderet
691 2490 755 2528 cum
779 2473 898 2538 cultello,
922 2472 1038 2527 fortuitu
1059 2482 1088 2526 vt
1113 2471 1216 2526 assolet
1242 2469 1270 2524 in
1296 2479 1400 2524 terrain

250 2555 362 2624 cecidit,
377 2571 462 2625 seque
474 2555 515 2610 sic
527 2554 649 2625 grauiter
661 2573 725 2610 cum
738 2555 849 2610 cultello
862 2555 1025 2622 uulnerauit,
1038 2564 1067 2609 vt
1084 2554 1121 2608 ad
1137 2569 1300 2608 mensuram
1317 2552 1401 2607 trium

205 2651 234 2702 ²5
249 2636 382 2707 pollicum
401 2638 439 2692 ad
457 2637 670 2694 estimacionem
688 2637 867 2692 verisimilem
886 2638 1013 2692 cultellus
1032 2637 1060 2692 in
1080 2647 1178 2707 pectus
1199 2636 1278 2706 pueri
1298 2636 1398 2690 inlisus

248 2729 437 2789 mergeretur;
466 2721 541 2791 quod
560 2721 634 2776 circa
651 2721 750 2775 boram
768 2737 873 2775 nonam
892 2719 1044 2790 contigisse
1060 2720 1178 2776 refertur
1193 2737 1210 2772 a
1227 2720 1399 2788 parentibus,

249 2818 343 2872 aqua
365 2802 479 2873 quidem
498 2803 567 2857 hora
587 2820 675 2874 vsque
694 2803 732 2858 ad
754 2819 899 2873 vesperam
921 2803 1035 2872 sangnis
1054 2801 1168 2858 effluere
1188 2818 1246 2856 non
1269 2801 1399 2857 cessauit.

251 2885 361 2940 Clamat
376 2895 473 2951 mater,
492 2886 569 2941 dolet
585 2896 666 2956 pater
682 2886 718 2941 de
735 2895 825 2941 morte
842 2885 1018 2951 innocentis;
1046 2886 1148 2940 deinde
1164 2893 1231 2940 vota
1249 2895 1356 2940 uouent
1372 2895 1399 2940 et
1495 2951 1496 2954 Ἴ

250 2980 377 3022 sanctum
403 2968 587 3023 Edmundum
612 2968 754 3023 inuocant.
798 2969 927 3023 Tandem
952 2967 1104 3038 respiciens
1128 2977 1220 3023 mater
1242 2970 1398 3038 puerulum,

207 3067 238 3116 ³0
251 3061 278 3104 et
310 3068 360 3121 per
384 3049 518 3121 pallorem
549 3061 577 3106 et
607 3051 743 3106 duriciam
771 3051 870 3106 mortis
894 3050 974 3120 signa
999 3051 1151 3118 coniciens,
1175 3067 1245 3106 voce
1268 3051 1400 3106 clamauit

251 3143 393 3190 matema:
418 3135 562 3188 ‘Mortuus
579 3143 622 3188 est
640 3150 709 3204 puer
724 3150 812 3200 meus,
826 3143 952 3188 mortuus
964 3143 1007 3188 est
1024 3134 1123 3204 puerl’
1161 3133 1214 3188 Cui
1225 3151 1296 3204 puer
1308 3135 1400 3190 statim

250 3215 413 3286 respondit:
433 3217 530 3283 ‘Vere,
543 3225 641 3284 mater,
654 3231 710 3271 non
727 3233 790 3270 sum
806 3227 940 3284 mortuus,
954 3227 996 3272 set
1013 3217 1106 3272 adbuc
1123 3227 1216 3272 tecum
1228 3218 1310 3272 uiuo?
1347 3217 1400 3287 Qui

251 3297 307 3352 cito
319 3299 460 3354 conualuit
471 3315 477 3366 ;
496 3309 524 3354 et
537 3309 599 3369 post
611 3298 753 3354 modicum
766 3299 900 3369 temporis
912 3316 931 3354 a
944 3299 1106 3370 parentibus
1125 3299 1182 3354 suis
1198 3301 1236 3354 ad
1252 3301 1400 3357 ecclesiam

253 3380 342 3435 sancti
357 3381 500 3436 Edmundi
512 3381 662 3452 perductus
675 3393 726 3436 est.

207 3553 237 3604 35
314 3536 365 3590 Uit
382 3536 452 3590 alius
471 3538 602 3606 paruulus
621 3547 650 3592 et
668 3537 798 3607 puerulus
817 3536 931 3593 nomine
952 3539 1101 3606 Robertus,
1120 3537 1191 3594 iilius
1213 3540 1350 3596 lobannis
1368 3542 1400 3598 de

349 3619 508 3674 Rokewode
521 3620 558 3674 de
568 3619 771 3675 valencioribus
785 3620 875 3690 patrie
888 3619 978 3676 sancti
990 3622 1154 3690 Edmundi;
1173 3623 1220 3693 qui
1233 3641 1298 3678 curn
1312 3622 1398 3694 [cunt]

252 3701 415 3775 parentibus
427 3701 484 3758 suis
496 3702 572 3773 apud
584 3703 783 3759 Wheluetham
796 3715 959 3770 moraretur,
971 3705 1083 3774 elapsus
1095 3706 1216 3775 quadam
1229 3705 1276 3761 die
1288 3706 1401 3762 nutricis

252 3785 381 3842 manibus
394 3785 422 3839 in
439 3787 581 3856 quoddam
598 3795 730 3856 stagnum
746 3785 892 3842 casualiter
908 3786 1016 3852 cecidit,
1029 3797 1056 3842 et
1074 3787 1221 3842 immersus
1238 3798 1290 3857 est,
1304 3790 1401 3860 bisque

253 3871 297 3924 vel
310 3869 396 3926 tercio
410 3868 484 3924 idem
497 3885 599 3939 passus
615 3868 724 3924 natauit
742 3868 858 3924 tandem
877 3885 960 3939 super
975 3869 1089 3925 flumen.
1126 3871 1203 3926 Inter
1217 3871 1271 3926 bec
1286 3872 1401 3928 sollicite

208 3979 241 4027 40
254 3953 383 4025 queritur,
396 3961 424 4006 et
436 3952 539 4007 ancilla
550 3952 672 4022 quedam
685 3969 833 4007 accurrens
848 3969 967 4022 eumque
984 3962 1127 4008 natantem
1140 3953 1247 4020 videns,
1261 3955 1400 4010 nunciauit

253 4054 315 4094 esse
328 4045 468 4090 mortuum
480 4035 626 4106 iacereque
638 4035 779 4105 turgidum
794 4051 879 4104 super
891 4034 1004 4089 vndam.
1042 4037 1175 4091 Parentes
1193 4035 1277 4105 igitur
1292 4037 1399 4092 attoniti

253 4130 281 4176 et
298 4118 380 4174 valde
397 4119 508 4185 turbati,
521 4117 682 4186 cogitabant
701 4118 842 4189 quomodo
860 4135 925 4173 eum
944 4118 981 4172 ad
1000 4128 1101 4174 terram
1120 4119 1261 4173 traherent
1278 4132 1307 4174 et
1326 4137 1399 4188 sepe·

253 4202 351 4268 lirent;
380 4211 611 4272 assumentesque
631 4211 760 4266 rastrum,
779 4210 808 4256 et
826 4218 877 4270 per
894 4202 948 4256 hoc
970 4218 1035 4256 eurn
1052 4203 1235 4268 attrahentes,
1254 4211 1399 4271 posuerunt

254 4299 354 4352 corpus
367 4283 488 4350 rigidum
497 4283 717 4337 calefaciendum
731 4283 806 4338 iuxta
819 4283 930 4353 ignem:
951 4285 1112 4354 nullumque
1125 4283 1181 4339 vite
1194 4283 1306 4352 signum
1325 4285 1354 4338 in
1369 4301 1398 4340 eo

208 4377 239 4425 45
255 4361 389 4431 videntes,
403 4376 531 4418 sanctum
545 4366 729 4420 Edmundum
746 4364 923 4422 inuocabant.
962 4367 1025 4422 Nec
1041 4381 1121 4421 mora
1137 4383 1263 4436 puerum,
1276 4367 1314 4422 de
1326 4366 1398 4422 cuius
