3012 4898
419 319 496 417 De
519 315 682 412 earm
709 309 923 418 ababa,
1169 309 1240 416 '³63

79 521 228 580 darium¹
252 539 374 581 carnem
399 522 524 582 incisam
548 524 586 581 ad
614 523 804 598 coquendum
827 530 1000 598 posuerunt.
1044 521 1107 580 Sed
1130 529 1243 594 quanto

79 610 161 683 plus
181 609 259 684 ignis
277 621 489 684 augmentatus
507 611 613 680 extitit,
626 619 708 668 tanto
726 628 796 669 caro
814 611 845 667 in
864 608 1013 668 caldario¹
1029 609 1127 684 posita
1146 606 1242 682 magis

80 707 248 755 ementata
268 697 416 772 apparuit
451 698 588 756 Audiens
606 698 653 755 vir
674 698 723 755 dei
741 714 863 755 vaccam
883 714 969 755 suam
993 696 1130 766 furatam,
1151 694 1242 753 vesti·

81 785 175 858 mum
197 784 263 843 eius
284 786 398 844 inuenit
417 786 494 843 miro
514 787 603 843 modo
624 787 655 842 in
675 786 775 859 lapide
791 785 990 860 impressum:
1012 792 1042 841 et
1063 801 1132 841 cum
1153 782 1242 840 sociis

82 871 156 928 suis
182 889 278 945 vsque
302 873 341 930 ad
361 873 505 947 palatium
533 873 614 948 regis
639 873 766 947 vestigia
789 889 879 930 vacce
910 871 1065 946 sequendo
1095 870 1271 946 peruenias

83 957 188 1016 Cuius
207 961 338 1018 aduentu
363 960 491 1035 cognito,
510 960 693 1018 caldarium¹
708 977 786 1034 aqua
805 959 948 1036 plenum⁸
965 959 1109 1027 semente,
1127 957 1244 1014 iuncis⁴

83 1055 269 1119 coopertum
277 1047 297 1118 ¹,
310 1049 348 1104 ab
364 1048 434 1122 igne
446 1047 636 1122 depositum·
648 1047 733 1122 quasi
746 1047 840 1105 sedile
856 1057 1026 1121 preparant,
1039 1055 1069 1105 et
1079 1045 1177 1104 virum
1194 1044 1243 1102 dei

84 1133 206 1190 ibidem
223 1136 331 1192 sedere
350 1137 483 1192 inuitant.
521 1135 560 1192 Et
578 1153 647 1192 cum
669 1135 833 1210 iniquitatis
849 1133 902 1192 filii
920 1135 1017 1192 virum
1035 1142 1172 1192 sanctum
1191 1131 1242 1190 inT

86 1221 242 1278 semidam
261 1239 368 1295 aquarn
387 1223 485 1280 subito
506 1224 615 1281 cadere
634 1231 748 1297 putant,
768 1221 862 1280 sedile
883 1221 993 1280 sactum
1010 1231 1057 1280 est
1069 1221 1197 1279 solidum
1213 1229 1243 1278 et

86 1309 226 1377 firmum,
249 1309 335 1383 quasi
366 1309 516 1384 lapideum
545 1319 635 1369 esset.
686 1309 755 1368 Rex
786 1311 878 1381 euim,
909 1310 965 1367 hoc
996 1309 1123 1383 cognito,
1154 1307 1242 1366 flexis
1260 1319 1290 1357 ¹0

85 1395 223 1469 genibus
245 1397 365 1455 veniam
391 1398 569 1472 implorauit.
607 1399 727 1456 Indulta
750 1397 814 1471 regi
838 1397 935 1469 venia,
960 1414 1082 1456 carnem
1113 1405 1143 1454 et
1173 1411 1244 1454 ossa

85 1497 185 1536 vacce
203 1497 258 1538 sue
277 1497 313 1538 su
354 1497 370 1538 r
388 1482 501 1540 corium
520 1483 592 1556 poni
610 1481 714 1540 iussit:
733 1491 764 1538 et
780 1481 880 1539 statim
899 1498 1000 1540 coram
1018 1480 1158 1538 omnibus
1175 1481 1245 1536 viua

87 1567 233 1625 surrexit.
336 1579 442 1626 anctus
459 1579 558 1627 autem
577 1568 723 1640 Cadocus,
741 1571 773 1626 in
795 1567 918 1625 iuuenili
937 1577 1017 1626 etate
1037 1567 1088 1625 illo
1106 1575 1244 1640 tempore

87 1653 124 1712 in
139 1653 221 1712 curia
233 1654 376 1728 genitoris
389 1673 524 1727 manens,
534 1656 599 1714 viso
612 1656 668 1714 hoc
686 1655 831 1714 miraculo
843 1666 946 1714 sancto
955 1655 1109 1713 Tnathe0⁸
1118 1655 1244 1712 traditur

87 1740 256 1799 virtutibus
277 1743 494 1801 informandus.
532 1743 570 1801 Et
592 1743 723 1802 extincto
743 1743 812 1817 igne
836 1743 885 1802 die
907 1745 1036 1817 quadam
1061 1741 1173 1800 missus
1197 1750 1243 1798 est
1259 1755 1288 1806 15

89 1829 234 1886 Cadocus
255 1828 356 1904 ignem
377 1831 416 1888 ad
435 1832 593 1888 ecclesiam
614 1832 750 1889 deferre:
777 1832 831 1888 sed
853 1830 981 1888 rusticus
1000 1829 1121 1905 quidam
1142 1829 1244 1904 ignem

89 1915 153 1974 sibi
169 1917 288 1974 tradere
303 1917 410 1988 renuit,
424 1918 481 1975 nisi
496 1919 527 1975 in
546 1919 675 1976 clamide
692 1917 778 1976 illum
796 1917 949 1976 baiularet
987 1915 1105 1974 Locatis
1122 1916 1243 1972 tandem

90 2003 126 2060 in
146 2004 290 2061 mantello
307 2006 497 2074 carbonibus,
510 2006 548 2063 ad
568 2005 743 2080 magistrum
755 2015 842 2063 veste
859 2005 944 2062 illesa
963 2002 1139 2077 deportauit.
1175 2001 1244 2074 Quo

89 2091 160 2148 viso
180 2091 332 2160 miraculo,
354 2094 458 2150 doctor
477 2092 634 2151 Thatheus
655 2093 832 2150 instructum
852 2092 1003 2150 Cadocum
1027 2091 1058 2148 in
1080 2089 1162 2148 omni
1183 2089 1244 2148 vir·

89 2186 192 2236 tutum
205 2179 348 2237 exercitio
359 2182 398 2237 ad
411 2180 569 2238 heremum
581 2179 755 2238 transmisit
830 2168 945 2249 Puella,
959 2178 1100 2237 Machuta
1112 2175 1243 2247 nomine,
1258 2192 1290 2229 ro

90 2267 169 2323 dum
187 2283 261 2322 oues
282 2267 339 2324 sibi
361 2267 540 2325 commissas
561 2267 733 2338 custodiret,
753 2267 885 2325 latrones
903 2269 972 2339 duo,
990 2275 1077 2341 rapto
1101 2265 1195 2323 ariete
1215 2274 1245 2323 et

90 2361 212 2423 necato,
224 2353 356 2427 puellam
374 2355 405 2411 in
425 2354 532 2412 siluam
547 2355 716 2427 abductam,
729 2373 769 2414 ne
786 2355 973 2412 latrocinium
991 2355 1132 2428 proderet
1145 2353 1245 2410 decol-

90 2441 203 2498 larunt.
241 2440 299 2498 His
323 2442 433 2499 auditis
457 2443 551 2500 doluit
574 2443 621 2500 vir
644 2442 711 2500 dei:
743 2452 774 2502 et
797 2444 868 2500 dum
893 2441 1077 2499 orationibus
1099 2439 1244 2514 vigilaret,

91 2527 246 2585 homicide
258 2530 296 2587 ad
309 2529 418 2586 ostium
431 2547 519 2587 suum
532 2538 689 2598 venerunt,
702 2530 881 2587 confitentes
898 2545 932 2586 se
944 2528 1069 2587 arietem
1081 2527 1194 2586 furatos
1206 2537 1245 2596 et,

90 2615 177 2689 quod
189 2617 317 2687 nequius
329 2625 401 2685 erat,
409 2617 602 2674 homicidium
615 2625 804 2691 perpetratos
818 2618 851 2690 (t)
860 2617 878 2674 ⁹.
908 2616 971 2674 Illis
983 2615 1102 2674 veniam
1117 2614 1245 2690 petenti·
1260 2627 1290 2678 ²5

91 2704 154 2760 bus
166 2703 301 2778 precepit
313 2705 351 2762 ad
363 2705 526 2762 antistitem
539 2721 678 2779 pergere,
693 2713 723 2762 et
735 2713 804 2778 post
816 2703 1038 2762 consessionem
1051 2701 1246 2777 penitentiam

91 2788 268 2862 impositam
288 2790 424 2864 implere.
459 2790 515 2848 Vir
532 2800 633 2849 autem
653 2792 701 2848 dei
719 2791 750 2848 in
769 2792 835 2849 loco
853 2791 903 2849 vbi
923 2792 1021 2849 occisa
1036 2791 1121 2864 virgo
1140 2790 1246 2857 extitit,

91 2876 256 2936 ecclesiam
268 2877 448 2948 fundauit,et
462 2896 572 2953 corpus
582 2879 707 2952 virginis
715 2879 746 2935 in
759 2879 941 2937 monasterio
953 2897 1008 2936 suo
1018 2876 1163 2951 sepeliuit.
1186 2866 1247 2935 Vir

92 2963 147 3022 dei
165 2963 307 3022 instinctu
315 2965 337 2998 ¹⁰
353 2965 472 3024 bubulci
481 2966 501 2999 ²¹
520 2966 674 3024 cuiusdam
696 2966 810 3024 sontem
828 2967 977 3040 limpidiss
997 2965 1092 3023 imum
1110 2966 1147 3022 de
1166 2973 1246 3021 terra

93 3052 250 3127 produxit
288 3052 372 3110 Idem
392 3053 500 3110 iterum
519 3055 667 3111 bubulcus
684 3055 767 3112 venit
786 3055 822 3112 atl
844 3054 942 3113 vimrn
961 3063 1106 3122 sanctum,
1122 3053 1244 3112 dicens:
1259 3064 1291 3114 ³0

94 3139 211 3212 ‘Lupa
229 3139 333 3213 inquit,
350 3139 510 3198 senissima
527 3142 566 3199 de
585 3141 660 3198 silua
677 3143 784 3200 exiens
799 3151 915 3216 septem
935 3140 1082 3215 porcellos
1097 3141 1136 3199 de
1153 3159 1245 3215 grege

93 3243 258 3301 porcorum
270 3227 408 3285 abstulit·
434 3227 490 3286 Cui
502 3237 640 3286 sanctus:
661 3229 762 3286 ‘Vade
775 3230 806 3287 in
819 3247 893 3304 pace
908 3247 963 3287 nec
979 3229 1109 3302 amplius
1122 3229 1244 3288 doleas:

93 3315 169 3388 quia
187 3313 263 3371 deus
284 3313 415 3372 visitabit
437 3313 575 3374 seuitiam
594 3316 674 3390 lupe,
696 3334 751 3374 nec
769 3317 898 3392 amplius
918 3317 969 3374 tibi
988 3333 1099 3374 nocere
1119 3317 1246 3391 poterit!

96 3401 135 3458 ln
151 3401 281 3459 crastino
293 3401 366 3459 vidit
383 3403 526 3460 subulcus
542 3401 644 3477 lupam
657 3405 839 3476 venientem,
852 3413 882 3462 et
900 3421 987 3462 suum
1000 3405 1131 3462 catulum
1143 3405 1174 3461 in
1194 3421 1246 3462 ore

95 3497 272 3546 tenentem:
303 3497 333 3547 et
357 3489 442 3564 quasi
466 3489 597 3547 alienum
622 3492 660 3547 ad
685 3492 794 3548 ostium
818 3491 934 3550 subulci
958 3493 1087 3566 reliquit.
1122 3491 1246 3550 Catulus
1259 3505 1291 3558 35

95 3592 172 3632 vero
191 3575 312 3634 relictus
336 3577 374 3633 ad
396 3593 519 3650 porcam
544 3578 678 3635 orbatam
703 3579 829 3636 accessit
852 3587 882 3636 et
907 3579 1046 3637 continuo
1068 3581 1134 3637 eius
1153 3580 1247 3636 vbera

97 3663 181 3720 suxit
189 3662 218 3720 ¹¹.
255 3663 358 3721 Creuit
371 3664 451 3720 enim
463 3671 496 3720 vt
508 3663 592 3722 canis
604 3666 796 3737 domesticus,
804 3681 864 3722 non
874 3667 960 3739 quasi
973 3666 1070 3740 lupus,
1079 3675 1110 3723 et
1122 3683 1245 3740 gregem

96 3749 197 3808 tribus
220 3750 308 3808 anuis
331 3751 436 3808 sedule
460 3751 627 3810 custodiuit.
677 3740 812 3813 Sanctis
841 3755 964 3810 tandem
988 3753 1153 3823 Thatheus,
1177 3763 1246 3826 post

97 3837 193 3896 multa
205 3838 347 3895 virtutum
359 3848 476 3912 patrata
488 3839 639 3911 miracula,
647 3840 763 3915 vigillas
779 3850 809 3899 et
821 3841 1017 3899 abstinentias
1028 3842 1087 3899 deo
1099 3851 1246 3914 acceptas,

97 3925 229 3998 septimo
247 3925 306 3983 kal.
326 3925 456 3983 Ianuarii
474 3927 506 3984 in
525 3943 634 3985 manus
653 3928 796 3988 creatoris
815 3928 862 3986 sui
879 3927 1017 4002 spiritum
1030 3927 1145 4001 emisit3
1166 3936 1197 3986 et
1215 3927 1246 3986 in
1259 3941 1293 3990 4⁰

98 4013 282 4072 monasterio
294 4031 349 4071 suo
362 4013 483 4089 sepeliri
495 4031 564 4074 cum
579 4015 694 4073 honore
706 4017 824 4076 meruit.

131 4175 512 4234 henrimannum.
588 4178 775 4231 'tealduia
853 4179 1110 4245 'Epieuamaqua
1189 4175 1248 4232 ⁸¹1⁴.

98 4243 204 4294 iunceis.
269 4243 280 4274 ⁸
297 4243 326 4294 E.
338 4251 494 4307 coopertam.
566 4243 577 4274 ⁸
592 4245 622 4297 E.
635 4246 787 4310 depositam.
858 4244 869 4276 ¹
886 4261 936 4296 om.
949 4247 975 4295 in
986 4244 1016 4296 T.
1081 4245 1091 4276 ¹
1112 4267 1135 4288 ι
1148 4243 1247 4296 Menthi

97 4311 126 4364 ia
138 4308 198 4358 Vita
208 4308 272 4360 Cad.
364 4309 376 4342 θ
391 4325 413 4360 r.
425 4317 563 4375 operatos3
579 4311 631 4362 Vit.
642 4310 753 4377 operari.
840 4309 859 4342 ¹⁰
875 4310 905 4363 T.
916 4312 1054 4374 instinctu5
1071 4309 1100 4360 F„
1112 4311 1247 4370 instructu.

98 4375 118 4406 ⁸¹
134 4370 186 4426 vn.
197 4373 305 4428 subtriti.
363 4373 384 4406 ¹¹
400 4373 431 4429 Ε.
441 4376 518 4440 sunit.
