3062 4888
93 324 241 380 nsaou
256 326 326 393 aa]
493 311 568 406 Ut
584 307 644 399 ὃ.
661 309 836 399 delam·
1175 335 1247 410 547

93 523 223 591 senioris,
235 524 349 581 nomine
357 524 474 582 Walteri
484 527 586 597 Espec,
595 543 678 598 super
689 536 842 583 torrentem
853 543 907 598 que
921 528 984 597 Rya
995 535 1118 594 vocatur,
1128 524 1248 597 planicie

91 607 176 662 vallis
194 607 326 664 hincinde
345 608 567 676 circumiacente,
583 608 682 666 casas¹
699 611 782 666 fixere
801 627 874 666 suas.
912 609 1073 665 Habitaculi
1093 619 1188 665 antem
1204 609 1247 664 sui

91 689 278 763 eiusdemque
302 691 357 747 loci
381 709 484 747 nomen
510 709 543 748 ex
567 693 678 748 duobus
701 703 926 764 composuerunt,
950 693 1081 749 videlicet
1100 710 1135 748 ex
1158 691 1248 762 ipsius

91 773 227 830 torrentis
245 774 391 842 vocabulo,
410 785 439 830 et
456 775 537 843 valle,
557 776 630 832 vnde
653 784 682 831 et
707 775 841 832 Rieuallis
865 786 1047 847 nuncupatur.
1093 777 1248 846 Hucusque

91 856 138 910 vir
149 857 317 912 venerabilis
333 859 371 912 ab
386 857 479 914 amico
490 859 613 915 fabulam
626 875 682 914 non
695 859 789 915 fictam
804 868 847 914 set
859 860 963 915 iactam
976 859 1101 927 audiens,
1115 859 1169 914 ‘Et
1185 875 1247 928 eya,
1262 875 1277 926 ⁵

92 938 195 1010 inquit,
213 955 267 1010 que
283 951 326 996 est
341 940 458 1012 viaque
478 939 554 996 ducit
572 942 610 997 ad
628 941 698 996 istos
713 941 841 998 homines
859 942 1000 1012 angelicos
1017 941 1098 998 etad
1117 943 1169 998 hec
1185 943 1248 997 loca

92 1022 245 1078 celestial¹
281 1025 319 1079 At
338 1025 402 1079 ille:
423 1026 521 1080 ‘quta
540 1034 568 1081 te
589 1035 653 1081 sunt
667 1023 844 1097 iacilimeque
862 1025 995 1096 repperiri
1014 1034 1149 1096 possunt;
1174 1033 1203 1080 et
1223 1023 1246 1080 si

91 1115 243 1176 aspectum
263 1106 372 1162 illorum
389 1107 542 1176 desideras,
563 1109 723 1179 aggredere,
745 1118 775 1165 et
793 1119 859 1165 ante
879 1108 935 1165 diei
956 1107 1093 1180 presentis
1115 1124 1247 1164 occasum

92 1188 223 1259 implebit
242 1191 311 1245 deus
330 1190 499 1246 desiderium
517 1192 613 1247 tuum.¹
648 1191 814 1264 tinccepta
830 1192 914 1262 igitur
929 1191 1055 1256 licencia,
1067 1201 1096 1247 et
1112 1190 1246 1248 benedic·

91 1271 174 1327 tione
186 1271 223 1326 ab
235 1272 361 1329 antistite
373 1273 488 1344 iniunte,
501 1284 581 1344 vrget
593 1274 641 1342 ire,
654 1290 710 1346 quo
725 1275 832 1344 nescit3
853 1285 895 1332 set
910 1279 1013 1332 relator
1027 1275 1105 1330 illum
1121 1291 1152 1330 se
1168 1273 1245 1345 sequi
1261 1291 1293 1328 ro

91 1355 183 1422 iubet,
204 1365 233 1411 et
254 1356 294 1413 sic
316 1357 489 1428 agitantibus
508 1358 625 1413 caballis
645 1358 778 1414 velociter
797 1370 864 1415 ante
884 1359 940 1414 diei
958 1358 1083 1415 medium
1101 1359 1247 1414 castellum

92 1437 260 1494 introierunt
281 1441 454 1510 Helmesley,
472 1441 549 1511 quod
569 1459 587 1496 a
605 1441 752 1512 Ryauallia
771 1441 856 1498 distat
874 1441 932 1498 iere
953 1441 1107 1498 miliaribus
1128 1442 1247 1498 duobus.

91 1521 120 1580 tl
134 1523 169 1576 ln
182 1539 237 1594 quo
250 1522 316 1578 dum
329 1541 378 1579 eos
390 1524 529 1594 exciperet
541 1523 584 1579 vir
596 1524 696 1580 nobilis
708 1535 737 1580 et
753 1525 885 1581 fundator
896 1525 969 1581 illius
983 1525 1092 1580 cenobii
1104 1527 1246 1581 Walterus

93 1607 201 1676 Espec,
213 1615 325 1662 noctem
341 1606 417 1662 illam
432 1624 497 1662 cum
513 1625 548 1662 eo
566 1609 703 1663 duxerunt
719 1608 892 1676 letissimam,
904 1608 952 1680 qui
969 1609 1041 1663 mira
1059 1608 1096 1664 de
1113 1607 1247 1679 predictis

92 1687 228 1744 fratribus
244 1706 369 1758 narrans,
387 1691 501 1745 Aelredi
519 1691 648 1762 spiritum
666 1691 757 1761 magis
775 1708 809 1747 ac
828 1693 921 1762 magis
941 1691 1045 1762 gaudio
1063 1691 1246 1748 accendebat.
1260 1704 1291 1756 ¹5

92 1770 121 1828 tl
135 1772 222 1826 Mane
241 1771 325 1842 igitur
338 1773 420 1840 lacto,
433 1773 524 1844 pergit
540 1773 578 1828 ad
594 1776 757 1830 monachos.
795 1776 847 1832 Cui
866 1775 942 1846 prior
957 1775 1085 1842 occurrit,
1099 1773 1247 1844 hospitalis

93 1863 125 1910 et
148 1855 286 1925 portarius
307 1857 412 1912 ducunt
432 1873 498 1912 eum
521 1857 558 1912 ad
583 1855 752 1926 oracionem,
774 1869 840 1929 post
864 1858 1025 1914 oracionem
1050 1856 1195 1928 predicant
1219 1857 1246 1912 ei

93 1939 212 1994 verbum
222 1939 277 2005 dei,
287 1949 315 1994 et
328 1938 383 1994 iam
392 1940 449 1995 viui
461 1940 563 2011 eloquii
576 1941 727 2012 spiritualis
739 1943 809 1997 uber
820 1942 912 1996 ferens
925 1958 1009 2012 super
1017 1951 1130 2008 terram,
1139 1941 1246 1997 iontem

94 2020 229 2092 produxit
247 2023 433 2079 lacrimarum.
471 2025 515 2079 lta
531 2024 607 2080 enim
625 2041 674 2080 cor
689 2025 750 2080 eius
766 2026 879 2096 plenum
893 2025 945 2080 fuit
961 2024 1108 2080 aflectibus
1124 2023 1247 2096 pietatis,

93 2121 214 2176 roreque
224 2105 355 2162 continue
368 2107 558 2162 miseracionis
567 2108 712 2164 madidum
717 2107 770 2176 ’,νε
779 2107 887 2163 facilius
894 2107 981 2162 risum
994 2115 1204 2177 contempneret
1217 2105 1246 2160 in
1261 2123 1292 2160 ro

94 2187 167 2244 iocis
185 2190 300 2246 vrbanis
318 2200 347 2246 et
366 2191 492 2247 honestis
512 2191 634 2260 faceciis,
656 2208 741 2264 quam
762 2200 929 2262 temperaret
949 2191 1046 2246 fletum
1067 2190 1096 2245 in
1119 2207 1247 2247 sannone

94 2273 309 2329 commonitorio
333 2283 361 2329 et
384 2273 576 2331 edificacionis
598 2275 718 2346 eloquio.
767 2275 842 2345 Quid
854 2275 953 2346 plural
976 2273 1114 2329 consentit
1130 2275 1246 2330 tandem

95 2357 268 2411 monachum
281 2357 356 2412 fieri:
376 2357 499 2426 gaudent
512 2374 619 2426 omnes,
633 2359 710 2413 cunti
723 2359 862 2425 letantur3
880 2375 926 2413 res
938 2375 1004 2413 suas
1015 2373 1115 2413 omnes
1132 2357 1247 2426 dimisit,

93 2449 125 2496 et
144 2438 251 2494 dimisit
268 2441 397 2496 uniuersa
414 2456 470 2511 que
488 2440 594 2507 habuit,
612 2451 642 2497 et
660 2443 749 2497 solum
771 2457 806 2496 ex
828 2441 886 2498 suis
907 2458 992 2496 vnum
1010 2441 1123 2496 retinuit
1142 2456 1246 2511 secum,

95 2521 198 2579 ueteris
212 2523 370 2579 volentibus
383 2523 474 2579 redire
491 2525 529 2579 ad
546 2523 691 2579 dominum
709 2542 790 2579 suum
807 2542 900 2594 regern
918 2524 946 2579 in
964 2524 1101 2580 Scociam.
1138 2525 1203 2595 Qui,
1216 2535 1246 2581 vt
1262 2547 1291 2596 ²5

95 2615 199 2677 postea
221 2607 313 2662 lessus
338 2617 389 2673 est,
411 2607 472 2663 dies
495 2606 558 2662 illos
582 2613 627 2675 4⁰¹
649 2607 750 2679 quibus
776 2607 805 2662 in
827 2608 953 2680 hospicio
976 2609 1144 2676 morabatur,
1169 2609 1246 2666 mille

95 2705 188 2744 annos
200 2688 350 2745 estimabat
363 2707 413 2762 pre
424 2690 566 2745 desiderio
577 2706 634 2762 quo
646 2690 807 2762 concupiuit
821 2690 915 2746 induci
927 2691 1092 2747 festinanter
1104 2690 1133 2746 in
1146 2693 1245 2747 cellam

96 2772 282 2840 nouiciorum,
300 2773 357 2840 vbi,
373 2773 437 2829 lioet
456 2791 490 2829 ex
508 2783 587 2844 parte
604 2773 726 2843 modica,
744 2775 797 2829 itui
816 2775 921 2831 valeret
938 2774 1128 2830 contuberniis
1146 2792 1245 2830 mona·

95 2857 225 2912 chorum.
266 2856 325 2912 lllis
352 2855 453 2912 diebus
481 2873 539 2912 non
567 2874 667 2928 parum
696 2857 885 2914 edificacionis
914 2857 1031 2914 contulit
1059 2857 1245 2928 hospitalibus

94 2938 238 3009 fratribus,
262 2939 392 2996 videlicet
417 2939 574 2996 humilitate
601 2957 658 3012 qua
681 2958 712 2996 se
741 2941 937 3012 prosternebat
966 2941 1093 2994 omnium
1117 2941 1245 3010 pedibus,
1260 2957 1292 3007 3⁰

95 3021 215 3079 caritate
231 3040 286 3094 qua
299 3024 424 3079 feruebat
439 3022 477 3078 ad
488 3040 584 3080 eorum
598 3024 741 3096 obsequia,
754 3023 884 3080 oracione
900 3041 956 3094 qua
972 3039 1044 3092 pene
1057 3023 1246 3078 indesinenter

95 3105 153 3162 deo
170 3105 305 3162 libamina
322 3123 436 3177 precum
454 3106 595 3162 offerebat.
632 3107 657 3167 il
671 3110 757 3162 Porro
774 3124 838 3162 cum
858 3106 886 3161 in
905 3106 1032 3177 hospicio
1053 3115 1137 3173 esset,
1156 3105 1247 3176 pridie

96 3205 184 3260 quam
205 3189 374 3259 reciperetur
395 3190 424 3244 in
448 3191 548 3246 cellam
571 3189 755 3258 nouiciorum,
780 3191 837 3246 tale
861 3189 929 3262 quid
953 3207 1001 3261 per
1025 3206 1089 3244 eum
1114 3189 1246 3244 dominus

95 3272 207 3343 operari
231 3271 362 3342 dignatus
385 3284 438 3328 est
476 3273 554 3343 ignis
577 3275 688 3329 validus
712 3291 848 3330 accensus
871 3283 913 3329 est
937 3273 966 3327 in
994 3272 1048 3328 ede
1071 3281 1099 3328 et
1126 3270 1246 3342 porrexit

94 3357 211 3412 flamme
229 3357 328 3426 globos
340 3373 427 3427 usque
443 3357 481 3411 ad
495 3357 596 3426 trabes,
608 3357 712 3413 deinde
728 3357 766 3412 ad
783 3356 985 3428 laqueariorum
1004 3356 1146 3411 iuncturas
1163 3373 1246 3427 supe·
1260 3377 1290 3428 35

95 3439 196 3507 riores,
220 3450 249 3495 et
278 3439 318 3494 ita
346 3438 455 3496 seuiens
478 3441 660 3496 vehementer
689 3441 860 3511 prendebat,
888 3450 918 3496 vt
948 3441 1058 3496 culmen
1086 3439 1188 3496 edificii
1218 3439 1247 3495 in

96 3533 242 3578 momento
267 3539 430 3578 consumere
455 3523 620 3578 crederetur.
657 3523 704 3578 Fit
725 3540 876 3580 concursus
897 3524 1109 3592 monachorum,
1130 3539 1246 3579 conuer-

97 3623 195 3662 sorum
219 3615 248 3663 et
271 3605 516 3676 mercenariorum,
540 3605 738 3678 hospitumque
762 3606 799 3661 ad
823 3608 891 3663 illud
919 3607 1107 3673 infortunium,
1128 3623 1247 3678 quorum

96 3688 145 3744 alii
168 3689 257 3760 aquis,
277 3689 323 3744 alii
348 3689 501 3760 liquoribus
524 3689 625 3745 ceteris
650 3688 780 3746 incendia
800 3700 957 3760 temperare
978 3691 1160 3746 conabantur.
1196 3693 1246 3746 Set

96 3773 287 3845 quantoplus
305 3772 481 3828 desudabant
501 3773 599 3828 sedare
617 3772 729 3844 liquidis
748 3772 848 3842 calida,
863 3783 942 3829 tanto
961 3775 1024 3844 plus
1045 3774 1075 3828 in
1096 3771 1200 3828 aridis⁸
1218 3782 1246 3828 et
1259 3791 1292 3839 40

97 3855 216 3912 humida
234 3856 478 3912 consumebantur.
513 3856 597 3912 Vnde
619 3857 781 3928 desperacio
800 3873 864 3912 cum
886 3856 981 3912 dolore
1002 3855 1159 3924 comitatur,
1180 3854 1246 3926 quia

96 3937 220 3996 inaniter
230 3949 373 3995 tantorum
386 3939 534 3995 conamina
547 3939 742 3994 moliminum‘
761 3939 957 4011 inpenduntur.
978 3944 989 4005 ΙΙ
1004 3939 1142 3995 Aelredus
1151 3947 1246 3994 autem

97 4023 127 4080 in
146 4024 246 4078 eadem
265 4024 335 4078 hora
349 4022 388 4077 ad
405 4039 533 4079 mensam
552 4024 668 4079 sedebat
684 4023 712 4078 in
732 4024 817 4079 latere
836 4024 962 4079 eiusdem
981 4021 1133 4078 domicilii:
1152 4021 1246 4092 quiin

97 4105 176 4163 omni
189 4107 402 4178 perturbacione
414 4105 463 4162 illa
474 4123 531 4162 non
544 4117 587 4163 est
598 4117 691 4163 motus
704 4123 820 4178 corpore
832 4107 876 4162 vel
893 4105 996 4172 animo,
1010 4116 1053 4161 set
1067 4123 1131 4161 cum
1144 4103 1246 4176 singuli

97 4190 225 4246 dicerent
242 4190 301 4246 ‘Ve
318 4191 410 4260 nobis,
422 4207 458 4246 ve
474 4189 565 4260 nobis,
577 4207 634 4245 non
648 4200 690 4246 est
702 4191 775 4245 vltra
789 4207 855 4260 spes
865 4193 871 4246 l
881 4190 898 4257 ’,
918 4189 965 4245 ille
983 4188 1130 4245 subridens
1147 4205 1245 4260 appre
1260 4209 1292 4259 45

97 4273 198 4330 hendit
209 4273 324 4343 ciphum
340 4274 387 4346 qui
405 4290 501 4330 coram
515 4291 550 4330 eo
566 4273 712 4345 appositus
728 4274 818 4329 luerat
834 4273 862 4329 in
881 4289 980 4328 mensa
992 4273 1091 4344 plenus
1110 4272 1245 4343 angelicis

165 4393 246 4446 'his
258 4411 335 4446 casus
401 4393 625 4446 ¹M8.matidnm.
691 4393 880 4444 ’usmeta
953 4392 1188 4444 ⁴MS.molimina.

629 4485 651 4530 tt
665 4489 714 4529 nn
