3028 4894
452 306 718 401 vesanas
744 307 915 400 tirsum
1183 333 1253 409 47Ῐ

304 506 374 591 [Du
392 535 527 575 vnnucru
547 535 671 577 aursus
688 507 854 579 Vmornuu
873 521 1059 596 marinum]

146 647 170 687 1.
189 631 266 688 Text
279 630 311 688 in
325 631 359 689 E.

159 743 201 805 ¹ll
222 743 329 818 Incipit
344 743 479 818 Epistola
490 745 527 800 ad
540 744 674 818 virgines
687 744 798 803 Christi
808 745 966 806 vniuersas
978 765 1071 822 super
1083 747 1206 806 historia

453 833 592 890 vndecim
608 833 721 889 milium
735 833 885 906 virginum
894 835 913 892 ⁸.

108 949 314 1077 VNiuersis
333 949 444 1007 Christi
458 949 624 1023 virginibus
643 949 701 1024 piis
719 950 843 1008 ecclesie
861 952 979 1010 filiabus
997 953 1124 1010 salutem
1142 952 1195 1010 ac⁸
1213 952 1259 1010 iu·

211 1039 430 1095 terminabilem
461 1039 626 1111 perhennis
660 1039 720 1096 vite
754 1039 976 1097 iocunditatem.
1024 1041 1115 1098 Anno
1145 1041 1259 1098 domini

109 1127 299 1185 M.C.lxxxiii.
321 1127 487 1200 inspirante
509 1127 639 1196 domino,
660 1129 770 1201 piaque
795 1128 890 1201 ipsius
914 1129 1057 1203 genitrice
1079 1139 1259 1204 cooperante

108 1223 283 1272 cunctorum
306 1215 418 1288 regina,
441 1233 548 1272 nouam
568 1215 706 1272 vndecim
728 1215 843 1273 milium
860 1216 1009 1290 virginum
1031 1217 1184 1275 historiam
1207 1220 1259 1275 de-

107 1303 285 1374 scribentes,
293 1303 505 1359 ammonitione
518 1303 655 1377 persuasi
668 1303 791 1360 sumus⁴
802 1304 903 1361 diuina
921 1305 997 1361 hanc
1009 1313 1111 1362 vestre
1124 1305 1258 1362 charitati
1274 1324 1288 1376 5

108 1391 249 1448 dedicare
279 1399 308 1447 et
339 1391 486 1448 sanctitati
494 1399 512 1448 ⁵.
565 1390 631 1447 Hec
662 1391 743 1448 enim
774 1402 844 1449 sunt
873 1393 966 1450 verba
994 1393 1126 1450 celorum
1154 1393 1259 1466 regine

107 1477 252 1535 dicentis:
284 1477 346 1534 ‘Tu
370 1478 522 1536 communi
546 1477 663 1535 vtilitati
687 1479 895 1537 uniuersorum
923 1480 1085 1553 prouidere
1111 1481 1258 1554 dispone⁸

107 1565 165 1622 hoc
186 1583 263 1639 opus
284 1565 450 1638 virginibus
473 1565 656 1622 dedicando:
685 1565 774 1639 igitur
796 1567 841 1623 eis
863 1584 902 1624 ex
925 1577 1011 1640 parte
1034 1567 1112 1624 mei⁷
1135 1569 1259 1636 scribas,

106 1663 197 1726 atque
219 1652 264 1710 eis
288 1652 370 1710 dicas
392 1663 539 1726 quatenus
560 1653 626 1710 illas
648 1662 678 1710 et
702 1654 837 1712 castitate
861 1655 1013 1711 imitentur
1033 1665 1064 1712 et
1084 1655 1260 1713 sanctitate’

106 1740 172 1796 Vos
193 1740 299 1813 itaque,
321 1741 493 1798 venerande
514 1740 646 1815 virgines
668 1751 757 1814 atque
782 1741 812 1798 in
839 1741 957 1799 Christo
977 1743 1136 1815 diligende,
1157 1743 1259 1800 animo
1278 1763 1307 1799 to

107 1829 212 1886 letanti
232 1829 382 1902 cordeque
399 1830 508 1886 deuoto
525 1829 667 1903 suscipite
682 1847 793 1886 munus
811 1830 896 1886 vobis
915 1831 1020 1888 celitus
1038 1831 1259 1900 transmissum,

107 1917 240 1974 scientes
264 1917 405 1990 quoniam
426 1917 452 1973 si
474 1917 589 1974 eisdem
611 1917 705 1974 sacris
725 1917 889 1991 virginibus
912 1917 1042 1975 debitam
1064 1917 1259 1976 exhibueritis

107 2003 309 2061 reuerentiam
328 2005 497 2078 deuotoque
517 2005 631 2062 honore
650 2015 680 2062 et
702 2005 800 2061 studio
822 2022 874 2061 eas
896 2004 1068 2075 dilexeritis,
1087 2005 1202 2062 meritis
1224 2005 1260 2062 il·

106 2093 205 2149 larum
227 2093 306 2164 apud
329 2091 483 2148 dominum
509 2092 740 2166 suffragantibus
761 2093 878 2166 premio
899 2110 953 2150 vos
975 2092 1080 2149 donari
1105 2102 1259 2166 perpetuo.

108 2180 204 2236 Porro
223 2188 253 2236 et
271 2179 411 2237 iratribus
430 2180 744 2264 premonstr[at]ensis
759 2180 873 2236 ordinis
889 2182 1018 2237 eandem
1035 2197 1153 2254 quoque
1173 2180 1259 2238 iussit
1275 2200 1304 2252 ¹5

106 2267 239 2323 dedicari
269 2267 433 2336 historiam,
461 2268 574 2338 dicens,
600 2268 689 2325 illos³
715 2278 865 2326 amatores
893 2267 1032 2325 undecim
1060 2268 1174 2324 milium
1199 2267 1259 2326 vir·

105 2353 212 2428 ginum
231 2363 261 2411 et
276 2364 470 2412 veneratores
488 2373 556 2412 esse
576 2357 743 2430 precipuos.
782 2356 874 2413 Beata
889 2373 1008 2429 quoque
1021 2355 1137 2426 Vrsula,
1151 2373 1259 2413 earun-

106 2444 179 2499 dem
192 2441 435 2498 domicellarum⁹
447 2443 716 2500 sacratissimarum
732 2443 876 2517 princeps
893 2453 922 2501 et
935 2443 1084 2520 magistra,
1097 2444 1153 2499 hoc
1165 2461 1259 2516 opere

106 2529 204 2586 ferme
228 2539 349 2602 peracto
374 2529 491 2588 cuidam
509 2530 618 2587 visibili
638 2532 741 2604 specie
763 2532 899 2605 apparuit
921 2531 1042 2588 dicens:
1070 2530 1162 2588 ‘Cum
1171 2531 1193 2564 ¹⁰
1211 2531 1258 2588 hic

106 2617 190 2674 idem
210 2616 344 2672 notarius
362 2618 418 2673 hoc
437 2635 515 2690 opus
537 2618 730 2689 describeret,
749 2637 805 2676 nos
823 2617 962 2676 vndecim
971 2619 990 2651 ¹¹
1009 2618 1089 2675 milia
1108 2618 1259 2690 virginum
1275 2639 1306 2675 ao

106 2720 211 2761 coram
231 2704 353 2761 domino
372 2713 485 2761 stantes
504 2705 656 2762 orauimus
675 2715 823 2779 quatenus
840 2706 906 2780 ipse
926 2706 1065 2763 dominus
1083 2722 1139 2779 pro
1157 2706 1258 2764 labore

106 2791 198 2848 huius
211 2790 345 2864 opusculi
358 2791 560 2849 retributionis
577 2793 619 2849 illi
637 2796 810 2851 mercedem
827 2794 978 2850 restituat!
1017 2792 1159 2850 Lectores
1170 2794 1261 2867 igitur

106 2877 256 2936 nostros¹²
274 2889 434 2936 monentes
459 2880 652 2940 obsecramus
674 2898 714 2936 ne
734 2881 832 2938 subito
854 2880 965 2937 mentis
985 2881 1110 2937 vulnere
1134 2881 1259 2936 scanda-

106 2967 187 3023 lizati
201 2965 371 3024 saucientur
383 2966 536 3024 dicentes:
557 2967 649 3038 ‘Quis
661 2967 767 3025 diebus
782 2968 848 3026 istis
861 2977 891 3025 et
904 2967 1057 3028 modernis
1070 2967 1259 3040 antiquorum

106 3055 194 3122 sacta,
207 3071 362 3127 personas,
376 3055 505 3124 nomina,
523 3056 716 3126 conditiones,
734 3065 764 3112 et
779 3053 969 3129 genealogias
987 3053 1064 3110 scire
1083 3054 1192 3127 poterit
1209 3063 1260 3111 aut
1275 3073 1305 3124 ²5

106 3142 178 3198 stilo
188 3141 286 3198 veraci
296 3142 478 3214 depromere
487 3144 509 3197 ,²¹
545 3141 573 3198 Ο
583 3141 601 3174 ¹²
613 3143 708 3202 amice
719 3141 840 3213 Christi,
851 3159 904 3198 cur
913 3158 1006 3214 super
1015 3141 1072 3198 hiis
1080 3141 1258 3214 ambigendo

106 3230 245 3286 dubitas?
283 3228 391 3284 Nonne
403 3229 484 3285 idem
497 3228 620 3302 spiritus
633 3229 683 3302 qui
701 3230 851 3302 quondam
869 3229 1003 3303 patribus
1019 3229 1131 3284 nostris
1147 3246 1184 3285 ea
1200 3247 1259 3302 que

106 3316 149 3374 ab
169 3315 235 3388 ipso
257 3315 361 3372 mundi
384 3316 507 3372 exordio
528 3316 708 3384 acciderunt,
727 3317 833 3374 celitus
854 3316 1029 3389 inspirando
1049 3315 1259 3387 manifestauit,

106 3413 208 3478 potest
221 3412 251 3461 et
264 3420 344 3459 nunc
361 3420 513 3460 sacrarum
527 3403 676 3477 virginum
695 3421 817 3461 suarum
836 3402 1058 3478 expeditionem
1077 3413 1211 3460 sanctam
1230 3413 1260 3460 et

106 3491 318 3550 admirabilem
328 3489 348 3523 ¹³
372 3490 490 3548 illarum
518 3491 711 3549 dilectoribus
740 3493 778 3548 ad
808 3491 928 3549 laudem
957 3501 987 3548 et
1012 3491 1138 3564 gloriam
1164 3509 1258 3563 suam,
1274 3507 1306 3558 30

106 3588 198 3651 atque
211 3578 249 3634 ad
262 3577 461 3651 plurimorum
474 3578 694 3636 edificationem
707 3579 869 3652 pandendo
880 3580 1034 3638 reuelaret

147 3665 275 3739 Explicit
287 3665 437 3739 prologus.

105 3795 257 3844 quesumus,
268 3787 358 3830 sancte
369 3779 508 3842 Witburge
522 3779 630 3842 uirginis
645 3787 689 3829 tue
704 3779 804 3844 placitis
821 3781 866 3830 tibi
881 3779 980 3830 meritis
992 3781 1175 3841 commendari,
1187 3779 1260 3831 cuius

106 3848 165 3898 uita
175 3845 267 3895 merito
279 3845 405 3895 castitatis
417 3846 462 3894 tibi
473 3846 635 3908 complacuit,
647 3862 701 3908 per.

144 3911 153 3938 ¹
170 3911 226 3960 The
243 3911 301 3960 first
316 3919 374 3972 part
389 3913 415 3960 in
428 3911 466 3971 E,
479 3926 504 3973 p.
518 3925 642 3973 471-500,
653 3912 676 3960 is
688 3912 732 3960 the
748 3911 932 3962 Revelationes
949 3927 996 3961 seu
1015 3911 1216 3974 imaginationes
1228 3911 1259 3961 B.

107 3976 257 4028 Hermanui
270 3975 383 4038 losephi‚
396 3978 512 4026 canonici
525 3978 649 4038 regularis
661 3977 868 4038 Steinseldensis‚
878 3978 910 4026 de
925 3993 1015 4038 11,ooo
1025 3977 1161 4040 virginum,
1176 3976 1259 4037 lib.1.,

106 4044 151 4093 ed.
166 4044 192 4091 in
204 4043 262 4092 Act.
276 4041 324 4092 SS.
336 4041 402 4092 Boll.
415 4043 472 4091 Oct.
486 4041 531 4092 tx
545 4057 642 4105 p.1‘13;
659 4043 722 4092 then
734 4043 822 4096 follow
834 4050 948 4092 extracta
963 4043 1028 4092 from
1039 4044 1083 4092 the
1096 4042 1194 4102 Passio,
1208 4043 1260 4093 and

108 4111 174 4170 Leg.
186 4109 282 4158 Aurea.
375 4107 386 4136 ¹
401 4106 469 4156 Title
485 4108 512 4156 in
529 4108 611 4158 Both:
630 4107 744 4170 Epistola
758 4110 791 4157 ad
803 4108 917 4171 virgines
929 4108 1024 4158 Christi
1035 4109 1169 4158 universas
1180 4123 1261 4171 super

106 4174 245 4225 historiam
258 4172 428 4236 11,oooVirg.
439 4174 529 4222 celitus
541 4188 626 4237 nuper
636 4174 783 4224 revelatam.
851 4174 952 4222 ⁸E.ad.
1019 4174 1069 4224 ⁴E.
1077 4175 1259 4237 persuasimus.

106 4241 118 4272 ⁸
140 4240 169 4290 E.
182 4238 358 4297 sanctificam
376 4239 406 4288 B.
419 4239 557 4289 sanctitati.
630 4239 687 4289 ⁸13.
698 4240 823 4302 disponis.
899 4236 956 4288 ⁷2.
970 4239 1062 4289 meriti.
1134 4239 1260 4288 ⁸E.illos

107 4321 179 4356 esse.
244 4304 301 4353 ⁹3.
314 4303 481 4356 dominamm.
547 4304 566 4336 ¹⁰
584 4304 613 4356 E.
627 4304 752 4368 Cumque.
826 4304 846 4335 ¹¹
862 4304 892 4354 Β.
905 4305 1016 4354 undena.
1089 4303 1108 4336 ¹¹
1125 4319 1175 4354 om.
1190 4304 1216 4354 in
1229 4305 1260 4354 B.

106 4373 128 4404 ¹³
147 4371 179 4422 Β.
190 4369 340 4421 mirabilem.
