3062 4876
129 291 354 359 assatae]
380 277 454 369 De
474 276 531 365 &-
553 276 770 364 uumunm
790 290 884 378 tent
910 283 1162 380 etmartptt.
1208 284 1276 354 681

304 497 354 549 DE
373 507 509 560 QUODAM
529 507 635 552 PUERO
653 509 819 552 SUBMERSO
838 509 912 551 Vl'l'll
930 507 1116 552 RESTlTU'l'O.

129 616 263 740 ANno
283 626 448 684 memorato,
462 617 576 688 quidam
596 617 704 672 iuuenis
723 618 759 673 de
777 617 903 688 partibus
923 617 1070 674 Lindeseie
1088 628 1180 684 natus,
1199 617 1281 674 etatis

230 699 310 769 quasi
340 700 402 771 viij⁰
422 718 568 770 annorum,
593 701 710 756 sedebat
730 701 759 756 in
779 719 835 755 vna
859 712 970 757 carecta
993 712 1113 773 quatuor
1136 701 1281 774 quarteriis

127 783 198 837 salis
211 793 334 850 onerata,
348 801 446 838 versus
463 795 558 855 partes
571 779 719 840 Lindeseie
731 785 898 840 deserendis.
936 787 1062 856 Cumque
1081 784 1157 841 dicta
1172 797 1282 843 carecta

127 865 252 920 venisset
272 865 300 920 in
312 867 408 922 villam
426 869 463 923 de
484 869 549 938 Irby
568 885 651 938 super
668 886 754 923 vnum
774 885 891 940 paruum
910 879 1034 938 pontem,
1052 871 1166 924 euoluta
1183 869 1234 926 suit
1253 870 1282 942 iq

127 950 274 1020 quandam
293 951 460 1020 profundam
479 952 599 1019 foueam,
612 963 640 1007 et
656 969 726 1023 puer
744 953 840 1006 subtus
854 951 963 1019 cecidit,
976 961 1004 1006 et
1017 950 1122 1007 ibidem
1134 952 1218 1007 iacuit
1232 971 1283 1023 per
1296 969 1310 1018 5

127 1031 256 1102 spacium
269 1033 350 1089 vnius
362 1035 438 1090 hore.
475 1035 651 1091 Carectarius
664 1053 729 1090 vero
742 1037 778 1090 de
792 1053 859 1090 casu
871 1034 1030 1090 huiusmodi
1050 1036 1231 1106 stupefactus,
1244 1038 1281 1093 ad

127 1115 225 1170 villam
244 1117 363 1173 cucurrit
381 1135 433 1188 pro
451 1119 553 1173 auxilio
572 1119 733 1174 obtinendo.
771 1118 826 1186 Qui
845 1135 910 1172 cum
927 1117 1080 1173 reuertisset
1102 1135 1166 1172 curn
1189 1119 1281 1174 bomi-

127 1199 212 1254 nibus
225 1199 300 1266 ville,
313 1211 454 1256 carectam
466 1203 630 1257 leuauerunt
650 1213 677 1258 et
694 1202 801 1256 dictum
820 1217 937 1271 puerum
956 1201 984 1255 in
1000 1201 1188 1271 profunditate
1200 1202 1280 1257 louee

127 1293 271 1338 mortuum
295 1283 469 1340 inuenerunt.
507 1287 641 1340 Parentes
665 1302 730 1339 vero
755 1284 823 1339 dicti
848 1283 925 1354 pueri
947 1284 1047 1340 eodem
1072 1283 1119 1339 die
1142 1285 1280 1354 capellam

128 1365 218 1420 sancti
232 1366 377 1422 Edmundi
391 1366 420 1422 in
432 1367 563 1422 Waintlet
577 1385 692 1438 peregre
704 1367 887 1423 visitauerant
895 1365 914 1434 ¹,
926 1377 954 1423 et
967 1368 1081 1423 domum
1095 1383 1146 1437 per
1158 1368 1278 1422 eandem
1298 1387 1326 1424 ιο

127 1447 203 1502 viam
223 1460 395 1506 reuertentes
414 1469 495 1506 suum
514 1452 601 1506 lilium
619 1462 760 1506 mortuum
779 1451 952 1507 inuenerunt
990 1452 1053 1521 Quo
1073 1449 1149 1506 viso:
1177 1451 1279 1506 clama·

128 1541 229 1586 uerunt
247 1543 276 1588 et
294 1533 474 1602 eiulauerunt,
488 1535 628 1605 deumque
646 1545 674 1589 et
693 1544 822 1589 sanctum
839 1533 1022 1589 Edmondum
1035 1551 1086 1604 pro
1098 1534 1156 1588 vita
1175 1534 1223 1588 filii
1236 1534 1279 1589 sui

127 1613 339 1685 inuocauerunt,
364 1627 392 1672 et
416 1628 484 1672 vota
507 1627 641 1673 vouentes
665 1618 703 1672 ad
727 1617 831 1672 dictam
856 1617 993 1688 capellam
1023 1616 1113 1672 redire
1142 1634 1278 1688 spospon-

127 1697 245 1753 derunt:
272 1709 299 1754 et
318 1699 412 1755 statim
427 1701 517 1756 dictus
530 1718 598 1771 puer
611 1712 674 1771 post
687 1711 782 1756 votum
799 1697 986 1770 buius[modi]
1005 1699 1107 1770 pedem
1125 1716 1205 1754 suum
1224 1699 1278 1754 sibi

127 1781 240 1836 attraxit
248 1783 394 1854 capudque
403 1783 545 1853 mouebat,
555 1795 583 1838 et
595 1783 754 1855 aliqualiter
764 1793 915 1848 recreatus,
924 1782 1040 1838 surrexit
1052 1792 1081 1838 et
1090 1782 1169 1853 quasi
1184 1782 1278 1838 illesus
1297 1804 1303 1838 ι
1309 1807 1323 1856 5

126 1879 191 1918 cum
203 1866 365 1934 parentibus
379 1867 437 1922 sois
449 1867 487 1922 ad
499 1868 619 1922 eandem
632 1867 769 1938 capellam
781 1866 959 1937 properabat.

437 2049 487 2103 Da
505 2060 619 2104 nomm
638 2061 674 2102 m
692 2059 843 2104 corruas
861 2060 967 2104 ruam.

126 2167 243 2291 ANno
256 2177 411 2237 prenotato,
424 2168 540 2238 quidam
552 2184 621 2238 puer
634 2169 670 2224 de
688 2169 841 2234 Tatersale‚
853 2167 935 2222 vnius
954 2167 1021 2222 anni
1033 2177 1115 2234 etate,
1129 2166 1276 2236 deglutiuit

224 2266 312 2304 vnum
330 2250 434 2306 monile
453 2251 489 2307 de
507 2251 638 2306 metallo:
663 2251 741 2322 quod
760 2251 873 2321 quidem
891 2249 995 2305 monile
1017 2249 1046 2306 in
1067 2259 1178 2318 gutture
1197 2249 1276 2320 pueri

126 2333 363 2408 consistebat-per
374 2334 445 2389 duas
459 2333 639 2404 septimanas,
653 2333 692 2388 ita
704 2333 780 2404 quod
797 2333 889 2388 nullus
906 2333 996 2402 potuit
1010 2349 1123 2388 mouere
1142 2333 1208 2386 illud
1220 2332 1276 2386 huc

125 2433 217 2486 neque
228 2415 300 2471 illuc.
338 2417 472 2472 Parentes
490 2433 556 2472 vero
575 2417 661 2487 ipsius
674 2416 710 2471 de
727 2415 785 2470 vita
799 2417 989 2487 desperantes,
1003 2426 1138 2470 vouerunt
1158 2431 1221 2470 eum
1238 2413 1275 2468 ad
1291 2432 1323 2467 20

124 2499 281 2569 predictam
300 2499 436 2569 capellam
457 2499 546 2555 sancti
568 2499 727 2554 Edmondi:
752 2509 781 2555 et
805 2498 899 2554 statim
924 2508 989 2569 post
1013 2508 1108 2554 votum
1133 2498 1275 2566 emissum,

123 2582 232 2638 dictum
251 2583 354 2638 monile
376 2583 624 2652 sanguinolentum
644 2599 663 2638 a
683 2593 795 2652 gutture
814 2581 893 2653 pueri
913 2582 1026 2651 exiliuit,
1046 2591 1075 2637 et
1097 2592 1213 2638 sanatus
1232 2591 1274 2636 est

122 2682 193 2736 puer
204 2665 234 2721 in
247 2665 294 2720 illa
305 2667 383 2721 hora.

211 2853 360 2924 Incipiunt
371 2853 512 2908 miracula
514 2855 599 2926 sacta
611 2854 643 2907 in
655 2853 764 2924 capella
775 2853 870 2907 sancti
880 2852 1031 2907 Edmundt'
1040 2851 1075 2907 de
1085 2852 1191 2922 Lynge.

515 2968 565 3022 Da
583 2978 689 3022 suano
708 2977 882 3021 submerso.

188 3088 249 3142 Uer
267 3085 383 3158 quidam
400 3088 429 3142 in
444 3087 510 3144 villa
525 3089 561 3143 de
582 3089 693 3144 Belawe
707 3097 799 3155 natus,
816 3086 845 3141 in
863 3085 1003 3157 profundo
1021 3083 1169 3140 cuiusdam
1187 3082 1272 3153 putei,

236 3188 312 3226 anno
336 3171 443 3226 domini
469 3171 694 3241 M⁰.ccc⁰.lxxj⁰.,
720 3170 867 3226 casualiter
891 3187 999 3224 mersus
1023 3168 1081 3223 suit.
1138 3169 1193 3222 Pro
1217 3183 1273 3238 quo
1288 3183 1318 3234 ²⁵

121 3271 209 3324 puero
234 3253 275 3310 sic
299 3271 392 3309 merso
416 3265 444 3310 et
468 3265 579 3310 mortuo
603 3266 735 3325 parentes
756 3253 816 3309 eius
841 3252 957 3308 nimium
978 3252 1106 3307 dolentes
1127 3262 1156 3306 et
1178 3249 1272 3306 tristes

120 3336 222 3405 effecti,
240 3335 278 3391 ad
297 3347 426 3392 sanctum
444 3348 581 3394 vouerunt
605 3338 796 3407 Edmondum,
816 3336 962 3407 ipsumque
984 3335 1013 3390 in
1033 3335 1141 3406 capella
1165 3351 1217 3389 sua
1237 3334 1272 3388 de

122 3419 204 3488 Lyng
215 3419 348 3475 deuocius
360 3419 487 3476 venerari
499 3421 732 3491 sposponderunt,
743 3420 766 3475 si
775 3419 881 3475 meritis
890 3419 1016 3474 eiusdem
1025 3417 1147 3474 martiris
1156 3433 1272 3489 puerum

121 3519 204 3556 suum
216 3501 273 3558 vite
289 3503 447 3559 restitutum
463 3503 587 3574 recipere
604 3512 782 3559 mererentur.
819 3505 884 3574 Quo
901 3514 968 3557 voto
980 3501 1021 3557 sic
1037 3501 1158 3558 emisso:
1177 3501 1272 3556 statim

122 3584 269 3640 defunctus
287 3584 405 3654 reuixit3
430 3596 458 3641 et
477 3595 608 3657 parentes
626 3586 686 3641 eius
705 3596 770 3642 vota
792 3587 974 3658 complentes,
994 3586 1078 3641 deum
1096 3596 1124 3641 et
1142 3595 1270 3640 sanctum
1286 3604 1317 3652 30

121 3666 305 3722 Edmondum
318 3668 347 3722 in
359 3669 467 3739 capella
479 3668 606 3740 predicta
618 3669 809 3725 laudauerunt

345 3853 396 3906 Da
414 3863 549 3916 Quanam
568 3863 689 3907 rusam
706 3864 727 3906 a
747 3864 856 3908 aroma
874 3862 1051 3908 suscrrarrt.

160 3973 241 4040 Tem,
268 3988 344 4026 anno
373 3972 479 4028 domini
507 3973 731 4044 M⁰.coe⁰.lxxij⁰.,
757 3973 785 4028 in
817 3973 882 4028 villa
910 3973 947 4028 de
976 3973 1123 4044 Sparham,
1148 3971 1270 4043 quedam

194 4054 288 4125 puella
301 4055 335 4110 de
344 4073 416 4127 equo
425 4056 470 4111 coi
479 4053 790 4112 insederat²casualiter
799 4055 900 4111 cecidit
910 4056 939 4110 in
951 4065 1025 4112 terra
1034 4071 1119 4126 super
1128 4055 1229 4110 collum
1239 4064 1268 4109 et

120 4137 220 4208 capud,
234 4155 269 4191 ex
281 4138 359 4194 cuius
371 4155 454 4194 casus
467 4139 618 4194 infortunio
635 4140 777 4194 contracta
796 4149 823 4194 et
840 4139 910 4194 elisa
926 4148 1036 4194 mortua
1053 4149 1096 4194 est
1112 4147 1141 4193 et
1158 4136 1269 4208 penitus

119 4221 242 4276 extincta
260 4237 311 4291 per
329 4221 456 4292 spacium
473 4222 557 4277 trium
575 4223 706 4277 horarum
724 4221 862 4292 apparuit.
897 4222 982 4276 Vnde
1000 4220 1149 4293 propinqui
1168 4219 1228 4276 eius
1241 4230 1269 4276 et
1283 4239 1314 4290 35

352 4366 361 4397 ¹
379 4368 433 4419 MS.
446 4369 612 4420 visitaturum.
812 4367 823 4401 ²
840 4369 894 4420 MS.
907 4367 1031 4422 insiderat.
