3028 4894
277 343 351 414 390
587 317 718 404 liuba
742 312 934 418 [tumba
957 313 1107 417 fluuit

277 519 376 590 ipsum
398 517 457 575 iam
482 535 522 576 ex
546 527 631 592 parte
655 519 815 587 destructa,
835 515 957 590 penitus
981 517 1039 572 cito
1063 516 1273 572 destrueretur
1298 514 1436 572 ecelesia

278 605 339 662 Sed
358 605 404 662 vir
423 605 472 663 dei
492 623 609 678 ponens
627 606 672 662 ori
691 623 746 662 suo
765 605 940 674 custodiam,
953 603 1043 670 siluit,
1055 613 1198 676 tanquam
1215 619 1280 660 non
1298 605 1435 659 audiret:

276 702 307 750 et
331 710 435 766 regem
457 693 581 750 Francie
601 710 670 750 cum
690 695 753 750 suis
774 701 920 766 sequutus
941 701 996 748 est.
1033 690 1157 747 Plurimi
1176 707 1253 748 vero
1274 690 1307 747 in
1328 691 1436 746 itinere

276 781 433 838 dixerunt:
465 781 561 838 ‘Ecce
589 780 832 854 archiepiscopus
861 780 912 852 qui
940 779 971 835 in
997 778 1139 836 hesterno
1163 777 1318 852 colloquio
1343 779 1435 836 mum

248 879 401 942 gpropter
422 885 510 941 reges
535 887 645 943 negare
670 869 764 926 noluit
788 885 845 926 nec
863 868 912 924 dei
937 867 1082 925 honorem
1101 866 1272 924 subticere!
1350 855 1436 925 Cum

277 973 350 1012 vero
368 956 613 1031 archiepiscopus
631 974 700 1014 cum
719 955 782 1013 suis
795 955 927 1014 Senonis
945 965 1035 1024 esset,
1047 965 1077 1012 et
1089 972 1149 1027 quo
1161 955 1317 1012 diuertere
1330 967 1436 1028 posset

277 1053 426 1116 quereret,
439 1047 562 1102 tandem
574 1044 745 1102 subintulit:
765 1045 893 1101 ‘Potens
905 1053 952 1101 est
964 1046 1041 1101 deus
1061 1043 1114 1116 [et]
1132 1043 1163 1099 in
1181 1042 1289 1099 ultimo
1307 1044 1435 1100 miserie

277 1133 400 1188 articulo
424 1132 486 1189 suis
510 1133 628 1200 adesse,
653 1142 684 1189 et
708 1131 822 1188 infideli
847 1131 979 1188 deterior
1002 1140 1049 1188 est
1073 1131 1123 1204 qui
1148 1132 1187 1188 de
1212 1131 1263 1187 dei
1289 1133 1435 1204 desperat

278 1219 498 1276 misericordia!
536 1219 574 1276 Et
593 1219 692 1278 statim
711 1219 838 1276 accessit
856 1219 1011 1277 seruiens¹
1025 1219 1104 1293 regis
1120 1217 1255 1286 Francie,
1269 1219 1323 1292 qui
1340 1220 1435 1276 dixit:

235 1325 265 1362 ro
279 1305 445 1365 ‘Dominus
463 1325 517 1364 rex
536 1307 574 1364 ad
589 1307 703 1364 curiam
715 1315 801 1364 vocat
813 1309 885 1364 vos!
923 1306 972 1363 Ad
986 1307 1042 1363 hec
1054 1323 1131 1364 unus
1143 1307 1325 1363 clericorum
1339 1307 1435 1364 dixit:

277 1395 333 1452 ‘Vt
351 1395 549 1452 eiiciamur¹a
565 1395 678 1468 regno!
715 1393 801 1450 ‘Non
820 1411 855 1452 es
862 1395 881 1465 ³,
894 1393 988 1466 inquit
1006 1394 1259 1467 archiepiscopus,
1274 1397 1435 1468 propheta,

278 1499 377 1556 neque
396 1483 475 1539 filius
494 1482 659 1556 prophete;
681 1481 742 1538 noli
760 1481 912 1539 vaticinari
931 1481 1069 1539 sinisha'
1106 1481 1274 1538 Venientes
1294 1501 1372 1556 ergo
1390 1483 1436 1539 in-

277 1580 427 1627 uenerunt
444 1570 599 1627 dominum
618 1587 722 1644 regem
738 1587 807 1628 cum
823 1569 901 1626 tristi
915 1570 998 1626 vultu
1017 1571 1182 1637 sedentem,
1195 1579 1227 1627 et
1246 1587 1311 1626 non
1330 1589 1437 1628 assur·

277 1667 397 1730 gentem
411 1659 450 1714 de
468 1675 551 1714 more
568 1657 802 1730 archiepiscopo.
839 1657 1071 1715 Considentibus
1089 1657 1148 1715 illis
1163 1667 1194 1714 et
1211 1658 1313 1715 adhuc
1329 1660 1436 1732 tepide

235 1746 406 1815 15vocatis3
435 1745 511 1802 sacto
536 1745 662 1814 silentio,
682 1755 712 1802 et
736 1745 876 1802 inclinato
902 1745 998 1819 capite
1022 1745 1108 1818 quasi
1132 1745 1239 1802 dolens
1262 1755 1296 1802 et
1321 1747 1436 1804 inuitus
1504 1775 1505 1786 κ

278 1833 421 1906 cogitaret
435 1849 490 1890 rex
502 1841 534 1889 vt
551 1851 604 1890 eos
621 1834 659 1890 de
678 1851 771 1906 regno
783 1833 913 1901 eiiceret,
926 1833 1024 1890 subito
1040 1833 1171 1890 obortis⁴
1188 1833 1348 1891 lachrimis
1365 1853 1435 1908 pro·

278 1921 382 1978 siliens
395 1938 463 1977 cum
473 1921 602 1994 singultu
613 1919 735 1994 proiecit
748 1939 781 1978 se
794 1921 831 1978 ad
841 1922 936 1994 pedes
949 1920 1174 1993 archiepiscopi,
1184 1921 1311 1978 dicens:
1326 1921 1436 1988 ‘Vere

278 2016 364 2080 pater
382 2007 431 2078 mi,
448 2018 479 2065 tu
498 2007 581 2065 solus
596 2007 712 2078 vidisti;
733 2025 789 2064 nos
807 2024 914 2065 omnes
932 2008 996 2065 ceci
1014 2007 1132 2077 fuimus,
1145 2010 1195 2082 qui
1214 2017 1323 2065 contra
1340 2011 1435 2067 deum

278 2095 332 2152 tibi
346 2096 485 2152 dedimus
501 2095 658 2154 consilium
671 2105 702 2152 vt
719 2095 748 2152 in
762 2113 853 2153 causa
868 2105 928 2166 tua,
941 2096 1033 2152 immo
1048 2095 1106 2166 dei,
1119 2096 1157 2151 ad
1174 2105 1280 2152 nutum
1300 2098 1436 2154 hominis

235 2205 265 2242 ro
279 2183 424 2240 honorem
439 2183 532 2256 [dei]⁸
544 2184 739 2242 rennueres⁸.
777 2183 904 2257 ignosce
916 2201 998 2257 ergo,
1011 2183 1079 2257 quia
1096 2183 1229 2257 grauiter
1240 2185 1386 2256 peniteo;
1406 2196 1435 2242 et

278 2271 315 2326 ab
334 2271 389 2326 hac
404 2272 490 2344 culpa
507 2288 556 2327 me
575 2272 718 2328 miserum
736 2272 866 2328 absolue.
904 2271 967 2328 Sed
985 2280 1015 2328 et
1035 2271 1090 2328 deo
1109 2280 1139 2328 et
1156 2271 1209 2328 tibi
1221 2289 1272 2328 me
1285 2273 1393 2346 ipsum
1406 2285 1435 2331 et

279 2373 404 2430 regnum
418 2375 519 2415 meum
532 2376 660 2432 expono,
676 2369 706 2417 et
718 2361 756 2416 ab
769 2360 824 2416 hac
838 2359 911 2416 hora
923 2358 1064 2432 promitto
1076 2360 1156 2432 quod
1169 2359 1220 2416 tibi
1234 2359 1282 2416 vel
1296 2361 1359 2416 tuis
1373 2380 1434 2418 non

278 2445 378 2516 deero,
392 2447 534 2518 quamdiu
549 2447 784 2519 (omnipotenti)³
799 2448 856 2503 deo
872 2455 992 2504 auctore
1004 2447 1125 2503 vixero!
1163 2447 1315 2504 Absoluto
1331 2450 1436 2522 itaque

279 2550 350 2606 rege
376 2535 504 2607 dataque
534 2533 561 2592 ei
586 2535 802 2603 benedictione,
823 2535 1066 2608 archiepiscopus
1090 2535 1127 2591 ad
1152 2533 1317 2606 hospitium
1343 2555 1436 2594 suum

235 2643 264 2694 ²⁵
280 2637 437 2696 regressus
449 2631 504 2679 est.
571 2609 647 2680 Post
660 2623 715 2679 hec
724 2640 797 2680 vero
810 2632 969 2679 coronatus
981 2631 1028 2679 est
1038 2621 1186 2679 Henricus
1199 2623 1279 2678 filius
1294 2623 1437 2694 Henrici,

279 2709 401 2768 uiuente
416 2719 512 2783 patre,
525 2711 562 2766 ab
580 2709 806 2783 archiepiscopo
824 2710 1007 2780 eboracensi,
1020 2710 1051 2766 in
1069 2710 1267 2782 preludicium
1285 2713 1437 2788 archiepi-

279 2797 362 2871 scopi
370 2798 630 2864 cantuariensis,et
640 2809 743 2855 contra
752 2797 959 2855 inhibitionem
969 2797 1117 2872 papalem,
1126 2797 1170 2854 eis
1178 2809 1267 2855 antea
1277 2799 1436 2858 directam

279 2883 367 2942 Vnde
380 2885 563 2943 Francorum
577 2903 632 2943 rex
645 2903 754 2960 papam
767 2885 942 2954 sollicitauit,
956 2885 986 2942 in
998 2886 1108 2942 virtute
1124 2886 1235 2942 amoris
1252 2896 1284 2944 et
1301 2889 1360 2945 sub
1378 2890 1437 2946 im-

279 2973 367 3046 pensi
385 2974 598 3046 protestatione
613 2973 758 3047 obsequii,
771 2991 809 3030 ne
821 2974 944 3030 vlterius
963 2973 1120 3030 dilationes
1138 2973 1345 3032 frustratorias
1364 2993 1436 3049 pro

234 3085 266 3136 ³0
280 3070 407 3133 rogaret,
427 3061 502 3119 sicut
523 3079 649 3136 regnum
674 3063 856 3119 Francorum
878 3062 1020 3136 diligebat
1044 3071 1074 3118 et
1097 3061 1242 3118 honorem
1267 3065 1435 3135 apostolice

279 3149 369 3206 sedis.
406 3149 663 3224 Archiepiscopus
680 3167 799 3223 quoque
816 3149 995 3206 senonensis
1012 3165 1030 3205 a
1046 3165 1124 3221 papa
1140 3148 1314 3222 impetrauit
1326 3161 1360 3209 vt
1378 3171 1435 3210 rex

279 3236 457 3310 Anglorum,
478 3237 559 3294 omni
581 3237 782 3310 appellatione
803 3246 950 3308 cessante,
971 3235 1167 3294 subiiceretur
1187 3237 1383 3304 anathemati,
1405 3251 1434 3298 et
1504 3269 1505 3324 ἦ

280 3341 407 3397 regnum
426 3325 601 3395 inderdicto,
614 3325 672 3382 nisi
691 3325 891 3382 cantuariensi
906 3325 1033 3382 ecclesie
1049 3343 1108 3398 pax
1125 3325 1311 3384 redderetur.
1351 3327 1435 3384 Misit
1504 3327 1505 3336 ³

279 3429 399 3486 quoque
416 3430 495 3486 papa
511 3413 684 3470 eboracensi
700 3413 924 3487 archiepiscopo
941 3422 971 3471 et
987 3413 1053 3470 aliis
1070 3413 1221 3486 episcopis
1238 3414 1290 3486 qui
1307 3433 1434 3474 corona·

236 3519 266 3569 35
279 3502 353 3559 tioni
366 3502 572 3573 interfuerunt,
581 3502 695 3560 litteras
705 3501 921 3576 suspensionis.
944 3501 1099 3572 Quosdam
1109 3501 1198 3558 etiam
1208 3503 1434 3575 episcoporum,

279 3589 350 3663 quia
363 3591 544 3647 coronationi
558 3589 764 3660 interfuerunt,
774 3599 804 3646 et
816 3589 855 3646 ob
867 3589 940 3646 alias
954 3606 1068 3657 causas,
1076 3579 1358 3648 excommunicauit.
1397 3593 1433 3650 Et

281 3677 336 3734 has
345 3678 459 3734 litteras
467 3680 554 3752 beato
561 3677 677 3735 Thorne
687 3677 856 3745 destinauit,
864 3685 895 3732 vt
903 3677 961 3732 illis
969 3676 1034 3732 loco
1042 3693 1097 3733 suo
1105 3685 1134 3733 et
1143 3685 1281 3748 ternpore
1289 3687 1433 3736 vteretur.

280 3752 401 3822 Videns
420 3765 519 3838 itaque
538 3784 593 3823 rex
612 3766 642 3823 in
661 3775 796 3822 arctoae
815 3764 955 3838 positum,
972 3763 1109 3838 promisit
1128 3763 1296 3821 certissime
1315 3783 1433 3838 pacem.

282 3852 515 3926 Reformataque
536 3871 591 3926 per
610 3853 789 3911 mediatores
808 3869 891 3926 pace,
910 3869 964 3909 rex
982 3860 1012 3908 et
1031 3851 1274 3925 archiepiscopus
1296 3854 1354 3910 soli
1374 3857 1433 3912 duo

235 3963 267 4014 40
280 3957 419 3998 seorsum
440 3941 470 3997 in
491 3941 577 4014 equis
599 3942 630 3997 in
652 3942 780 4014 quadam
801 3939 928 4014 planicie
953 3941 1148 4008 diuerterunt,
1170 3938 1317 3996 secretius
1340 3943 1432 3998 collo·
1504 3961 1505 3998 3

280 4039 417 4102 quentes.
454 4027 512 4085 Vbi
531 4028 772 4102 archiepiscopus
790 4027 868 4085 inter
886 4027 943 4084 alia
960 4027 1024 4100 regi
1042 4026 1220 4100 supplicauit
1237 4036 1269 4083 vt
1291 4027 1431 4086 iniuriam
1504 4029 1505 4032 ’

279 4135 371 4190 quam
390 4117 446 4174 sibi
463 4126 493 4174 et
510 4117 636 4174 ecclesie
655 4133 709 4174 sue
728 4115 908 4190 suffraganei
925 4115 971 4172 sui
983 4131 1042 4172 vna
1059 4131 1128 4172 cum
1144 4114 1319 4172 eboracensi
1335 4118 1431 4174 archi-

313 4323 370 4376 *Ε
381 4340 487 4386 seruus;
503 4323 533 4375 T.
544 4324 589 4374 Ta.
601 4326 727 4378 seruiens
828 4323 1004 4374 'Eeiiciam
1110 4321 1228 4371 ’T.est.
1332 4322 1388 4373 ⁴T.
1402 4323 1430 4372 E.

281 4389 386 4441 abortia.
485 4389 561 4440 ‘om
576 4392 602 4440 in
614 4391 643 4440 E.
742 4387 818 4441 ⁸orn.
832 4390 899 4440 inT.
910 4389 958 4439 Ta.
969 4388 1002 4451 Q.
1100 4386 1159 4438 'al
1172 4387 1326 4438 remitteres.
