3012 4898
259 297 332 368 ²94
564 267 1090 374 mmmmm
1275 285 1423 352 susm

256 473 1102 542 rnpreuiteteonfldenteratquelrdariterperpmtnirrtraaitt
1118 473 1424 536 ἀμία-ἱππικὴ

255 553 911 618 mmmmm-mnus
941 541 1425 615 Pugnare-marnam,

256 643 284 686 et
296 635 533 698 manentibus
544 634 659 683 tenebris
669 633 756 682 lumen
764 633 850 682 amisit
860 633 944 682 torius
952 631 1083 680 cluritut‘u.
1111 631 1224 680 Parnuh
1232 633 1348 680 undu
1363 633 1426 681 luoe

256 712 758 776 perlonesmappurente,adcampum
776 709 1203 772 predictumetaulsarpernenit
1237 709 1425 758 Ludimus

228 791 468 860 qerctnisiqnslis
483 789 1032 852 tiemonishorismtienembeom
1064 787 1350 850 Aulaueroparieten
1366 805 1424 838 nnn

257 869 368 919 babebat
377 869 641 931 integrumqnoniam
653 867 967 928 columpnisetarebiolis
978 867 1091 928 nudique
1102 869 1424 929 eratmnstructmqmsi

257 946 597 998 monachornmclanstrum.
633 944 1425 1006 Crrmquedroaaulamdiuciusambnbnetmbandoeim

256 1033 409 1076 mmmm
421 1025 570 1085 mirabilem,
583 1023 735 1086 ingreditur,
747 1025 878 1072 etsedens
890 1023 1424 1086 inangulooruloecuriosebucillmeque

256 1103 501 1154 iactsrdtcdmirans
517 1101 1095 1164 pulcritrrdiuemetapparntumqueminea
1111 1101 1184 1150 uidit.
1211 1101 1424 1165 Talirnamque

214 1201 245 1240 to
258 1183 285 1231 in
306 1183 403 1232 mundo
425 1195 555 1243 nunqnam
577 1181 633 1228 nisa
654 1179 710 1230 init.
751 1179 817 1228 Cum
834 1180 921 1240 nsque
940 1179 1095 1240 aliquamdiu
1114 1180 1186 1228 solus
1204 1181 1334 1239 sed'mset,
1355 1197 1424 1231 ecce

257 1261 404 1322 quindecim
416 1259 465 1308 uiri
476 1259 550 1320 qnasi
563 1257 686 1319 religiosi.
700 1265 727 1306 et
742 1273 827 1319 nuper
841 1257 892 1305 rasi
902 1266 981 1318 etque
991 1255 1057 1305 albis
1068 1257 1182 1306 uestssrus
1196 1259 1294 1316 micti,
1306 1261 1423 1308 domurn
1487 1319 1488 1324 ¹

258 1339 326 1388 illam
348 1339 519 1395 intrsnerunt,
543 1343 570 1386 et
591 1335 734 1384 dotantes
756 1350 816 1383 eum
838 1335 865 1383 in
888 1335 994 1382 nomine
1016 1334 1124 1394 domini,
1146 1335 1337 1386 consederunt.
1391 1338 1425 1386 Et
1487 1359 1488 1378 1

257 1417 401 1466 tacentibrn
412 1416 476 1474 aliis,
488 1429 555 1464 unns
569 1429 627 1462 com
638 1415 719 1462 eosic
731 1413 900 1476 loquebatur:
917 1413 1094 1461 ‘Benedictus
1108 1414 1142 1462 sit
1156 1415 1223 1462 deus
1232 1415 1422 1478 omnipotens,
1487 1417 1488 1476 ἲ

257 1495 340 1558 quiin
351 1495 491 1544 cordetuo
507 1493 603 1541 bonum
619 1491 781 1554 propositum
796 1492 879 1541 misit:
896 1497 924 1538 et
935 1491 991 1552 ipse
1005 1491 1032 1538 in
1049 1499 1076 1538 te
1093 1491 1208 1553 perfic'mt
1224 1492 1328 1542 bonnm
1345 1497 1423 1557 quod

216 1581 244 1634 ¹5
258 1573 362 1636 incepit.
397 1571 430 1622 Et
450 1571 571 1634 qnoniam
593 1571 627 1618 sd
649 1569 699 1618 boc
721 1571 897 1632 purgatorium
919 1583 967 1630 pro
989 1570 1103 1630 peccetis
1124 1569 1177 1618 tuis
1198 1570 1305 1630 uenisti,
1330 1581 1364 1621 nt
1387 1575 1422 1622 ab
1487 1567 1488 1620 i

258 1651 322 1714 ipsis
332 1651 459 1714 purgeris,
476 1657 520 1698 ant
535 1647 645 1696 uiriliter
660 1662 738 1708 agere
754 1661 789 1694 ex
807 1647 963 1695 necessitate
976 1646 1150 1709 compelleris,
1161 1657 1205 1696 ant
1220 1663 1270 1710 per
1287 1650 1421 1700 inertiam
1487 1679 1488 1688 ι

258 1735 286 1778 et
301 1729 387 1778 anima
403 1733 430 1778 et
446 1741 555 1789 corpore
574 1725 671 1788 pariter
685 1725 791 1787 peribis.
826 1723 890 1773 llox
906 1724 977 1773 enim
994 1731 1023 1773 nt
1038 1726 1138 1786 egressi
1154 1725 1279 1775 fuerimus
1297 1729 1422 1789 domimi,
1487 1719 1488 1786 i

258 1805 400 1868 replebitur
410 1805 599 1854 immundorum
609 1802 772 1852 multitudiue
780 1803 927 1864 demonum,
936 1803 980 1865 qui
989 1803 1079 1864 gnuia
1088 1803 1134 1851 tibi
1145 1804 1259 1852 inierent
1269 1812 1420 1864 tormenta.
1487 1861 1488 1876 χ

258 1891 285 1934 et
296 1884 460 1934 minabuntur
471 1883 567 1931 inferre
583 1881 711 1944 grauiora.
745 1879 788 1930 Ad
800 1889 899 1944 portam
914 1895 991 1942 quam
1006 1881 1107 1930 intrasti
1123 1882 1224 1932 illesum
1239 1891 1266 1932 te
1278 1884 1421 1946 ducturos,
1487 1893 1488 1896 ’

215 1974 246 2010 ro
259 1971 286 2012 nt
303 1969 330 2012 te
347 1963 469 2024 decipere
487 1960 596 2024 possint,
613 1959 780 2021 promittent:
809 1965 836 2008 et
857 1959 881 2008 si
899 1947 1025 2022 (quolibet
1044 1959 1132 2020 modo)
1149 1961 1189 2010 eis
1211 1965 1375 2026 memsuis,
1393 1975 1421 2014 et
1487 2001 1488 2010 ,

258 2055 368 2104 corpore
390 2049 418 2090 er
438 2039 524 2090 anim
546 2039 643 2102 parrer
664 2037 769 2100 peribis.
804 2037 833 2086 sr
855 2045 942 2087 mrem
964 2053 1039 2098 spem
1062 2039 1089 2086 m
1109 2039 1216 2088 commo
1235 2043 1370 2104 pumen,
1393 2051 1421 2092 ιι
1487 2023 1488 2040 ’

258 2127 395 2182 tormenta,
409 2119 501 2176 minas,
512 2133 542 2166 sc
553 2117 681 2180 promissa
695 2115 769 2178 quasi
783 2116 907 2166 nichilum
925 2117 1124 2178 contempseris,
1134 2133 1152 2165 a
1165 2119 1279 2180 peccetis
1291 2121 1346 2170 nris
1363 2139 1420 2172 mn
1487 2107 1488 2168 s

258 2205 358 2248 tantum
375 2197 534 2260 purguberis,
546 2201 587 2244 set
600 2195 679 2244 etiam
695 2201 826 2244 tormenta
842 2194 1019 2257 pecmtoribus
1036 2203 1131 2257 parata,
1143 2202 1171 2244 et
1187 2197 1306 2258 requiem
1323 2200 1353 2249 in
1367 2217 1420 2264 qm
1487 2203 1488 2236 l

260 2277 319 2324 insti
332 2275 449 2338 letantur,
463 2275 570 2324 uidebis.
605 2273 716 2335 Semper
726 2273 841 2334 igiturin
861 2273 984 2322 memoris
999 2273 1192 2334 babeasdeum,
1204 2283 1303 2325 etcum
1318 2282 1419 2329 mucia.

216 2365 245 2414 ²5
261 2355 346 2404 uerint
364 2361 398 2416 te,
414 2353 508 2402 innoea
523 2352 653 2401 dominum
672 2350 776 2399 ihesum
793 2351 944 2400 Christum:
964 2366 1012 2414 per
1032 2351 1228 2402 inuocationem
1248 2357 1321 2404 enim
1337 2359 1419 2408 lanius
1487 2367 1488 2410 ι

260 2431 372 2482 nominis
388 2432 474 2480 statim
491 2429 641 2480 liberaberis
658 2445 673 2478 r
691 2437 822 2478 tormento
840 2429 867 2478 in
883 2444 936 2491 quo
952 2429 1043 2494 finisti,
1076 2430 1191 2492 Longius
1207 2432 1260 2496 hic)
1278 2449 1341 2484 esse
1361 2453 1420 2486 non

261 2525 406 2572 possumus,
420 2511 472 2574 (set
483 2509 534 2558 deo
546 2508 1007 2571 omnipotentitecommendamns).'
1040 2509 1419 2575 Sicquedatabenedictione,
1487 2503 1488 2526 ¹

261 2587 538 2652 (recensemntnbeo).
570 2573 641 2638 Cum
652 2587 740 2648 inque
748 2586 820 2635 sorus
828 2586 933 2636 „cerer
942 2586 1036 2652 (mnes,
1046 2588 1131 2636 sunno
1140 2588 1209 2637 erm
1217 2589 1335 2654 romum)
1343 2595 1419 2657 oepn

259 2667 349 2716 andire
363 2667 494 2726 tumultus,
508 2667 548 2729 (ac
565 2664 589 2713 si
605 2670 676 2713 totus
686 2672 893 2714 commoneretur
903 2666 1023 2715 mundns.
1062 2665 1139 2714 Vnde
1154 2667 1205 2715 nisi
1219 2667 1315 2718 uirtute
1326 2671 1420 2722 diuina

216 2757 248 2806 ιο
261 2745 465 2808 (prote)geretnr
481 2751 508 2792 et
526 2741 668 2806 perfeccins
683 2742 861 2803 instrueretur,
876 2743 944 2806 (ipso
955 2742 1076 2806 tumultu)
1088 2751 1271 2797 amentaretur.
1310 2747 1344 2798 Et
1354 2766 1420 2801 eece

261 2821 396 2872 nisibiliter
408 2821 532 2886 undi(qne
543 2823 624 2883 cepit)
636 2819 773 2869 multitudo
785 2821 918 2870 innumera
929 2821 1067 2871 demonum
1078 2822 1216 2872 formarum
1225 2825 1382 2878 deformium
1392 2830 1419 2877 in
1487 2815 1488 2880 i

261 2901 364 2950 domum
379 2901 446 2950 illurn
459 2901 566 2960 irruere,
578 2899 756 2948 cachinnando
768 2905 794 2946 et
806 2899 949 2948 deridendo
964 2899 1035 2948 illum
1045 2901 1166 2962 salutare,
1176 2917 1207 2951 ac
1222 2903 1330 2954 dicere:
1347 2907 1419 2956 ‘Atii
1487 2895 1488 2944 ἶ

260 2979 379 3028 homines
395 2979 438 3041 qni
455 2979 531 3028 nobis
547 2978 672 3036 seruiunt,
690 2992 743 3025 non
761 2977 811 3026 nisi
828 2984 888 3038 post
904 2985 1014 3026 mortem
1030 2979 1062 3027 ed
1081 2993 1129 3028 nos
1147 2979 1273 3030 ueniunt:
1294 2985 1366 3032 unde
1386 2999 1419 3034 eo
1487 2961 1488 3026 i

262 3057 342 3120 uirgis
353 3057 476 3106 debemus
485 3057 529 3106 tibi
541 3063 627 3117 grates
637 3055 747 3104 reddere
756 3061 782 3102 et
791 3054 913 3104 maiorem
922 3056 1091 3119 me(rcedenr)
1102 3057 1147 3106 tibi
1157 3058 1229 3117 dare,
1237 3073 1292 3120 qno
1300 3069 1419 3112 nostr-m

217 3141 246 3192 35
261 3135 411 3185 societatem
424 3135 450 3184 in
463 3143 563 3184 tanturn
575 3134 703 3183 honorare
715 3132 820 3182 noluisti
833 3141 862 3182 nt
874 3133 986 3182 uiuendo
998 3149 1093 3197 corpus
1104 3141 1175 3184 nrum
1187 3145 1214 3184 et
1225 3137 1339 3190 unimam
1348 3149 1418 3190 imm

262 3213 336 3263 nobis
353 3215 456 3262 tradere
473 3212 575 3262 curasti.
611 3211 669 3261 Huc
687 3211 779 3260 uenisti
798 3217 827 3259 nt
846 3226 893 3272 pru
912 3213 1025 3273 peccatis
1042 3213 1093 3262 tuis
1110 3221 1239 3263 tormentr
1254 3219 1419 3271 sustineres:

261 3291 368 3342 habebis
389 3292 520 3342 nobiscum
540 3305 675 3353 pressuras
693 3296 721 3339 et
743 3288 855 3340 dolores.
894 3288 1096 3353 verumptamen
1120 3306 1167 3353 pro
1189 3307 1223 3341 eo
1245 3297 1318 3355 quod
1342 3298 1419 3347 nobis

262 3371 288 3418 in
306 3370 402 3419 mundo
417 3369 582 3428 sernieris,si
597 3367 694 3418 nostris
709 3368 901 3429 adquiescendo
918 3368 1031 3418 consiliis
1046 3371 1142 3419 reuerti
1158 3370 1283 3433 nolueris,
1301 3374 1355 3424 hoc
1372 3377 1419 3425 tibi

263 3463 311 3512 pro
322 3463 430 3498 munere
440 3448 562 3498 iaciemus
572 3447 642 3509 quod
653 3448 685 3496 ad
697 3453 798 3509 portam
815 3462 866 3509 qur
881 3445 982 3497 intrasti
1000 3448 1100 3497 illesum
1111 3456 1137 3497 te
1150 3449 1281 3512 ducemus,
1294 3455 1419 3514 quatinus

217 3547 251 3596 40
263 3526 336 3576 uiuus
347 3535 374 3576 et
385 3527 468 3576 adbuc
480 3527 507 3576 in
519 3527 615 3576 mundo
627 3526 756 3588 gundeas3
773 3540 807 3573 ne
818 3533 900 3574 totum
910 3526 980 3588 quod
988 3541 1068 3576 suane
1080 3534 1120 3576 est
1129 3529 1231 3590 corpori
1242 3535 1290 3578 tuo
1301 3530 1419 3582 funditus

263 3603 382 3656 amittis’
416 3604 492 3656 lliles
515 3613 600 3654 nutem
624 3604 730 3652 omnino
752 3604 840 3664 tacuit,
858 3618 906 3652 nec
928 3604 971 3654 nel
992 3617 1071 3655 unum
1089 3605 1127 3655 eis
1143 3606 1251 3656 uerbum
1272 3611 1419 3671 respondit

264 3683 420 3747 contempni
440 3699 470 3733 se
489 3683 608 3733 uidentes
631 3683 763 3741 demones,
781 3682 926 3732 tremebant
943 3683 969 3732 in
984 3699 1053 3746 enm,
1070 3692 1270 3747 struxeruntqne
1290 3687 1317 3736 in
1340 3689 1420 3738 domo

263 3761 366 3812 maximi
390 3762 503 3812 incendii
526 3777 632 3824 rogum,
660 3768 721 3823 post
743 3760 792 3810 hec
813 3775 903 3810 manns
924 3777 955 3811 ac
978 3763 1060 3824 pedes
1082 3763 1169 3812 militis
1190 3763 1348 3825 liguuernnt,
1369 3767 1419 3830 (et)

264 3855 323 3890 eum
339 3841 365 3890 in
377 3841 462 3904 ignem
473 3839 656 3903 probicientes,
668 3839 741 3887 uncis
758 3837 851 3888 lerreis
868 3840 918 3888 hnc
933 3839 1043 3903 illucque
1055 3855 1103 3902 per
1114 3841 1261 3890 incendium
1272 3842 1420 3894 clamantes

218 3941 250 3994 45
264 3926 404 3970 traxerunt.
447 3917 564 3978 Etcum,
586 3917 680 3968 ‘lbesn
703 3917 808 3966 Christe
830 3917 866 3965 iili
889 3918 931 3966 dei
951 3919 1013 3977 uini,
1031 3920 1155 3968 miserere
1171 3919 1248 3969 michi
1271 3921 1421 3983 peocutori’

264 3997 441 4058 exclamasset,
454 3997 537 4048 tocius
549 3995 661 4046 incendii
672 3995 802 4045 extinctus
819 4001 860 4044 est
876 4011 962 4060 rogus,
976 3997 1012 4046 ita
1028 4004 1057 4046 ut
1072 3997 1169 4047 sirtille
1184 3998 1268 4048 tocius
1279 4015 1334 4049 non
1347 4001 1420 4050 inne·

264 4077 364 4127 niretor
374 4076 449 4140 ignis
514 4063 690 4138 Egredientes
700 4088 765 4122 uero
775 4073 899 4124 demones
909 4081 1043 4125 traxerunt
1055 4075 1161 4126 militem
1170 4091 1218 4140 per
1225 4083 1326 4126 uastam
1335 4080 1420 4142 regio·

265 4169 324 4204 nem
336 4154 436 4218 nigram
448 4161 474 4204 et
486 4153 657 4214 tenebrosum,
667 4151 693 4200 in
703 4167 754 4214 quc
763 4157 820 4200 erat
832 4159 926 4202 uentus
937 4154 980 4216 qni
992 4169 1041 4204 nec
1052 4154 1135 4204 audiri
1146 4162 1246 4216 posset,
1253 4164 1295 4204 set
1306 4157 1347 4205 sni
1360 4159 1420 4220 rigi

264 4232 345 4282 ditate
361 4247 455 4296 corpus
471 4247 546 4284 sunm
562 4231 698 4282 uidebatur
714 4229 855 4293 perforare.
896 4230 1043 4282 Traxerunt
1060 4247 1118 4282 eum
1132 4234 1237 4282 tandem
1252 4234 1285 4282 cd
1299 4249 1420 4298 campum

219 4333 253 4390 ιο
265 4311 339 4364 cuius
351 4311 429 4362 dnem
440 4311 530 4364 nidere
544 4325 596 4361 non
613 4315 722 4374 potent,
734 4310 866 4372 utrimque
881 4323 960 4360 sexus
978 4311 1081 4362 dinerse
1095 4311 1172 4361 etatis
1183 4311 1332 4362 bominibus
1343 4315 1419 4363 nudis
