3046 4902
255 339 325 414 592
688 309 890 413 finnmflit
918 311 970 390 ΙΙ.

252 517 295 574 sui
308 517 418 588 aliqua;
437 515 665 588 quandoquidem
682 515 791 586 eosqui
807 513 1000 570 huiuscemodi
1017 531 1133 570 munere
1150 513 1253 570 donati
1274 527 1356 584 sunt,
1369 533 1416 572 er·

252 601 349 656 tollant
362 600 492 656 catholici
505 609 599 670 patres
618 599 653 655 de
672 599 806 668 singulari
823 597 989 668 virginitatis
1008 597 1160 668 priuilegio,
1172 598 1309 654 dicentes
1328 601 1415 670 quod,

1507 354 1511 432 l

1511 534 1514 573 l

251 683 325 738 iusta
337 682 572 750 remuneracione,
585 683 676 738 eciam
689 682 735 737 hic
746 683 871 750 gaudent
883 691 976 752 preter
986 699 1093 736 morem
1106 680 1142 736 de
1154 681 1250 736 carnis
1264 683 1416 755 incorrup-
1513 728 1515 740 ,

251 766 331 822 cione
344 765 391 836 qui
405 783 468 819 eam
481 782 568 835 vsque
581 765 618 821 ad
630 776 749 820 mortem
762 763 941 829 seruauerint,
954 781 1012 819 non
1024 763 1085 819 sine
1097 763 1170 834 iugis
1181 765 1304 820 martirii
1317 769 1415 822 valida
1508 777 1516 800 l

224 849 459 922 5persecucione.
509 847 585 918 Quid
609 847 685 902 enim
710 847 800 902 maius
824 848 878 902 sub
901 847 1018 902 caritate
1041 846 1193 901 christiane
1218 847 1298 913 fidei,
1326 867 1415 919 qnam

251 931 369 1002 adipisci
378 932 521 986 hominem
532 947 566 985 cx
574 931 670 1000 gracia
682 930 757 1000 quod
770 930 855 985 habet
867 931 983 1000 angelus
996 947 1030 985 ex
1042 931 1163 984 natura?
1179 931 1267 985 Vnde
1279 931 1415 987 diuinum

251 1016 395 1070 oraculum
404 1015 484 1086 quasi
493 1015 625 1084 singulari
633 1011 1007 1085 quodamdonorepromittit
1016 1012 1218 1083 quodvirgines
1226 1013 1416 1084 seqn[e]ntur

253 1115 359 1168 agnum
377 1115 546 1170 quocunque
565 1099 634 1154 ierit
670 1097 950 1158 tlconstderandum
969 1096 1053 1165 igitur
1071 1095 1135 1166 quis
1153 1095 1207 1150 iste
1218 1097 1306 1150 fuerit
1319 1099 1372 1168 qui
1385 1099 1416 1152 in

253 1181 330 1252 regni
344 1181 466 1236 culmIne
479 1181 550 1236 inter
561 1191 601 1236 tot
615 1179 734 1236 diuicias
746 1191 774 1236 et
787 1181 867 1235 luxus
884 1180 971 1236 seculi
987 1179 1178 1248 semetipsum,
1191 1181 1304 1234 calcata
1315 1181 1415 1236 carnis

210 1283 241 1322 ro
254 1265 420 1334 petulancie,
433 1264 544 1320 vincere
561 1263 683 1319 studuit:
702 1264 778 1334 quod
793 1264 854 1318 eius
866 1263 989 1318 ostendit
1004 1279 1070 1317 caro
1087 1261 1317 1331 incorruptibilis
1360 1265 1416 1319 Cui

253 1347 417 1402 famulantes
428 1357 558 1416 satagant
572 1346 608 1400 illi
622 1365 656 1402 ea
672 1347 783 1416 placere
798 1346 950 1413 mundicia,
962 1362 1047 1416 quam
1063 1344 1089 1400 ei
1107 1354 1244 1414 perpetuo
1263 1347 1416 1415 placuisse

252 1431 431 1486 manifestant
442 1431 568 1486 membra
578 1430 754 1501 incorrupta3
779 1439 808 1486 et
817 1430 839 1484 si
854 1447 910 1485 non
921 1439 1037 1500 possunt
1045 1426 1170 1498 virgineo
1178 1425 1415 1497 florepudicicie,

253 1515 352 1568 saltem
376 1523 489 1583 experte
513 1513 664 1584 voluptatis
689 1513 746 1582 iugi
765 1513 993 1568 mortificacione.
1030 1511 1172 1579 Quoniam
1195 1509 1218 1564 si
1240 1510 1290 1564 illa
1310 1523 1414 1568 sancte

252 1597 346 1651 anime
366 1595 512 1651 inuisibilis
534 1596 679 1667 presencia
697 1597 815 1652 alicuius
838 1595 1038 1651 farnulancium
1062 1592 1201 1664 spurcicia
1225 1594 1413 1650 offendatur:

210 1690 239 1742 15
253 1679 409 1735 timendum
421 1689 463 1734 est
476 1680 552 1750 quod
565 1680 701 1750 propheta
710 1679 868 1734 terribiliter
878 1677 1081 1734 comminatur:
1101 1677 1152 1731 ‘ln
1160 1685 1236 1730 terra
1243 1687 1415 1732 sanctourm

253 1761 350 1836 iniqua
362 1763 448 1832 gessit
460 1771 487 1817 ct
500 1763 563 1817 ideo
575 1781 630 1818 non
643 1761 748 1818 videbit
760 1763 877 1831 gloriam
890 1760 1012 1816 domini*
1044 1759 1132 1815 Cuius
1143 1770 1250 1814 terrore
1262 1760 1416 1815 sentencie

254 1847 381 1918 permoti,
400 1845 483 1901 huius
502 1846 591 1901 sancti
610 1845 683 1914 regis
700 1853 728 1900 et
747 1844 868 1900 martiris
888 1842 1070 1913 imploremus
1088 1841 1285 1912 patrocinium,
1305 1853 1336 1897 vt
1358 1860 1415 1898 nos

254 1947 318 1985 curn
343 1929 396 1984 sibi
421 1930 506 1999 digne
529 1928 730 1984 famulantibus
754 1945 772 1982 a
795 1925 919 1998 peccatis
948 1925 1082 1996 expiatos,
1109 1925 1146 1979 ad
1171 1923 1292 1993 gloriam
1323 1925 1415 1981 ducat

253 2011 460 2083 sempiternam.

322 2138 489 2207 Qvaurtrrt
507 2149 631 2194 CLERICI
650 2149 714 2192 DEO
733 2149 774 2191 ΕΤ
791 2147 911 2192 SANCIO
927 2136 1095 2191 Ebltttrtno
1113 2145 1292 2191 vousstttmr
1306 2147 1345 2190 stt

672 2231 800 2276 bettore
818 2229 989 2277 renuunt.

1040 2335 1176 2390 Ranslato
1187 2336 1274 2390 beato
1286 2337 1413 2404 martire,

1074 2429 1103 2472 vt
1120 2417 1226 2473 dictum
1245 2429 1298 2487 est,
1314 2419 1343 2474 in
1362 2437 1413 2474 no·

254 2517 320 2554 uam
333 2499 479 2554 basilicam
495 2499 524 2554 in
543 2499 791 2556 Bedricesuuorthe
806 2511 1012 2558 constructam:
1033 2502 1110 2556 locus
1126 2502 1201 2556 idem
1218 2502 1335 2557 abintus
1350 2514 1379 2558 et
1394 2521 1412 2558 a

254 2582 320 2636 foris
335 2582 476 2636 nocturnis
494 2581 666 2652 temporibus
679 2582 845 2653 amplissimi
862 2583 958 2639 iubare
970 2584 1082 2640 luminis
1095 2585 1193 2639 celitus
1208 2585 1413 2652 illustrabatur,

254 2673 282 2718 et
298 2663 440 2731 miracula,
453 2663 524 2718 sicut
538 2664 593 2719 iam
607 2665 735 2733 diximus,
748 2666 825 2720 nullo
841 2683 913 2736 pene
928 2677 1053 2738 tempore
1065 2668 1101 2721 ad
1117 2667 1177 2722 eius
1189 2671 1332 2723 tumulum
1352 2687 1413 2726 ces-

211 2759 240 2808 25
255 2748 364 2802 sabant.
398 2746 508 2815 Quibus
526 2748 565 2802 ad
582 2765 707 2802 amorem
724 2748 814 2804 sancti
832 2749 955 2805 martiris
971 2749 1116 2805 Edmundi
1136 2750 1228 2820 plebis
1247 2752 1412 2820 multitudo,

255 2831 291 2885 de
320 2829 438 2886 diuersis
469 2830 620 2900 prouinciis
654 2832 819 2898 aduentans,
850 2832 1021 2898 accenditur,
1052 2832 1149 2903 sicque
1179 2833 1259 2887 locus
1290 2834 1413 2889 diuersis

254 2913 378 2968 donariis
390 2923 417 2968 et
429 2913 622 2968 oblacionibus
641 2913 800 2968 edomatur.
837 2915 977 2984 Tempore
994 2915 1076 2984 igitur
1088 2914 1161 2984 regis
1176 2916 1350 2982 Ethelstani,
1362 2919 1412 2988 qui

255 2996 328 3066 cepit
346 3013 465 3066 regnare
483 2998 653 3064 dcccc.xxv⁰,
672 2996 877 3066 perpendentes
896 2997 1011 3068 quidam
1030 2997 1123 3052 clerici
1142 2997 1287 3053 martirem
1312 3000 1411 3071 magni

255 3097 318 3136 esse
340 3079 441 3148 meriti,
461 3081 512 3135 sub
532 3079 592 3134 eius
616 3077 771 3148 patrocinio
790 3079 845 3133 deo
864 3095 893 3134 se
916 3080 1089 3134 deuouerunt
1111 3089 1244 3150 perpetuo
1267 3082 1413 3138 famulari.

211 3175 242 3224 30
257 3165 367 3218 Horum
379 3172 506 3233 quatuor,
521 3161 661 3217 leofricus
674 3161 803 3217 videlicet
821 3171 848 3216 et
861 3162 990 3231 Alfricus,
1005 3163 1169 3228 Bomfildus,
1182 3173 1209 3218 et
1228 3163 1411 3232 Eilmundns,

255 3247 406 3300 sacerdocii
426 3246 561 3315 dignitate
580 3244 782 3315 preminebant,
800 3245 857 3298 duo
869 3263 942 3310 vero,
957 3245 1100 3300 Leofricus
1119 3257 1146 3300 et
1165 3247 1334 3315 Kenelmus,
1347 3248 1411 3304 dia-

255 3339 371 3384 conatus
392 3329 514 3383 officium
533 3327 781 3384 administrabant:
804 3326 905 3398 quibus
922 3330 959 3384 ob
980 3346 1105 3383 amorem
1124 3329 1212 3384 sancti
1231 3330 1323 3384 multa
1345 3345 1412 3390 stmt

255 3411 357 3465 collata
371 3410 524 3478 beneficia;
542 3410 616 3465 inter
632 3427 688 3481 que
704 3427 751 3465 rex
770 3410 937 3465 Edmundus
957 3410 1028 3465 filius
1043 3411 1117 3480 regis
1134 3412 1267 3466 Edwardi
1281 3413 1366 3483 primi
1382 3426 1412 3471 et

255 3493 412 3547 Ethelstani
425 3493 500 3562 regis
512 3493 598 3548 frater
608 3503 636 3548 et
649 3493 755 3562 Edgari
767 3493 841 3562 regis
855 3504 934 3564 pater
946 3495 1023 3550 dedit
1039 3505 1138 3549 sancto
1151 3495 1306 3550 Edmundo
1319 3507 1411 3553 totam

211 3587 241 3638 35
257 3575 349 3630 villam
362 3575 397 3629 de
416 3575 675 3644 Bedricesuuorthe,
688 3593 751 3630 cum
771 3585 849 3631 carta
867 3577 907 3631 sic
926 3576 1094 3647 incipiente:
1114 3577 1267 3648 ‘Quamuis
1277 3580 1412 3650 decreta,'

255 3668 317 3725 etc,
329 3675 404 3712 anno
422 3659 527 3712 domini
548 3659 696 3726 dccccxlv,
714 3669 742 3713 et
760 3660 896 3715 minorem
913 3662 935 3714 F
937 3661 1063 3715 ornham.
1102 3663 1168 3716 Post
1187 3678 1295 3731 paucos
1314 3675 1412 3722 autern

255 3758 346 3798 annos
354 3740 528 3812 multiplicati
543 3751 608 3796 sunt
616 3741 707 3796 clerici
722 3741 750 3795 in
761 3743 862 3796 eadem
871 3743 990 3797 ecclesia
1000 3745 1132 3814 usquead
1144 3761 1293 3798 numerum
1305 3746 1361 3815 xis,
1371 3748 1412 3804 ita

256 3825 332 3896 quod
351 3825 380 3879 in
398 3826 498 3880 eadem
517 3825 636 3880 ecclesia
653 3825 764 3879 fuerunt
781 3825 838 3894 xiiij
858 3825 1013 3896 presbiteri,
1026 3836 1054 3880 et
1067 3826 1189 3898 quinque
1208 3827 1333 3896 diaconi,
1346 3847 1412 3900 pre-

256 3909 365 3964 bendas
387 3925 452 3963 suas
471 3908 607 3962 habentes
628 3917 655 3962 et
677 3908 713 3961 de
733 3908 924 3963 oblacionibus
946 3908 1041 3978 populi
1062 3909 1195 3964 viuentes.
1235 3911 1314 3965 lnter
1338 3928 1411 3983 quas

211 4006 244 4056 40
257 3992 371 4064 quidem
389 3991 548 4062 prebendas
566 4001 594 4046 et
612 3990 774 4045 oblaciones
786 4007 842 4044 vna
860 3990 956 4059 porcio
972 3989 1009 4043 ad
1028 3991 1191 4061 episcopum
1204 3992 1363 4062 pertinebat
1382 4006 1412 4050 et

258 4074 377 4131 fideliter
394 4074 418 4129 ei
438 4074 609 4128 seruabatur.
646 4074 690 4127 Ex
709 4072 776 4143 ipsis
795 4084 889 4128 autem
906 4072 1014 4128 clericis
1027 4090 1099 4128 vnus
1111 4074 1267 4128 vocabatur
1278 4076 1411 4146 Adulfus,

257 4169 285 4213 et
303 4168 402 4230 postea
418 4157 563 4212 dioceseos
582 4155 730 4228 episcopus
748 4157 847 4226 factus,
864 4157 957 4211 locum
976 4156 1067 4226 ipsum
1081 4155 1164 4212 dictis
1183 4167 1211 4212 et
1226 4156 1309 4212 Iactis
1322 4161 1410 4216 vehe-

257 4252 365 4297 menter
377 4242 552 4296 honestabat.

383 4339 392 4368 ¹
409 4341 449 4391 Cf.
461 4339 516 4392 MS.
529 4339 587 4391 Tib.
600 4339 620 4390 B
633 4339 659 4390 II
671 4337 715 4393 tol.
730 4353 776 4405 24:
794 4338 844 4390 and
853 4338 977 4406 Sampson
989 4339 1014 4390 in
1027 4339 1079 4391 Tit.
1090 4340 1115 4389 A
1127 4339 1195 4390 VIII
1207 4339 1223 4390 f.
1235 4340 1276 4404 83.

211 2366 242 2402 ²⁰
272 2380 459 2434 Hennannur
467 2379 681 2434 archidiaconus
689 2379 809 2451 Arfastr'
818 2377 961 2451 episcopi&
