3052 4896
296 307 368 400 508
608 303 739 392 tuctu
763 300 954 404 tmmuu
978 301 1127 407 uuum

294 519 350 576 per
371 503 521 578 hospitam
541 503 655 561 ancillis
676 501 852 560 Wiltoniam
877 519 945 560 cum
964 503 1154 562 festinatione
1177 506 1319 564 deuenit
1368 507 1449 578 Quod

294 607 348 648 rex
373 593 572 665 comperiens,
596 591 664 649 illuc
689 601 839 664 properat,
864 599 894 648 et
921 592 1060 649 omnibus
1084 603 1206 665 capture
1234 595 1450 652 instrumentis

293 679 442 752 virginem
461 681 543 738 nulla
560 696 685 753 prorsus
703 681 864 752 impetrare
883 679 991 736 sufficit
1010 681 1179 738 conditione
1190 692 1223 738 vt
1234 683 1289 738 vel
1311 685 1352 739 ad
1366 683 1450 739 collo·

294 767 397 839 quium
411 768 510 841 regale
523 769 683 841 procedat:
696 783 730 824 ac
740 767 880 823 omnibus
893 767 1022 825 nexibus
1031 767 1224 840 legationum,
1238 771 1448 836 donationum,

264 855 496 922 sadulationum
520 856 639 913 allicere
659 855 715 912 sibi
734 853 911 911 Wllliildam
934 863 1069 912 sanctam
1090 858 1269 930 temptabat,
1290 859 1351 915 sed
1370 858 1450 929 virgo

294 939 325 998 in
346 941 467 1000 Christo
486 943 609 1000 fundata
623 941 784 1000 immobilis
797 942 985 1013 perdurabat.
1023 943 1092 1000 Rex
1103 957 1343 1017 verumptamen
1356 955 1448 1002 atten-

292 1032 352 1088 tius
374 1040 435 1089 tarn
455 1050 511 1106 per
535 1049 568 1089 se
593 1049 683 1104 quam
709 1048 764 1104 per
785 1030 858 1086 alios
881 1029 1005 1088 insidias
1029 1048 1195 1103 apponens,
1214 1033 1300 1090 sorte
1326 1033 1447 1090 camin

293 1119 423 1176 claustro
445 1129 531 1177 extra
549 1119 708 1177 ecclesiam
726 1117 944 1190 deprehendit:
972 1127 1002 1174 et
1021 1119 1103 1176 velut
1123 1120 1217 1176 victor
1239 1131 1336 1194 capta
1359 1121 1446 1194 preda

293 1207 433 1265 exultans
452 1207 563 1276 insiliit,
581 1207 805 1280 fugientemque
823 1206 854 1262 in
873 1205 939 1277 ipso
956 1205 1082 1263 ecclesie
1097 1205 1200 1264 limine
1216 1225 1279 1280 per
1299 1209 1447 1266 manicam

250 1313 280 1349 ro
293 1295 399 1366 rapuit.
447 1295 519 1363 Sed,
550 1295 600 1352 illa
633 1303 793 1366 vtcumque
823 1291 918 1365 potuit
945 1294 1101 1364 renitente,
1135 1295 1254 1352 manica
1291 1299 1325 1352 in
1359 1311 1446 1352 manu

292 1383 439 1440 trahentis
466 1383 545 1440 dicto
573 1383 660 1440 citius
690 1379 844 1449 remansit,
868 1381 943 1437 adeo
969 1381 1105 1438 videlicet
1128 1392 1161 1438 vt
1185 1400 1247 1439 non
1282 1386 1447 1440 sentiretur

291 1469 432 1541 scissura,
452 1479 482 1528 et
501 1471 597 1528 solida
617 1469 711 1527 vestis
734 1478 875 1541 tanquam
900 1468 1032 1525 humana
1055 1469 1201 1526 industria
1223 1481 1296 1527 erat
1322 1473 1447 1528 circum

291 1555 354 1614 cisa
363 1558 381 1614 ¹.
417 1557 510 1632 Virgo
528 1576 601 1616 vero
621 1559 679 1616 deo
700 1559 810 1615 deuota
831 1573 930 1612 coram
948 1555 1032 1612 altari
1052 1566 1208 1629 prosuata,
1226 1561 1336 1616 cordis
1355 1557 1445 1632 genii·

290 1645 371 1702 tibus
390 1645 563 1718 pudicitiam
581 1645 709 1718 [suam]¹
724 1663 743 1702 a
759 1643 878 1700 Christo
895 1643 1036 1700 illibatam
1056 1645 1170 1701 seruari
1185 1648 1346 1702 exorabat.
1391 1643 1446 1700 At¹

248 1750 277 1802 ¹⁵
291 1748 347 1789 rex
358 1735 397 1790 ad
411 1751 444 1790 se
457 1751 623 1792 conuersus
635 1733 786 1806 obstupuit
796 1731 941 1804 prodigio,
950 1731 1067 1788 erubuit
1081 1733 1269 1806 impudentie
1285 1735 1444 1802 ;voluebat

291 1831 426 1878 tremens
444 1821 515 1894 quid
534 1823 727 1894 portenderet
746 1821 801 1876 hec
820 1819 959 1887 scissura,
978 1819 1183 1893 intellexitque
1204 1823 1349 1893 prudens
1367 1821 1443 1893 quod

291 1925 309 1966 a
327 1925 381 1966 suo
402 1909 537 1982 appetitu
556 1927 669 1984 sponsa
686 1909 798 1965 domini
817 1917 898 1964 esset
916 1907 1040 1964 abscisa.
1086 1907 1124 1965 Et
1141 1910 1293 1966 accedens
1306 1911 1348 1967 ad
1370 1924 1442 1975 eam,

292 1995 383 2054 dixit:
403 2001 410 2026 ‘
423 1997 490 2054 Noli
503 1997 618 2067 timere,
630 1997 714 2070 virgo
727 1997 784 2054 deo
796 2004 919 2068 accepta
932 2015 939 2053 :
958 1995 1100 2068 promitto
1116 1996 1197 2052 enim
1210 1997 1318 2053 omnia
1330 1995 1442 2053 videnti

291 2085 349 2140 deo
367 2086 445 2158 quod
466 2086 543 2142 vltra
562 2101 752 2158 nequaquam
770 2083 916 2140 molestus
935 2100 988 2140 ero
1009 2084 1163 2156 proposito
1182 2093 1242 2154 tuo,
1261 2086 1322 2142 sed
1344 2083 1440 2158 potius

248 2191 279 2228 ιο
292 2171 456 2230 adiutorem
482 2183 512 2228 et
532 2173 723 2230 defensorem
742 2189 791 2228 me
809 2171 960 2244 prebebo.’
997 2171 1086 2228 Dedit
1111 2172 1200 2245 igitur
1223 2190 1281 2229 rex
1303 2173 1440 2245 Edgarus

291 2268 395 2316 sancte
408 2259 554 2318 Wllhilde
573 2259 788 2318 monasterium
804 2259 952 2332 virginum
971 2259 1010 2316 de
1029 2258 1178 2332 Berkingo
1190 2269 1219 2317 et
1232 2262 1270 2318 ad
1284 2261 1437 2333 antiquum

291 2357 400 2404 statum
419 2349 510 2422 regali
533 2347 737 2405 munificentia
754 2347 920 2420 reparant:
943 2345 1100 2419 ipsiusque
1117 2347 1323 2421 Wlihild[is]*
1343 2345 1437 2404 nobile

289 2435 501 2508 patrimonium
526 2437 564 2492 ad
588 2435 693 2509 viginti
723 2444 849 2508 quatuor
878 2433 1014 2491 villarum
1043 2436 1230 2492 mansionem
1254 2437 1352 2504 auxit,
1376 2451 1437 2507 pre·

290 2523 427 2595 dictoque
450 2522 631 2580 monasterio
651 2524 690 2580 de
716 2521 867 2594 Berlringo
886 2531 948 2578 tam
968 2539 1096 2578 nurnero
1114 2539 1267 2580 sacrarum
1289 2525 1436 2596 virginum

246 2629 275 2680 ²⁵
290 2627 379 2682 quarn
398 2611 483 2684 copia
502 2628 602 2668 rerum
621 2612 786 2685 coequauit.
823 2609 877 2666 Est
895 2618 995 2666 autem
1016 2609 1142 2679 Hortor'r,
1160 2611 1209 2668 vbi
1226 2613 1314 2685 virgo
1337 2621 1437 2668 sancta

289 2699 327 2754 de
346 2715 401 2754 suo
420 2698 618 2771 pammonio⁸
635 2698 794 2756 cenobium
812 2697 987 2766 construxit,
1000 2697 1085 2770 quasi
1098 2699 1255 2756 vmbilicus
1272 2697 1433 2772 tetrapolis,

288 2803 307 2842 a
319 2795 445 2858 quatuor
456 2787 579 2844 vrbibus
592 2785 701 2859 spaciis
720 2785 883 2859 equalibus,
899 2785 929 2841 id
948 2795 993 2842 est
1011 2785 1074 2842 fere
1089 2787 1247 2844 duodecim
1261 2787 1433 2850 miliaribus,

289 2873 414 2942 distans,
448 2874 479 2931 in
505 2875 614 2948 quibus
638 2874 787 2932 concessit
811 2872 853 2930 illi
877 2889 932 2930 rex
956 2872 1088 2946 quinque
1116 2875 1223 2934 domos
1248 2877 1279 2932 in
1312 2872 1432 2947 singulis

288 2961 462 3035 unamque·
479 2962 646 3031 ecclesiam,
666 2961 729 3019 scil.
748 2961 872 3030 Wilton,
889 2959 1087 3034 Scaltisbyry,
1102 2961 1253 3034 Warram,
1272 2963 1430 3035 Hamptor'r.

244 3071 276 3120 30
290 3036 373 3109 Cum
392 3059 492 3108 autem
511 3051 598 3106 beata
614 3049 772 3106 Wll'hildis
791 3065 920 3106 excusso
939 3049 1033 3106 seculi
1051 3049 1119 3122 iugo
1138 3049 1241 3108 sedere
1259 3047 1428 3124 virginitatis

288 3147 436 3211 perpetuo
460 3137 580 3195 Christo
605 3147 840 3205 consecraretur,
865 3153 937 3193 ecce
961 3137 1100 3194 columba
1124 3137 1194 3195 niue
1219 3139 1374 3196 candidior
1395 3138 1428 3191 de

288 3227 353 3283 celo
376 3226 462 3299 lapsa
486 3243 579 3298 super
602 3227 745 3282 verticem
774 3224 839 3282 cius
868 3225 1042 3282 consedisse
1066 3227 1132 3282 visa
1154 3233 1209 3282 est.
1292 3216 1427 3302 Quadam

287 3321 386 3370 autern
409 3313 457 3370 die
482 3313 603 3370 intrauit
627 3313 735 3370 mulier
755 3313 894 3385 quedam,
916 3314 1073 3386 paruulum
1099 3313 1129 3370 in
1156 3313 1292 3371 humeris
1314 3321 1428 3388 gesuns

287 3399 441 3469 infantem,
461 3402 515 3458 sed
537 3419 649 3458 cecum.
687 3401 785 3472 Quem
807 3419 876 3457 curn
898 3400 981 3474 virgo
999 3410 1101 3457 sancta
1121 3402 1318 3474 conspiceret,
1338 3396 1427 3457 crucis

243 3509 273 3559 35
288 3487 406 3560 signum
428 3505 521 3561 super
542 3488 644 3546 oculos
666 3488 788 3546 infantis
809 3487 924 3561 posuit:
951 3497 981 3545 et
1006 3505 1081 3561 puer
1105 3489 1217 3562 apertis
1239 3491 1336 3548 oculis
1355 3488 1425 3545 clare

286 3574 368 3633 vidit.
465 3563 548 3635 Cum
574 3586 675 3633 autem
699 3577 872 3649 episcopum
902 3575 1131 3632 wimoniensem
1161 3587 1302 3634 sanctum
1332 3573 1426 3632 Ethel-

286 3662 417 3720 woldum
436 3664 473 3719 ad
492 3665 650 3736 prandium
669 3665 817 3731 inuitaret,
830 3663 957 3720 ministri
976 3664 1014 3720 de
1032 3673 1121 3736 potus
1140 3664 1348 3722 insufficientia
1363 3677 1424 3719 con·

287 3753 384 3826 questi
397 3761 476 3808 sunt.
514 3751 569 3808 llla
578 3753 664 3809 diues
678 3761 707 3808 et
719 3761 828 3825 potens
841 3751 871 3807 iu
885 3751 1071 3824 plenitudine
1083 3751 1250 3809 dilectionis
1263 3753 1323 3824 dei,
1334 3748 1424 3809 omnia

287 3857 321 3896 se
345 3857 436 3912 posse
461 3847 491 3897 et
516 3840 628 3896 habere
647 3841 788 3896 credebat
810 3857 864 3912 pre
885 3837 981 3896 leticia
1006 3839 1214 3911 hospitalitatis
1236 3850 1298 3897 tarn
1323 3846 1423 3898 sarrcte.

239 3946 274 3998 4⁰
286 3929 328 3986 At
346 3927 483 3998 ministri,
502 3927 633 3984 humana
651 3927 821 3984 curiositate
840 3926 929 3998 ducti,
948 3927 1086 4000 imposita
1104 3925 1189 3999 virga
1206 3927 1331 4001 liquoris
1342 3940 1423 4000 quan·

286 4015 400 4073 titatern
412 4023 526 4085 notant,
538 4023 571 4071 vt
584 4014 634 4072 tali
652 4015 856 4072 ministrarent
874 4013 1017 4071 industria
1035 4024 1138 4087 potum
1156 4032 1216 4086 qua
1232 4025 1301 4072 ante
1314 4025 1422 4086 tempus

286 4121 346 4160 non
369 4103 519 4161 deficeret.
562 4101 698 4175 Cumque
718 4111 778 4158 tota
797 4102 846 4159 die
866 4101 1018 4175 predictus
1038 4101 1135 4174 liquor
1159 4102 1344 4161 incessanter
1362 4115 1419 4174 pro·

318 4299 557 4352 ¹Ecircumscisa
638 4299 817 4359 ’soT.;0m.
831 4301 857 4348 in
871 4299 901 4350 E.
982 4298 1098 4350 'Mc
1186 4296 1417 4353 ⁴T.F„wlihilde.

285 4367 296 4398 ³
314 4368 342 4416 F..
355 4369 508 4432 patrimonio
519 4383 575 4418 suo.
640 4366 651 4396 ⁸
669 4367 699 4418 E.
712 4369 738 4416 in
750 4367 910 4430 singulisque
921 4381 1005 4417 uuam
