3052 4896
255 303 330 394 480
567 299 698 386 ΕΜ
724 292 914 400 ῑΰςῑῐῐῦᾶ
939 293 1091 400 ababa

256 517 364 558 uersus
388 508 451 558 est:
485 499 536 572 qui
566 499 694 555 filiorum
725 499 852 556 duorum
881 516 916 556 ac
947 509 1074 572 quatuor
1103 499 1232 558 filiarum
1266 499 1421 557 feliciter¹

256 588 397 661 exemplo
421 587 535 645 attracti
559 599 649 661 atque
673 586 881 644 exhortatione
903 588 1048 660 persuasi,
1064 589 1115 646 vni
1133 589 1266 645 filiorum
1288 605 1419 646 suorum
1508 591 1509 600 ’

258 675 370 732 Karolo
388 692 515 749 regnum
534 675 746 748 relinquentes,
760 691 887 748 peregre
904 691 960 748 pro
973 675 1094 733 Christo
1106 676 1322 732 uniuersorum
1342 693 1419 748 rege

256 773 285 820 et
308 762 431 819 domino
456 761 579 836 profecti
605 771 685 818 sunt.
730 761 886 834 Septimus
912 779 1015 834 regum
1049 763 1174 836 Pipinus
1205 764 1245 819 de
1271 763 1418 820 orientali

229 860 335 914 sterre
354 851 433 908 illius
453 851 548 924 plaga,
569 867 637 907 cum
657 867 752 906 vxore
776 849 883 906 illustri
909 849 1071 923 Margarita
1090 850 1300 924 proficiscitur.
1342 851 1419 907 Erat

257 947 356 994 autem
377 939 443 1011 ipse
465 955 520 995 rex
542 937 651 994 Vrsule
672 937 797 1010 virginis
817 936 1066 1010 consanguineus.
1103 939 1238 1009 Quatuor
1258 957 1339 996 sane
1363 939 1417 994 filii

257 1043 360 1084 eorum
380 1027 426 1083 et¹
446 1035 508 1084 tres
527 1025 586 1084 filie
605 1025 778 1098 religiosum
797 1042 899 1098 regem
918 1036 949 1081 et
967 1035 1093 1083 matrem
1112 1027 1251 1082 deuotam
1273 1027 1418 1100 reginam

256 1123 286 1170 et
305 1113 385 1186 piam
403 1131 472 1171 cum
491 1113 559 1170 filiis
577 1121 607 1170 et
625 1113 743 1170 filiabus
755 1113 894 1170 vndecim
909 1112 1012 1170 liberis
1030 1123 1203 1186 sequuntur,
1217 1129 1275 1186 pro
1288 1115 1418 1171 Christo

257 1219 328 1258 vero
347 1218 418 1274 rege
436 1200 667 1274 attemptantes¹
684 1201 792 1257 omnia
830 1199 962 1256 Octauus
983 1200 1115 1258 etenim’
1136 1218 1190 1258 rex
1216 1201 1418 1274 Odulphus⁴,
1508 1207 1509 1226 l

215 1301 245 1338 ¹0
258 1289 315 1346 iam
329 1289 398 1346 dicti
411 1288 492 1362 regis
505 1289 602 1361 Pipini
615 1288 702 1357 iilius,
715 1289 805 1344 homo
819 1287 1070 1360 religiosissimus,
1084 1307 1150 1345 cum
1164 1307 1259 1346 vxore
1274 1289 1417 1346 Dionisia

257 1377 383 1434 honesta
394 1376 481 1433 valde
494 1377 596 1450 regina
613 1386 642 1432 et
654 1375 796 1444 virtuosa,
810 1374 888 1448 patri
904 1384 935 1432 et
951 1377 1037 1432 matri
1053 1376 1211 1433 adiunctus
1227 1380 1329 1450 pergit
1343 1395 1416 1434 cum

257 1463 332 1532 illis;
353 1463 429 1520 filios
441 1481 513 1520 vero
528 1473 558 1519 et
575 1463 652 1520 filias
666 1479 769 1520 secum
782 1462 927 1518 ducentes
940 1462 1157 1536 omnibusque⁸
1169 1465 1275 1520 mundi
1289 1465 1418 1538 pompis

258 1551 517 1621 abrenunciantes,
543 1551 595 1607 leti
619 1551 775 1607 dominum
800 1559 974 1622 sequuntur.
1023 1551 1128 1608 Nonus
1152 1570 1275 1625 quoque
1302 1571 1414 1626 regum

258 1638 388 1696 Auitus‘
410 1639 540 1706 nomine,
561 1640 607 1695 vir
625 1637 711 1695 diues
731 1647 761 1694 et
782 1637 904 1710 probus,
921 1638 998 1695 filias
1017 1640 1092 1695 duas
1109 1649 1256 1712 sequutus
1274 1640 1417 1697 illustris·

216 1741 244 1792 ¹5
259 1726 352 1783 simas
372 1725 504 1798 virgines
527 1727 646 1782 beatam
671 1725 847 1783 Columbam
872 1734 902 1782 et
929 1743 1066 1782 sororem
1091 1726 1261 1784 Cordulam.
1301 1728 1416 1785 Sancta
1508 1759 1509 1776 ι

258 1813 389 1889 denique
410 1814 554 1872 Columba
576 1831 614 1871 ex
634 1831 761 1870 numero
781 1811 833 1869 suit
853 1813 1002 1886 virginum
1024 1814 1163 1871 vndeeim
1188 1815 1416 1889 principalium.

260 1901 436 1960 Auunculus
454 1911 593 1975 preterea
609 1910 672 1958 erat
685 1901 784 1958 Odilie
797 1901 928 1974 virginis,
942 1919 1001 1973 que
1013 1917 1072 1957 vna
1084 1911 1148 1958 erat
1160 1902 1315 1974 virginum
1329 1905 1416 1976 prin·

259 1991 408 2064 cipalium.
453 1989 596 2046 Decimus
614 2005 688 2046 sane
708 2005 812 2062 regum
831 1989 911 2046 erat¹
930 1987 1083 2056 Firanus'‚
1103 1989 1154 2062 qui
1175 1989 1271 2046 multa
1292 2008 1416 2047 morum

259 2079 406 2152 probitate
430 2077 569 2152 pollebat,
588 2085 618 2134 et
645 2076 692 2133 hic
720 2093 787 2133 curn
811 2093 906 2134 vxore
932 2075 1036 2133 Sibilia
1059 2077 1296 2134 illustrissimam
1321 2079 1415 2135 filiam

217 2181 248 2218 το
261 2166 396 2224 Sibiliam
410 2175 439 2224 et
456 2175 517 2222 tres
534 2164 612 2222 illius
625 2181 745 2222 sorores
762 2172 907 2237 sequutus
925 2173 971 2220 est
980 2165 998 2219 ⁸.
1036 2163 1175 2238 Denique
1192 2165 1282 2222 beata
1300 2166 1416 2230 sibilia,

261 2253 344 2327 virgo
365 2255 497 2326 prudens
516 2261 546 2309 ct
569 2253 694 2310 honesta
714 2252 811 2320 valde,
829 2251 868 2307 de
887 2250 1102 2324 principalibus
1121 2251 1175 2308 suit
1192 2253 1335 2310 vndecIm
1354 2253 1415 2310 vir-
1508 2273 1509 2286 ¹

260 2342 388 2416 ginibus,
401 2341 483 2398 mille
495 2340 628 2414 virgines
641 2341 820 2413 gubernans.
857 2339 1041 2396 Vndecimus
1057 2339 1206 2412 siquidem
1223 2359 1333 2414 regum
1350 2351 1414 2398 erat
1508 2339 1509 2358 ¹

260 2430 378 2486 inclitus
395 2446 449 2485 rex
466 2427 619 2485 Danorum
639 2427 791 2495 Refridus,
804 2427 854 2501 qui
874 2445 929 2500 per
941 2443 1065 2484 vxorem
1080 2427 1199 2484 Oliuam
1212 2430 1313 2485 adhuc
1328 2429 1414 2485 valde

259 2517 450 2574 iuuenculam
469 2533 642 2584 conuersus,
656 2515 738 2572 illam
758 2516 940 2588 sequebatur
947 2515 966 2585 ⁹,
979 2515 1106 2587 iungens
1125 2532 1160 2572 se
1179 2531 1338 2572 sacrarum
1354 2518 1413 2572 rir-

216 2615 246 2668 25
260 2605 363 2678 ginum
383 2603 470 2661 cetui.
510 2603 576 2660 llec
598 2604 704 2659 eadem
725 2603 813 2660 Oliua
835 2601 894 2658 iilia
915 2602 1000 2659 ducis
1022 2604 1060 2659 de
1081 2602 1225 2672 Saxonia,
1246 2604 1304 2660 viri
1330 2603 1413 2660 nobi·

261 2690 374 2760 lissimi‚
388 2691 473 2764 quasi
492 2691 558 2764 apis
578 2689 799 2747 studiosissima
818 2689 931 2759 circuit,
948 2707 1080 2763 querens
1100 2708 1177 2763 quos
1195 2693 1234 2748 ad
1255 2692 1411 2748 dominum

260 2787 425 2837 conuertat.
464 2779 527 2835 Nos
544 2795 618 2836 sane
636 2795 743 2834 omnes
757 2777 837 2849 [hos]
851 2795 939 2850 reges
952 2787 982 2833 et
995 2778 1123 2850 reginas,
1136 2778 1231 2835 duces
1244 2789 1275 2836 et
1289 2779 1413 2836 comites

260 2867 517 2940 subsequentes¹⁰,
529 2883 588 2922 non
598 2867 746 2922 audemus
755 2865 904 2922 affirmare
915 2865 1072 2938 legitimos,
1082 2866 1136 2921 sed
1150 2867 1281 2922 tamen¹¹
1296 2867 1413 2930 ammte,

261 2955 403 3030 potentia,
417 2954 536 3022 diuitiis,
551 2963 582 3012 et
600 2971 712 3027 genere
731 2953 853 3026 regibus
871 2952 1047 3026 comparari,
1062 2961 1092 3009 et
1110 2969 1217 3025 regum
1237 2953 1412 3010 nominibus
1508 2957 1509 2968 ¹

217 3065 249 3114 ³0
261 3043 415 3118 appellari.
462 3043 525 3098 Nos
556 3041 657 3115 itaque
692 3041 849 3099 veritatem
886 3039 1052 3113 diligentes,
1078 3057 1153 3112 pure
1184 3041 1324 3098 veritatis
1355 3052 1412 3098 tra-

261 3133 333 3188 mite
341 3132 362 3165 ¹²
382 3131 566 3198 incedentes,
588 3129 719 3186 reuelata
739 3129 907 3198 scribimus,
927 3127 1090 3185 salsitatis¹³
1108 3128 1301 3201 ambaginem
1328 3147 1411 3203 pror-

261 3237 313 3276 sus
326 3221 518 3276 detestantes.
555 3216 648 3274 Erant
661 3217 742 3274 enim
760 3217 843 3288 [tunc
856 3215 1013 3289 temporis]
1025 3217 1047 3249 ¹⁴
1059 3233 1164 3289 regum
1178 3233 1274 3289 regna
1288 3217 1413 3282 modica,
1508 3229 1509 3270 ὲ

262 3309 336 3365 sicut
356 3307 387 3363 in
405 3307 480 3363 libro
499 3321 604 3379 regum
623 3305 730 3377 legitur
747 3303 846 3377 quial*
858 3304 979 3376 triginta
990 3305 1050 3360 duo
1066 3321 1155 3376 reges
1174 3313 1281 3360 contra
1295 3315 1360 3362 tres
1376 3307 1412 3361 ad

261 3395 372 3452 bellum
390 3403 534 3450 venerant
552 3393 721 3466 preparati3
741 3391 813 3464 ιο[ει
832 3391 922 3449 etiam
941 3391 993 3448 lilii
1012 3409 1118 3466 regum
1137 3409 1237 3466 reges,
1254 3403 1285 3450 et
1303 3393 1412 3450 ducum

217 3498 247 3554 35
261 3485 364 3552 duces,
377 3490 407 3538 et
419 3482 561 3538 comitum
574 3479 699 3538 comites
712 3481 856 3554 appellari
867 3481 977 3552 solent]
991 3479 1022 3536 ¹⁸.

297 3614 322 3674 tl
342 3614 429 3684 Quod
445 3613 502 3670 sibi
521 3620 591 3669 sunt
604 3613 821 3668 concordantes
833 3611 864 3667 in
878 3612 933 3667 hac
946 3611 1084 3668 vndecim
1098 3610 1213 3667 milium
1226 3611 1381 3684 virginum

319 3701 511 3776 expeditione
525 3701 616 3756 irater
628 3699 714 3756 huius
729 3699 852 3756 historie
865 3697 1007 3767 notarius,
1017 3708 1046 3756 et
1060 3699 1181 3755 domina
1193 3697 1360 3756 Elizabetb

298 3804 343 3874 Vt
353 3815 525 3872 auctoritate
538 3814 662 3870 aliorum
675 3822 706 3869 et
718 3811 888 3870 testimonio
901 3822 1032 3868 nostram
1047 3820 1184 3868 tueamur
1190 3810 1211 3843 ¹⁷
1224 3813 1415 3884 parcitatem,

262 3904 386 3978 virginis
396 3902 507 3960 Christi
522 3901 675 3957 Elizabeth
688 3903 796 3958 deuote
809 3900 838 3955 in
851 3899 983 3957 medium
997 3899 1186 3973 proferemus
1199 3899 1417 3966 testimonium,

263 4003 293 4051 ct
318 3993 389 4065 quid
414 3990 465 4046 illa
488 3992 527 4046 de
551 3999 613 4046 tam
639 3989 811 4046 sublimium
834 4005 1034 4061 personarum
1058 3987 1277 4061 proiectione¹⁸
1306 3989 1414 4045 sentiat

297 4107 371 4155 ¹om.
385 4106 412 4154 in
424 4105 454 4154 B.
522 4101 796 4153 ¹B.contemnentes.
854 4101 911 4151 ⁸13.
924 4101 1007 4150 etiam.
1065 4100 1282 4164 ‘ansulphus
1340 4101 1415 4163 ⁵que

264 4189 315 4223 om.
327 4173 353 4220 in
365 4171 394 4220 B.
454 4169 622 4218 ⁴B.Auitus.
683 4167 865 4218 ²B.Siranus.
929 4166 1158 4216 ⁸B.secutisunt.
1225 4167 1414 4229 ’B.sequitur.

265 4240 283 4267 ¹⁰
302 4239 332 4287 B.
345 4243 490 4298 sequentes.
598 4235 616 4264 ¹¹
634 4234 663 4284 E.
677 4249 742 4284 cum.
848 4233 866 4263 ¹¹
879 4234 907 4283 E.
921 4233 1055 4282 tramitem.
1155 4231 1175 4260 ¹³
1192 4232 1222 4282 B.
1237 4233 1415 4295 falsitatisque.

264 4305 282 4335 ¹⁴
301 4319 349 4353 om.
363 4303 387 4351 in
402 4303 432 4351 E.
499 4301 518 4330 ¹⁵
529 4300 560 4351 B.
572 4301 648 4364 quod
716 4299 912 4349 ¹⁸-¹‘orn.inE.
977 4296 994 4327 ¹¹
1013 4299 1043 4348 B.
1058 4298 1282 4349 Et...tutamur.
1352 4301 1370 4330 ‘¹
1387 4299 1414 4349 Ε.

265 4369 434 4433 perfectione.
