3062 4888
121 308 348 376 asanaa]
398 289 550 386 mab.
568 291 1157 393 umnmootmtttmsttptt.
1197 309 1268 386 575

123 479 232 566 Incipit
249 495 308 551 vita
325 505 353 552 et
372 497 467 568 passio
485 513 550 552 cum
567 494 708 551 miraculis
727 493 816 551 sancti
836 493 980 549 Edmundi
999 491 1072 564 regis
1091 503 1120 549 et
1139 491 1270 560 martiris,

193 589 325 649 excerpta
346 581 383 635 de
403 579 524 634 cronicis
545 588 573 634 et
594 577 712 640 diuersis
736 577 860 633 historiis
879 595 928 633 seu
949 577 1085 648 legendis,
1107 577 1143 632 de
1170 576 1270 632 eodem

192 660 316 717 breuiter
326 673 355 718 et
368 663 421 718 sub
432 661 600 732 compendio
612 659 771 731 compilata.

414 810 465 863 Da
482 789 676 864 maruntha
693 817 802 862 senen
822 807 988 862 Enuurtor.

119 925 141 978 i.
154 924 207 978 Ex
215 925 343 979 cronicis.
437 925 493 978 Rat
517 923 660 994 quondam
685 923 713 977 in
739 921 861 978 saxonia
884 921 1000 993 quidam
1023 938 1071 976 rer
1093 921 1271 977 Allrmundus

471 1007 593 1073 nomine,
606 1022 726 1075 magnus
745 1005 859 1075 quidem
877 1005 986 1060 diuiciis
1004 1013 1033 1059 et
1051 1004 1178 1075 potencia
1195 1012 1223 1059 et
1241 1005 1270 1058 in

119 1089 198 1144 bello
210 1105 261 1160 per
272 1089 368 1144 omnia
381 1098 512 1145 strenuus
525 1099 553 1144 et
565 1089 738 1157 victoriosus,
747 1086 793 1158 qui
807 1087 936 1158 quamuis
948 1086 1075 1158 egregius
1087 1097 1115 1142 et
1127 1087 1228 1142 nobilis
1241 1087 1270 1141 in

119 1173 209 1242 regali
228 1171 406 1227 successione
424 1173 581 1240 haberetur,
601 1171 630 1225 in
649 1169 806 1225 cerimoniis
823 1179 918 1224 tamen
938 1169 1073 1225 catholice
1091 1169 1270 1241 professionis

120 1253 164 1309 sic
176 1254 326 1325 principari
338 1255 417 1310 nouit
432 1271 517 1324 super
532 1253 659 1308 homines
677 1262 708 1307 nt
726 1269 783 1307 non
802 1247 1011 1308 obliuisceretur
1029 1255 1141 1324 qualem
1160 1252 1270 1308 subice·
1283 1277 1297 1328 5

120 1335 234 1399 cionem
243 1337 359 1393 creatori
369 1353 419 1392 suo
428 1338 553 1403 deberet,
561 1345 603 1392 set
613 1337 708 1391 omnia
718 1352 771 1406 que
784 1336 822 1390 ad
834 1335 880 1392 dei
893 1338 998 1391 cultum
1010 1335 1187 1406 pertinebant
1195 1336 1271 1391 iuxta

119 1420 277 1474 humanam
286 1420 498 1488 possibilitatem
508 1419 660 1476 studiosius
669 1420 779 1488 agebat.
812 1419 945 1474 Habebat
957 1436 1078 1489 namque
1087 1418 1232 1488 coniugem
1242 1419 1271 1474 in

120 1503 324 1559 benediccione
336 1503 452 1558 seminis
460 1503 574 1558 Abrahe
587 1501 714 1571 reginam
726 1501 969 1573 pulcher[r]imam
982 1501 1011 1557 in
1023 1519 1145 1569 uxorem,
1157 1501 1271 1557 nomine

120 1586 267 1652 Siwaram,
290 1587 319 1641 in
343 1586 468 1641 moribus
492 1595 520 1640 et
545 1584 611 1639 fidei
631 1586 722 1640 calore
742 1582 796 1638 sibi
818 1584 1001 1639 consimilem.
1038 1585 1083 1638 Ex
1102 1584 1163 1640 istis
1190 1582 1272 1654 igitur

119 1669 264 1725 radicibus
275 1667 420 1740 v[i]rentes
436 1667 586 1724 ramusculi
603 1667 792 1737 procedebant
810 1675 839 1721 et
857 1683 909 1721 suo
926 1682 1005 1721 more
1021 1665 1093 1721 sicut
1111 1666 1198 1721 lilium
1217 1667 1270 1721 fra·
1285 1690 1315 1728 ro

119 1751 265 1821 granciam
290 1751 448 1807 sanctitatis
473 1750 663 1821 expandentes
688 1749 862 1820 pululabant,
881 1765 999 1819 quorum
1017 1749 1132 1820 quidam
1150 1748 1268 1804 terram¹

118 1834 225 1903 Anglie
248 1834 336 1902 signis
360 1843 388 1889 et
412 1832 555 1888 miraculis
585 1831 775 1903 multipliciter
806 1832 990 1886 illustrabant.
1039 1831 1163 1902 Contigit
1188 1831 1271 1901 igitur

118 1915 243 1973 eundem
265 1933 370 1986 regem,
393 1916 580 1987 premunitum
609 1925 704 1971 tamen
735 1916 763 1970 ln
793 1913 918 1985 sompnis
948 1915 984 1969 ab
1014 1915 1123 1984 angelo,
1147 1915 1270 1986 quodam

118 2008 248 2070 tempore
267 2017 363 2055 versus
382 2001 504 2054 Romam
525 2015 611 2054 causa
630 1997 792 2054 deuocionis
811 2007 838 2052 et
857 1996 995 2052 oracionis
1015 1996 1068 2052 iter
1091 1997 1220 2068 arripere,
1240 2007 1270 2054 et

118 2081 228 2137 ibidem
246 2092 361 2152 peracta
379 2083 525 2137 oblacione
543 2099 608 2137 cum
624 2080 746 2153 quadam
763 2089 893 2135 matrona
909 2080 1006 2150 spiritu
1023 2079 1173 2150 prophecie
1185 2081 1270 2136 deco·
1284 2101 1294 2138 r
1299 2103 1313 2154 5

118 2174 184 2220 rata
196 2166 389 2235 pernoctando
401 2183 482 2220 sacra
492 2164 682 2220 familiaritate
695 2163 837 2220 delectari.
866 2163 951 2217 Cuius
964 2163 1102 2233 colloquio
1115 2163 1182 2218 dum
1195 2163 1269 2219 idem

119 2265 170 2302 rex
181 2257 311 2315 uteretur,
324 2250 423 2317 globus
436 2246 534 2302 solaris
553 2249 581 2302 in
600 2257 720 2318 quatuor
731 2256 824 2318 partes
837 2247 991 2301 extendens
1002 2245 1096 2301 radios
1107 2247 1144 2301 de
1156 2257 1270 2316 pectore

119 2329 195 2401 regis
213 2331 288 2386 exire
305 2331 380 2386 dicte
397 2341 525 2385 matrone
543 2332 713 2401 apparebat:
733 2330 806 2385 vnde
825 2339 852 2384 et
871 2327 1048 2384 coniciebat'
1066 2329 1157 2400 ipsum
1175 2347 1270 2399 regem

120 2429 139 2468 a
151 2428 219 2467 vero
231 2414 291 2469 sole
303 2413 520 2482 sublimandum,
533 2415 577 2469 vel
591 2413 706 2485 stirpem
719 2411 854 2468 diuinitus
867 2411 1030 2482 insignitam
1041 2429 1060 2467 a
1072 2429 1122 2467 suo
1134 2412 1269 2482 sanguine

118 2513 315 2566 processuram
330 2505 358 2551 et
374 2497 499 2552 humana
516 2497 602 2551 corda
620 2496 649 2550 in
669 2496 772 2551 Christi
791 2513 916 2550 amorem
934 2495 1151 2566 circumquaque
1168 2512 1269 2551 accen·
1284 2508 1315 2546 πο

119 2595 224 2633 suram
269 2579 437 2635 Valedicens
462 2579 546 2648 igitur
569 2581 723 2635 reuerende
753 2589 880 2634 matrone
911 2578 1026 2633 domum
1056 2596 1184 2634 reuersus
1208 2589 1269 2634 est:

119 2661 272 2734 paucisque
295 2661 395 2717 diebus
419 2663 538 2717 euolutis
562 2661 660 2732 regina
683 2661 821 2732 concepit,
841 2671 870 2716 et
893 2677 1017 2732 congruo
1039 2670 1174 2732 tempore,
1194 2678 1270 2716 anno

118 2743 251 2799 videlicet
270 2744 308 2799 ab
329 2743 526 2800 incarnacione
543 2745 650 2800 domini
669 2745 838 2816 ococ⁰x1j⁰.‚
857 2744 886 2798 in
910 2745 1032 2816 quadam
1056 2745 1133 2815 regia
1157 2745 1270 2800 ciuitate

119 2826 242 2882 Saxonis
251 2843 306 2897 que
316 2829 344 2882 N
346 2828 542 2898 orhemberges
552 2839 735 2898 nuncupatur.
744 2826 850 2898 peperit
861 2827 1067 2882 filiumnomine
1077 2828 1269 2896 Edmundum,

118 2927 139 2963 a
148 2909 205 2964 deo
217 2910 385 2979 preelectum
402 2919 430 2965 et
444 2911 521 2965 omni
539 2908 687 2966 sanctitate
705 2911 930 2978 sublimandum
949 2911 1026 2981 quod
1040 2909 1154 2980 quidem
1165 2927 1269 2965 nomen
1283 2921 1314 2972 ²5

119 2991 230 3060 anglice
241 3000 269 3046 et
281 2991 367 3048 latine
379 2992 518 3062 significat
531 2993 657 3048 ‘felicem
669 3001 697 3049 et
709 2993 861 3047 mundum!
887 2994 989 3047 Postea
1000 3009 1067 3047 vero
1079 3002 1270 3048 succrescente

118 3083 195 3129 etate
207 3075 297 3143 magis
313 3092 348 3130 ac
364 3076 455 3146 magis
473 3075 503 3130 in
521 3075 566 3131 dei
585 3091 682 3130 amore
701 3075 871 3146 proficiebat,
883 3083 911 3129 et
930 3075 954 3129 ei
974 3076 1010 3130 de
1028 3076 1104 3130 bono
1123 3074 1151 3129 in
1169 3075 1270 3132 melius

118 3157 231 3228 placere
243 3157 391 3227 gestiebat.
462 3159 527 3214 Fuit
545 3169 640 3214 autem
655 3159 746 3214 forma
764 3157 921 3228 precipuus,
933 3173 1049 3228 corpore
1061 3167 1163 3223 castus,
1176 3167 1269 3214 mente

118 3240 248 3307 deuotus,
262 3241 400 3311 colloquio
412 3240 540 3308 affabilis,
552 3251 668 3311 aspectu
684 3241 822 3307 amabilis,
834 3239 987 3310 prudencia
1002 3239 1139 3310 egregius,
1152 3249 1180 3296 et
1197 3251 1270 3296 tem·

118 3323 254 3393 perancia
265 3323 362 3378 clarus.
393 3325 432 3378 Et
444 3322 511 3395 quia
522 3323 619 3379 diuina
631 3323 844 3394 dispensacione
856 3323 947 3393 agitur
959 3332 990 3378 ut
1003 3339 1074 3394 quos
1082 3333 1164 3378 vocat
1176 3324 1228 3378 hos
1240 3333 1268 3379 et
1282 3336 1315 3387 30

120 3405 269 3460 iustificat:
290 3405 346 3460 iam
359 3423 422 3461 eum
436 3406 464 3460 in
476 3406 553 3461 omni
565 3406 668 3462 virtute
680 3416 708 3461 et
721 3422 816 3462 amore
828 3405 980 3462 christiane
993 3405 1173 3476 professionis
1185 3407 1269 3461 talem

118 3488 230 3543 efficere
252 3489 347 3558 voluit,
372 3490 484 3560 qualem
508 3497 606 3560 postea
629 3505 679 3560 per
703 3488 849 3559 sanguinis
873 3487 915 3544 sui
939 3488 1106 3546 effusionem
1129 3489 1269 3560 suscipere

117 3572 313 3640 dignatusest.

131 3704 299 3775 Quamne
312 3717 450 3762 ELECTUS
464 3717 538 3760 FUIT
551 3717 591 3760 ΕΤ
603 3715 825 3760 CONSECRATUS
838 3717 873 3760 ΙΝ
886 3717 997 3761 REGEM
1012 3715 1257 3761 ESTANGLORUM.

119 3821 273 3892 Galsrr'dus
308 3821 380 3876 libro
416 3821 450 3876 de
486 3821 615 3893 abjunctis
650 3822 744 3875 sancti
783 3819 883 3946 PEr
912 3820 988 3875 idem
1017 3827 1128 3890 tempus
1153 3819 1268 3890 quidam

153 3903 311 3958 Edmundi.
867 3903 957 3958 sancti
966 3901 1110 3957 Edmundi
1123 3902 1268 3972 predeces-

117 4003 232 4042 surrex
251 3987 450 4057 Estanglorurn
467 3995 496 4042 et
514 3985 627 4042 nomine
646 3986 720 4053 Offa,
732 3985 819 4041 multo
837 3995 963 4055 tempore
981 3983 1042 4039 sine
1060 3984 1163 4039 herede
1180 3983 1268 4038 vitam
1282 3996 1313 4048 35

115 4068 286 4138 transigens,
296 4072 393 4124 crebra
403 4069 589 4124 meditacione
596 4068 740 4140 proposuit
749 4077 847 4124 sancta
854 4069 917 4122 loca
928 4065 1098 4122 lerosolimis
1107 4065 1228 4121 inuisere
1239 4077 1268 4122 et

115 4151 277 4222 sepulcrum
286 4151 389 4207 Christi
398 4152 524 4221 adorare,
532 4151 721 4223 heredemque
729 4152 767 4206 ab
775 4169 810 4206 eo
819 4149 1041 4206 secundumcius
1049 4160 1147 4206 nutum
1155 4147 1208 4204 sibi
1217 4147 1268 4203 im·

115 4243 236 4305 petrare.
258 4233 405 4305 Disposuit
418 4234 506 4290 eciam
520 4251 551 4290 se
563 4235 751 4306 profecturum
761 4233 1011 4305 perAlltmundum
1022 4243 1172 4302 cognatum
1185 4249 1267 4287 suurn

314 4351 322 4382 ¹
342 4354 397 4405 trs.
409 4354 512 4406 fimum.
804 4350 815 4383 '
833 4351 1070 4404 mansuetabat
