3054 4904
287 292 354 362 142
594 268 725 356 tanta
750 264 938 370 tenente
963 266 1116 372 uncta

282 477 329 526 est
344 467 539 526 lamfrancus
558 470 638 542 quod
656 486 728 526 vere
749 469 880 527 humana
897 470 1033 544 contagia
1051 469 1190 542 defleuit;
1209 481 1240 528 et
1260 470 1384 530 felicem
1403 491 1438 530 se

282 556 346 613 sore
359 557 434 614 dixit
451 556 476 613 si
489 565 557 630 post
570 565 698 614 mortem
712 556 790 614 illius
803 556 952 615 frueretur
963 558 1076 632 requie.
1113 558 1348 616 ¹Sextodecimo
1361 579 1437 618 vero

282 653 351 718 post
360 644 588 702 decollationem
598 645 678 701 illius
687 661 775 714 anno,
786 663 853 702 cum
864 662 974 719 corpus
984 647 1049 702 eius
1059 663 1077 702 a
1086 645 1214 719 capitulo
1224 648 1262 703 ad
1272 649 1436 706 ecclesiam

282 732 440 790 transferri
461 733 594 800 deberet,
613 731 737 790 omnino
757 732 916 805 integrum,
935 741 965 790 et
984 743 1073 807 caput
1092 734 1209 807 corpori
1228 735 1436 806 coniunctum,

254 831 435 892 srepertum
450 830 505 889 est,
524 819 608 877 filum
628 828 729 877 tamen
747 821 874 876 rubeum
892 819 978 894 quasi
997 838 1052 893 pro
1071 821 1275 878 decollationis
1295 823 1388 895 signo
1405 825 1435 880 in

282 907 358 964 collo
379 907 491 964 habuit.
528 907 796 965 Crebrescentibus
818 908 897 965 circa
915 925 1026 980 corpus
1047 909 1112 966 eius
1130 909 1290 978 miraculis,
1310 911 1435 984 quidam

281 996 448 1052 monachus
472 994 593 1052 natione
616 995 808 1052 Normannus
829 996 1007 1052 detractoria
1025 997 1118 1053 verba
1141 1005 1244 1054 contra
1264 999 1367 1054 virum
1388 1000 1435 1056 dei

281 1083 448 1158 proferens,
456 1093 486 1140 et
498 1085 536 1140 ab
549 1084 655 1140 abbate
668 1099 760 1156 super
772 1082 829 1139 hoc
841 1091 998 1157 correptus
1011 1085 1173 1157 pertinacia
1185 1103 1239 1142 sua
1252 1085 1436 1158 persistens,

282 1171 379 1228 subita
392 1171 559 1244 egritudine
572 1188 736 1244 percussus
749 1180 817 1244 post
829 1170 894 1228 dies
906 1189 1019 1244 paucos
1031 1171 1150 1229 interiit
1183 1173 1330 1246 Sequenti
1345 1187 1436 1231 nocte

239 1276 350 1316 iocum
369 1259 449 1316 idem
467 1260 560 1316 abbas
572 1260 611 1315 de
625 1258 682 1315 hiis
699 1268 729 1315 et
745 1258 810 1316 aliis
827 1259 857 1315 in
872 1258 948 1316 lecto
961 1269 1108 1328 tractaret,
1121 1278 1250 1334 sompno
1265 1275 1437 1334 oppressus

280 1346 354 1403 vidit
373 1356 509 1403 sanctum
524 1346 765 1403 Bartholomeum
784 1347 952 1419 apostolum
972 1356 1001 1404 et
1018 1347 1196 1406 Guthlacum
1216 1349 1436 1418 consessorem,

281 1434 356 1490 albis
387 1434 621 1492 sacerdotalibus
644 1433 774 1503 indutos
797 1435 835 1490 ad
860 1435 977 1491 comitis
1001 1435 1148 1492 tumulum
1173 1435 1373 1494 assistentes:
1406 1447 1436 1494 et

281 1521 403 1595 erigens
421 1523 574 1595 apostolus
592 1531 681 1595 caput
699 1521 815 1579 comitis
834 1521 951 1596 corpori
968 1523 1212 1596 redintegratum,
1224 1523 1316 1580 dixit:
1337 1525 1436 1582 ‘Ace-

281 1609 388 1682 phalus
411 1627 471 1666 non
494 1615 571 1680 est³3
601 1609 648 1667 cui
673 1619 796 1666 sanctus
818 1609 991 1680 Guthlacus,
1011 1611 1062 1684 qui
1082 1612 1120 1667 ad
1140 1612 1235 1684 pedes
1257 1611 1364 1680 stabat,
1387 1631 1436 1669 re-

237 1717 267 1768 15
281 1697 419 1769 spondit:
440 1698 566 1755 ‘Comes
579 1698 626 1754 hic
640 1697 710 1765 suit‚’
723 1697 877 1770 apostolus
894 1707 994 1755 autem
1007 1698 1158 1771 inceptum
1170 1715 1292 1756 versum
1305 1699 1436 1772 perfecit

280 1784 401 1842 dicens:
423 1786 479 1843 ‘At
496 1786 585 1842 modo
602 1803 657 1842 rex
675 1787 738 1842 est!
777 1785 835 1843 Hic
851 1803 1033 1858 perannum
1046 1785 1202 1843 Wintonie
1212 1785 1435 1874 incarceratus,

280 1873 443 1930 commissa
455 1891 510 1931 sua
519 1873 650 1943 defleuit,
659 1873 833 1946 psalterium
843 1874 974 1946 quotidie
984 1873 1059 1930 dixit
1068 1883 1097 1931 et
1107 1876 1143 1931 ad
1154 1875 1245 1930 deum
1255 1883 1317 1931 tota
1327 1885 1436 1933 mente

280 1979 314 2018 se
327 1961 481 2030 conuertit,
494 1971 524 2018 et
536 1961 632 2035 pridie
646 1961 702 2018 kal.
713 1961 790 2017 lunii
799 1961 957 2034 capitalem
970 1962 1149 2019 sententiam
1162 1961 1261 2034 subiit.
1292 1961 1327 2017 ln
1344 1964 1435 2021 cuius

279 2049 475 2106 decollatione
493 2049 616 2122 contigit
634 2050 713 2122 quod
733 2067 800 2106 cum
821 2048 908 2106 {lexis
927 2049 1063 2122 genibus,
1077 2049 1170 2106 oculis
1189 2067 1223 2106 ac
1242 2049 1383 2106 manibus
1403 2051 1435 2108 in

236 2158 266 2194 ao
279 2137 378 2194 celum
395 2137 527 2206 intentis,
540 2137 704 2194 orationem
717 2135 898 2194 dominicam
915 2137 1086 2210 incepisset,
1099 2138 1154 2194 sed
1170 2137 1324 2194 nimietate
1340 2137 1435 2196 iletus

279 2242 314 2282 ac
326 2225 475 2298 singultus
487 2242 593 2282 vocem
606 2225 671 2282 eius
685 2224 943 2297 intermmpente¹
959 2224 1057 2297 ipsam
1075 2224 1225 2298 complere
1241 2241 1300 2280 non
1315 2237 1434 2298 posset,

279 2322 347 2386 post
360 2313 466 2386 capitis
478 2313 713 2386 amputationem
726 2312 840 2369 cunctis
853 2312 1042 2370 audientibus
1055 2313 1135 2370 clara
1147 2322 1177 2369 et
1189 2311 1343 2368 articulata
1355 2331 1434 2371 voce

279 2402 407 2458 eandem
418 2401 580 2474 compleuit
591 2400 713 2458 dicens:
734 2399 812 2457 ‘Sed
826 2400 919 2457 libera
932 2417 988 2456 nos
1000 2399 1106 2457 amalo
1115 2401 1221 2456 amen!
1253 2399 1345 2456 Cuius
1353 2418 1436 2458 vxor

281 2487 426 2559 luditha³,
438 2506 498 2562 que
511 2506 580 2545 eum
593 2489 672 2561 apud
688 2505 791 2561 regem
809 2496 1009 2558 accusauerat,
1023 2487 1188 2560 penitentia
1206 2489 1327 2544 tandem
1341 2489 1435 2547 ducta

235 2595 265 2646 ²5
279 2593 412 2649 pannum
425 2578 554 2634 sericum
568 2593 662 2650 super
674 2575 738 2632 eius
750 2576 897 2634 tumulum
910 2574 1029 2632 obtulit:
1050 2575 1104 2632 sed
1115 2575 1221 2631 virtute
1234 2574 1337 2632 diuina
1348 2577 1436 2635 velut

278 2664 360 2722 venti
373 2663 561 2722 vehementis
573 2663 704 2738 impulsu
717 2663 797 2722 idem
810 2681 929 2737 pannus
942 2661 1060 2735 longius
1073 2662 1224 2738 proiectus
1237 2671 1293 2720 est.

749 2909 774 2972 il
792 2907 956 2966 Narrab’o‘.

317 3033 384 3103 Illis
402 3045 493 3103 etiam
512 3043 628 3114 diebus,
646 3051 790 3117 regnante
808 3042 840 3099 in
855 3043 964 3117 Augila
977 3042 1133 3100 WilleImo
1148 3044 1365 3119 Conquestore,
1377 3047 1432 3106 vix

278 3144 341 3191 erat
355 3135 385 3191 in
393 3132 504 3207 Anglia
516 3133 658 3207 princeps
672 3131 815 3204 anglicus,
825 3131 926 3200 immo,
934 3131 1042 3205 Anglis
1055 3133 1086 3188 in
1100 3134 1275 3190 seruitutem
1290 3135 1432 3206 redactis,

277 3221 472 3294 obprobrium
485 3228 549 3277 erat
560 3219 661 3278 vocari
673 3219 815 3292 anglicus.
853 3219 936 3276 Deus
949 3219 1029 3276 enim
1044 3221 1081 3276 ad
1095 3220 1306 3278 exterminium
1314 3221 1432 3296 Anglo-

233 3328 265 3378 30
278 3327 354 3378 rum,
367 3308 498 3382 peccatis
516 3326 619 3365 eorum
633 3308 832 3380 exigentibus,
845 3306 1108 3380 preordinauerat³
1120 3308 1263 3382 populum
1276 3308 1434 3368 ferocem⁸

277 3405 307 3453 et
317 3399 445 3470 quadam
455 3395 561 3453 seuitie
574 3395 734 3468 singularis
747 3395 937 3468 prerogatiua
946 3395 1312 3470 preminentem,quomm
1323 3409 1432 3457 natura

277 3492 324 3540 est
339 3483 393 3556 [vt]
407 3499 476 3540 cum
495 3483 598 3540 hostes
619 3483 714 3556 [suos]
734 3483 948 3556 depresserint,
963 3481 1021 3556 ipsi
1039 3499 1072 3539 se
1089 3483 1258 3556 deprimant
1275 3495 1305 3542 et
1324 3502 1380 3542 sua
1398 3486 1430 3544 in

276 3571 452 3645 pauperiem
471 3571 615 3643 redigant
653 3571 688 3627 In
707 3571 817 3644 Anglia
837 3570 925 3643 igitur
944 3570 1053 3628 iniusta
1071 3571 1227 3628 thelonea⁷
1246 3581 1276 3628 et
1295 3573 1431 3646 pessime

277 3659 510 3718 consuetudines
540 3658 599 3716 illis
625 3659 732 3716 diebus
759 3658 959 3731 pullularunt;
999 3658 1151 3732 principes
1181 3676 1287 3716 omnes
1308 3661 1375 3718 auri
1399 3673 1432 3720 et

231 3763 262 3814 35
277 3747 392 3822 argenti
411 3746 571 3820 cupiditate
589 3747 681 3803 cecati
698 3747 773 3803 adeo
789 3755 882 3814 erant,
895 3755 926 3804 vt
938 3756 1049 3819 quanto
1063 3747 1158 3820 magis
1174 3749 1213 3804 de
1229 3757 1312 3804 recto
1325 3749 1431 3823 loque-

277 3838 393 3904 bantur,
410 3834 506 3892 maior
519 3834 608 3892 fiebat
625 3833 739 3891 iniuria.
777 3833 835 3904 Qui
855 3833 1007 3891 iusticiarii
1023 3835 1213 3904 vocabantur,
1232 3844 1322 3908 caput
1343 3847 1430 3895 erant

277 3925 395 3981 omnis⁸
419 3923 571 3980 iniustitie.
615 3921 826 3979 Vice-comites
844 3931 874 3979 et
892 3921 1045 3996 prepositi,
1063 3939 1191 3996 quorum
1211 3931 1275 3979 erat
1295 3923 1429 3981 officium

309 4065 319 4096 ¹
336 4066 374 4116 cf.
393 4065 455 4116 Vita
473 4065 601 4126 Waldevi,
621 4063 736 4124 Comitis,
755 4063 796 4115 ed.
817 4061 919 4127 nichel,
940 4063 1036 4113 Chron.
1058 4061 1323 4125 Angla-Nomandes
1344 4064 1379 4126 11,
1395 4081 1430 4128 99

277 4131 340 4195 (and
360 4132 439 4196 Giles‚
460 4131 520 4182 Vita
542 4131 702 4194 quorundam
720 4129 943 4196 Anglospxonum
954 4130 1027 4178 Caxt.
1043 4129 1123 4192 Soc).
1277 4127 1335 4180 ¹1¹„
1349 4131 1428 4180 inter·
1518 4143 1519 4162 i

275 4206 402 4260 rumpent.
535 4197 546 4226 ⁸
563 4197 593 4247 E.
605 4196 711 4246 inditha.
850 4194 860 4224 ⁴
876 4195 915 4246 Cf.
927 4195 989 4244 Chr.
1004 4195 1130 4245 Bromton
1141 4194 1232 4257 980-1.
1372 4196 1383 4226 ⁸
1398 4196 1429 4247 Ε.

276 4265 497 4326 perordinnuerut¹
629 4260 640 4291 ⁸
656 4261 699 4312 Bt.
713 4263 778 4312 adds
791 4260 1016 4322 Normannomm3
1032 4275 1081 4311 ona
1096 4267 1131 4310 et
1230 4257 1240 4286 '
1258 4258 1288 4309 E.
1300 4261 1425 4313 thelonia.
1518 4267 1519 4282 ¹

275 4329 285 4356 ¹
302 4329 332 4378 E.
345 4345 444 4381 omnes.
