3044 4894
281 263 302 336 8
597 261 727 348 nauta
752 259 942 364 launna
966 257 1118 365 ancta

282 461 402 519 monitis
415 481 432 519 a
444 462 528 535 lapsu
542 463 760 536 desperationis
770 463 896 536 erigere,
906 463 1027 521 dicens:
1047 462 1141 533 ‘Noli,
1152 461 1253 534 inquit,
1262 460 1305 518 fili
1317 461 1450 519 charis-

283 551 367 618 sime,
387 552 425 608 de
447 551 557 608 Christi
573 550 704 608 bonitate
721 551 876 608 diffideret
895 551 921 607 si
941 550 1081 608 dominus
1099 550 1150 606 tibi
1169 552 1207 606 ad
1226 559 1346 622 tempus
1363 552 1451 606 abs·

283 638 348 694 tulit
362 639 558 696 substantiam
571 639 776 712 temporalem,
786 647 880 694 totum
893 639 948 694 hoc
961 638 1014 694 tibi
1023 639 1133 696 cedere
1144 637 1231 695 faciet
1243 639 1281 693 ad
1294 636 1451 694 salutem.

284 726 410 783 Celestis
431 728 572 798 equidem
592 726 727 783 medicus
749 743 809 782 non
830 743 952 799 semper
973 726 1085 796 dulces,
1098 727 1152 782 sed
1171 742 1289 782 amaras
1307 726 1452 799 porrigit

256 813 429 886 5p0tiones.
473 813 507 870 Si
525 824 554 870 te
574 813 714 886 corripuit
732 815 880 884 dominus,
896 814 1012 872 sustine
1030 813 1187 887 patienter.
1223 812 1360 870 Viriliter
1378 831 1449 886 age

285 910 314 958 et
327 900 510 958 confortetur
522 919 574 958 cor
586 911 686 959 tuum:
707 902 804 959 bonus
817 910 863 958 est
872 902 1011 958 dominus
1024 901 1214 974 sperantibus
1226 901 1308 957 inse.
1346 900 1450 958 Scias

285 989 354 1061 quia
366 989 449 1045 oraui
461 1007 517 1062 pro
530 998 558 1046 te
570 1009 577 1047 :
597 998 627 1046 et
639 990 670 1045 in
682 989 821 1062 proximo
833 989 921 1046 faciet
933 989 1074 1046 dominus
1086 989 1124 1046 de
1137 988 1394 1062 persequentibus
1411 999 1449 1045 te

286 1076 444 1148 iudicium;
465 1094 526 1133 non
552 1077 582 1133 in
608 1094 678 1134 arcu
700 1095 756 1134 nec
784 1076 815 1132 in
838 1077 945 1150 gladio,
967 1078 1022 1134 sed
1046 1076 1077 1133 in
1102 1077 1151 1133 dei
1169 1077 1287 1146 virtute,
1313 1093 1379 1132 non
1409 1076 1449 1132 in

286 1165 445 1221 sudoribus
457 1163 580 1234 bellicis,
593 1166 647 1220 sed
661 1165 692 1220 in
705 1162 855 1220 lachrimis
872 1174 902 1221 et
915 1163 1098 1222 orationibus
1111 1165 1187 1221 meis
1199 1181 1275 1237 quas
1287 1163 1339 1220 tibi
1351 1181 1449 1220 com-

243 1271 273 1306 10
285 1252 427 1324 patiendo
435 1251 465 1309 in
479 1253 572 1309 oculis
579 1251 714 1308 altissimi
723 1251 825 1322 effudi,
833 1252 875 1308 tui
885 1252 971 1324 regni
983 1251 1090 1309 solium
1100 1261 1130 1308 et
1142 1252 1267 1324 gloriam
1276 1251 1450 1309 obtinebis.

288 1337 432 1395 Morietur
449 1338 481 1395 in
502 1339 640 1412 proximo
657 1339 708 1411 qui
729 1348 759 1396 te
781 1341 980 1412 persequitur,
995 1347 1025 1397 et
1047 1339 1188 1412 superbia
1208 1356 1313 1396 eorum
1332 1339 1388 1411 qui
1412 1349 1449 1396 te

287 1427 414 1483 oderunt
426 1427 464 1482 ad
476 1427 602 1483 nihilum
610 1427 758 1497 deueniet,
769 1436 911 1500 tanquam
921 1443 998 1499 aqua
1010 1429 1182 1484 decurrens
1219 1427 1265 1482 Tu
1275 1443 1358 1494 vero,
1367 1444 1449 1483 cum

287 1513 338 1570 tibi
364 1512 545 1571 benefecerit
568 1515 652 1584 deus,
677 1514 737 1570 noli
761 1531 829 1572 esse
860 1515 1010 1588 ingratus!
1082 1503 1358 1587 Appropinquante
1391 1515 1450 1574 die

288 1601 385 1658 obitus
403 1602 458 1670 sui,
471 1610 576 1659 vocato
593 1601 763 1658 Bertelino¹
776 1604 815 1660 de
827 1619 887 1675 quo
905 1601 1089 1658 mentionem
1106 1609 1177 1658 ante
1195 1601 1330 1668 fecimus,
1343 1601 1447 1660 dixit:

245 1707 274 1758 15
288 1689 354 1745 ‘Ad
368 1690 502 1746 laborum
513 1706 657 1758 meorum,
670 1688 721 1758 fili,
732 1689 879 1762 stipendia
886 1692 963 1747 vado
974 1709 981 1760 ;
1002 1690 1115 1746 bonum
1126 1697 1173 1746 est
1185 1689 1258 1745 mihi
1270 1689 1399 1746 dissolui
1414 1702 1450 1748 et

289 1793 358 1833 esse
370 1794 438 1833 cum
452 1776 588 1834 Christo!
626 1777 664 1833 Et
677 1787 744 1850 post
760 1778 852 1834 multa
864 1778 957 1834 verba
968 1777 1095 1834 iniunxit
1113 1777 1140 1834 ei
1153 1785 1185 1834 vt
1197 1793 1333 1834 sororem
1350 1793 1448 1836 suam

292 1864 422 1937 Pegam²
434 1864 626 1922 affectuosius
644 1865 806 1934 salutaret3
824 1874 854 1922 et
872 1865 996 1922 adiecit:
1017 1864 1177 1936 ‘Rogabis
1190 1864 1294 1938 inquit,
1307 1865 1395 1922 illam
1411 1877 1448 1922 vt

290 1969 399 2025 corpus
418 1969 519 2008 meum
539 1953 671 2026 sepeliat
710 1953 782 2010 Ideo
795 1953 877 2009 enirn
890 1953 981 2008 vitaui
998 1962 1153 2025 aspectum
1167 1951 1233 2009 eius
1251 1952 1283 2009 in
1299 1953 1354 2008 hac
1367 1954 1448 2022 vita,

290 2049 321 2096 vt
333 2040 364 2096 in
377 2048 482 2096 eterna
494 2057 550 2097 nos
564 2041 692 2098 inuicem
704 2041 878 2098 videamus!
917 2039 954 2095 Et
966 2039 1006 2096 ait
1025 2041 1063 2096 ad
1082 2056 1151 2098 eum
1170 2040 1336 2112 discipulus
1350 2041 1447 2100 eius:

246 2145 277 2182 ιο
291 2128 423 2184 ‘Adiuro
435 2137 474 2198 te,
487 2127 590 2201 inquit,
604 2138 699 2202 pater,
713 2145 768 2201 per
780 2127 1016 2184 misericordiam
1030 2127 1150 2195 Christi,
1164 2137 1195 2184 vt
1213 2127 1286 2184 mihi
1303 2129 1449 2200 apertius

292 2217 427 2272 reuelare
446 2215 578 2288 digneris
590 2216 662 2287 quid
683 2215 721 2271 sit
738 2217 818 2287 quod
839 2233 858 2272 a
879 2215 976 2287 prima
997 2215 1216 2271 cohabitatione
1228 2232 1319 2288 quam
1339 2224 1449 2274 tecum

292 2302 390 2372 habui,
416 2302 542 2374 singulis
566 2303 672 2360 diebus
703 2319 792 2358 mane
819 2310 850 2358 et
874 2295 1001 2375 v'espere
1026 2311 1055 2358 te
1080 2319 1148 2358 cum
1174 2302 1232 2359 alio
1257 2302 1449 2376 loquentem,

294 2400 475 2462 mutuosque
500 2406 657 2446 sermones
681 2389 789 2456 audiui,
809 2397 839 2446 et
863 2407 931 2446 cum
952 2406 1012 2462 quo
1033 2391 1125 2446 verba
1147 2388 1264 2447 faceres
1287 2390 1450 2463 ignoraui!

292 2481 299 2509 ‘
311 2477 416 2545 instat,
429 2477 525 2549 inquit
543 2477 601 2546 ille,
614 2476 656 2533 fili
670 2476 856 2546 charissime,
870 2476 1053 2534 nouissimus
1071 2477 1144 2534 mihi
1163 2477 1237 2547 dies,
1250 2494 1306 2536 nec
1319 2481 1451 2538 mentiri

248 2585 277 2635 ²5
294 2564 424 2636 expedit,
437 2565 489 2637 qui
509 2582 528 2621 a
551 2564 650 2638 prima
668 2564 866 2622 conuersione
884 2581 954 2622 mea
973 2581 1064 2621 omne
1082 2565 1267 2621 mendatium
1283 2565 1450 2626 declinaui.

295 2652 381 2709 Scias
394 2661 513 2709 autem:
533 2671 572 2710 ex
585 2670 644 2725 quo
657 2654 694 2709 ad
708 2652 784 2709 hanc
803 2652 959 2709 heremum
972 2669 1022 2708 me
1034 2651 1154 2722 contuli,
1167 2669 1290 2725 semper
1308 2669 1402 2711 mane
1418 2667 1451 2714 et

295 2756 424 2812 vespere
436 2740 575 2813 angelum
589 2758 656 2798 mee
666 2740 877 2797 consolationis
886 2739 984 2808 habui,
992 2739 1044 2812 qui
1053 2741 1171 2808 labores
1184 2751 1214 2797 et
1228 2741 1450 2813 temptationes

294 2843 378 2884 meas
393 2827 495 2884 celesti
514 2828 620 2885 solatio
638 2828 798 2886 releuabat.
836 2827 1012 2885 Predicebat
1030 2827 1137 2898 futura,
1149 2828 1374 2884 demonstrabat
1393 2834 1452 2889 ab·

295 2915 413 2986 sentia;
433 2925 463 2972 et
482 2917 613 2973 archana
632 2916 763 2985 celestia,
780 2933 840 2989 que
864 2933 920 2972 nec
942 2916 1010 2972 licet
1035 2933 1091 2974 nec
1113 2915 1236 2987 expedit
1258 2915 1331 2972 mihi
1350 2917 1451 2992 loqui,

248 3023 280 3072 30
296 3002 402 3060 celitus
415 3003 572 3060 indicabat.
611 3003 676 3060 Hec
689 3014 797 3074 autem,
811 3003 861 3074 fili,
875 3005 931 3060 sub
944 3003 1064 3061 silentio
1082 3002 1195 3070 claude,
1209 3020 1264 3059 nec
1279 3011 1450 3077 attemptes

295 3109 332 3148 ea
345 3090 503 3163 cuiquam³
515 3090 694 3160 mortalium,
708 3091 767 3148 nisi
784 3089 880 3148 sorori
894 3107 962 3148 mee
976 3091 1057 3164 Pege
1070 3099 1101 3147 et
1113 3090 1246 3163 Egberto
1259 3091 1448 3166 anachorite,

295 3179 358 3234 vllo
376 3195 508 3251 unquam
530 3188 667 3252 tempore
687 3179 838 3236 reuelare!
886 3179 961 3235 Cum
984 3179 1039 3234 hec
1059 3186 1088 3235 et
1113 3177 1170 3234 alia
1191 3178 1286 3234 multa
1307 3179 1448 3252 dixisset,

295 3274 378 3321 tanta
396 3267 434 3322 de
451 3283 503 3322 ore
516 3266 612 3339 ipsius
625 3266 725 3323 odoris
738 3267 871 3323 suauitas
884 3267 1021 3335 exalauit,
1030 3284 1065 3323 ac
1075 3266 1101 3322 si
1114 3264 1220 3337 aliquis
1233 3265 1325 3322 flores
1337 3283 1449 3328 roseos

298 3352 460 3426 sparsisset
482 3363 532 3409 aut
551 3354 718 3410 balsamum
737 3353 900 3410 effudisset
936 3355 966 3410 A
985 3353 1083 3410 media
1102 3371 1222 3426 quoque
1239 3363 1328 3410 nocte
1346 3371 1449 3429 vsque

250 3461 280 3511 35
298 3442 336 3496 ad
363 3458 501 3496 auroram
526 3450 618 3498 totam
643 3442 766 3497 domum
786 3443 898 3498 candor
916 3441 991 3500 lucis
1009 3441 1217 3498 inestimabilis
1238 3441 1449 3504 circumfulsit

297 3528 422 3585 Oriente
434 3545 507 3584 vero
525 3529 600 3596 luce,
614 3528 683 3584 dicit
702 3530 739 3585 ad
752 3529 931 3602 discipulum
945 3547 1032 3586 suum
1047 3529 1272 3586 Berthelinum:
1293 3529 1450 3604 ‘Tempus

297 3625 352 3681 est,
362 3615 468 3688 inquit,
476 3615 527 3687 lili,
535 3625 567 3672 vt
579 3617 617 3673 ad
630 3615 783 3673 Christum
792 3619 962 3674 transeam!
1001 3616 1039 3673 Et
1046 3616 1182 3674 extensis
1189 3618 1227 3674 ad
1240 3617 1337 3675 celum
1348 3622 1449 3680 oculis

297 3712 327 3760 et
346 3703 494 3772 manibus,
507 3703 594 3760 tertio
612 3703 680 3761 idus
699 3705 811 3777 aprilis,
831 3703 1012 3761 obdormiuit
1029 3705 1060 3761 in
1080 3705 1209 3761 domino.
1245 3704 1326 3762 Vidit
1342 3715 1449 3767 autem

297 3791 389 3848 frater
407 3791 457 3848 ille
476 3791 668 3850 Berthelinus
681 3792 766 3866 quasi
781 3783 891 3849 'turrim
910 3793 1028 3866 igneam
1047 3809 1065 3848 a
1083 3799 1164 3848 terra
1175 3810 1270 3864 vsque
1289 3794 1327 3849 ad
1345 3796 1448 3854 celum

250 3903 282 3949 40
297 3889 438 3948 erectam,
452 3880 536 3936 cuius
550 3888 631 3937 tanta
644 3880 762 3938 claritas
774 3890 847 3950 erat,
860 3881 940 3953 quod
959 3879 990 3936 in
1009 3880 1231 3953 comparatione
1244 3880 1324 3937 illius
1337 3883 1449 3944 solaris

296 3969 441 4041 splendor
450 3967 515 4024 luce
522 3967 573 4025 illa
580 3967 702 4024 inferior
714 3969 905 4041 pallescebat.
941 3967 1076 4026 Veniens
1089 3985 1161 4041 ergo
1173 3969 1211 4025 ad
1222 3967 1353 4024 insulam
1363 3969 1450 4045 Pega

297 4072 382 4112 soror
403 4057 458 4111 vin'
477 4055 526 4113 dei
546 4057 636 4113 sentit
658 4065 749 4114 totam
769 4055 981 4112 habitationem
1000 4072 1092 4129 supra
1110 4073 1232 4112 omnem
1251 4055 1449 4129 fragrantiam

298 4153 465 4200 aromatum
479 4145 626 4200 suauitate
638 4142 913 4216 incomparabiliter
924 4144 1129 4200 redolentem:
1148 4144 1326 4217 sepultoque
1339 4157 1447 4205 sancto

300 4230 447 4288 Guthlaco
465 4231 495 4287 in
508 4231 574 4288 eius
590 4231 727 4302 oratorio,
740 4233 778 4288 ad
791 4231 915 4305 propria
927 4231 1080 4289 remeauit.
1151 4219 1307 4288 Vicesimo
1319 4238 1449 4305 quarto⁴

331 4327 386 4376 ¹T.
400 4327 540 4378 beccelino.
589 4327 758 4394 ‘apagam
808 4327 864 4394 ’,Β
874 4330 974 4392 cuique.
1021 4329 1079 4380 ‘In
1092 4329 1165 4378 Felix
1175 4329 1210 4379 he
1222 4329 1309 4380 leaves
1321 4329 1360 4380 off
1367 4338 1394 4380 at
1405 4347 1449 4394 24.
