3036 4878
268 269 342 360 656
701 263 903 367 duumuir
931 268 983 344 11.

268 465 389 521 martiris
412 465 559 534 edicasset,
581 467 635 523 bac
656 478 785 523 sanctum
808 469 988 539 Botulphum,
1010 468 1075 524 illae
1098 477 1229 524 sanctum
1257 471 1442 529 Iurminum.

268 547 417 620 medioque
437 549 567 620 reliquias
591 551 679 606 sancti
701 553 812 608 Thome
835 562 863 607 et
888 551 1006 606 aliorum
1032 552 1237 622 quamplurium
1261 553 1383 608 auratis
1409 567 1440 606 er

268 633 417 701 gemmatis
440 632 548 688 feretris
572 635 697 704 preclare
725 635 909 689 collacasset:
940 645 1068 704 egrotare
1097 633 1176 704 cepit.
1216 635 1315 690 Nocte
1344 635 1440 704 igitur

269 715 390 784 quadam
412 715 571 771 dominimli
593 717 692 772 morbo
711 716 941 786 ingrauescente:
970 716 1078 772 visione
1098 716 1261 771 dulcissima
1281 717 1367 772 visus
1393 727 1437 772 est

241 807 255 858 s
269 796 321 853 sibi
338 797 468 854 dominus
484 799 581 854 ihesus
594 799 730 864 Christus,
744 799 913 855 Edmundus
929 817 1039 870 quoque
1052 816 1115 854 cum
1127 799 1249 864 Thema,
1264 801 1438 870 Botulphus

268 881 358 936 eciam
382 899 445 936 cum
470 881 592 936 lurmino
617 892 645 936 et
677 882 825 948 Nicholao,
849 882 1081 952 appropinquare,
1105 881 1152 952 qui
1176 879 1260 936 eum¹
1287 882 1438 936 melliflua

268 963 438 1019 allocucione
462 961 665 1034 alloquuntur¹.
704 965 832 1020 Tandem
857 964 988 1019 aiebant:
1022 965 1163 1030 ‘Adorua,
1189 964 1304 1030 dilecte,
1331 965 1436 1018 thala·

269 1063 346 1102 mum
368 1047 459 1102 cordis
477 1048 516 1102 tui
535 1058 562 1103 et
581 1047 645 1101 veni
664 1047 701 1102 ad
722 1064 782 1102 nos.
820 1047 895 1116 Quid
915 1045 1047 1101 ulterius?
1076 1045 1170 1101 venies
1188 1046 1225 1100 ad
1245 1045 1382 1116 requiem
1406 1059 1436 1100 et

269 1131 387 1198 gloriam
409 1129 553 1185 eternam!
591 1131 679 1184 Facta
701 1129 784 1199 igitur
805 1138 863 1184 tam
885 1138 985 1184 sancta
1007 1129 1121 1196 visione,
1141 1145 1206 1182 mox
1226 1129 1436 1182 consessorem

227 1231 258 1267 ro
270 1213 324 1268 sibi
342 1212 470 1268 accersiri
490 1212 586 1279 iussit;
606 1211 649 1266 cui
667 1228 730 1266 cum
745 1213 798 1266 hec
809 1211 956 1278 retulisset,
969 1221 998 1265 et
1012 1212 1087 1266 iacta
1104 1209 1278 1266 confessione
1298 1211 1435 1264 domini-

270 1312 334 1350 cum
352 1312 453 1366 eorpus
471 1295 653 1365 percepisset:
673 1295 727 1349 deo
745 1303 773 1350 et
792 1295 873 1350 beate
893 1294 985 1349 Marie
1002 1303 1155 1364 sanctoque
1173 1291 1331 1347 Edmundo
1350 1305 1435 1348 cete-

269 1378 361 1448 risque
383 1377 500 1448 preuisis
523 1393 634 1432 necnon
656 1386 685 1433 et
706 1377 837 1432 omnibus
860 1377 966 1432 sanctis
985 1376 1112 1448 spiritum
1132 1373 1382 1444 com[m]endaus,
1403 1377 1435 1430 in

269 1477 339 1532 paee
352 1460 467 1532 quieuit.

449 1604 500 1658 DE
518 1615 652 1668 QUODAM
671 1616 691 1657 A
711 1613 828 1658 nonus
847 1613 1003 1657 PERICULO
1022 1611 1236 1656 PRESERUATO.

275 1715 411 1842 REgio
427 1725 560 1787 precepto
573 1716 623 1772 uiri
636 1715 785 1783 homicide,
797 1716 871 1771 sures
885 1725 913 1770 et
932 1713 1090 1770 huiusmodi
1104 1730 1122 1767 e
1135 1711 1252 1766 diuersis
1269 1711 1432 1780 prouinciis

227 1811 256 1863 ¹5
374 1799 589 1870 inquirebantur,
607 1799 799 1870 capiebantur,
817 1807 845 1854 et
862 1815 957 1852 coram
976 1795 1112 1851 iudicibus
1129 1793 1268 1863 regiisque
1286 1793 1431 1848 ministris

270 1882 345 1952 apud
358 1892 486 1937 sanemur
499 1881 681 1936 Edmundum
694 1881 868 1936 ducebantur
880 1891 908 1934 et
921 1879 949 1933 in
962 1895 1073 1933 carcere
1086 1877 1298 1932 claudebantur.
1338 1879 1379 1931 Et
1392 1895 1430 1931 ne

270 1964 326 2020 doli
340 1965 414 2019 malo
426 1963 617 2032 liberarentur,
632 1963 753 2019 iudicum
767 1974 898 2035 precepto
911 1964 938 2017 in
953 1963 1039 2016 tribus
1052 1959 1182 2015 breuibus
1195 1975 1294 2013 eorum
1306 1960 1428 2014 nomina

270 2047 469 2102 scribebanttu.
510 2047 586 2102 inter
604 2063 675 2118 quos
691 2047 806 2118 quidam
826 2046 966 2100 Robertus
982 2043 1149 2114 cognomine
1165 2041 1294 2111 putridus
1309 2043 1426 2109 sotular,

270 2129 306 2184 de
321 2131 457 2198 Banham,
471 2147 520 2200 pro
533 2140 594 2184 rato
607 2139 695 2184 semet
708 2128 790 2184 scribi
803 2137 830 2183 et
844 2127 913 2183 vidit
926 2137 953 2182 et
966 2125 1082 2181 audiuit.
1109 2123 1170 2205 Hic¹
1181 2123 1251 2179 inter
1264 2125 1426 2188 oraciones,

228 2227 259 2262 ro
270 2211 449 2278 afflicciones,
461 2211 590 2266 lacrimas
603 2220 632 2266 et
645 2210 814 2266 deuociones
831 2219 927 2266 uotum
945 2208 1022 2265 uouit
1041 2209 1095 2263 deo
1109 2217 1138 2263 et
1150 2217 1249 2262 sancto
1267 2207 1425 2262 Edmundo

270 2295 400 2364 quatinus
414 2293 437 2349 si
451 2311 514 2350 eum
527 2293 665 2364 eriperent
678 2293 714 2348 de
727 2291 909 2362 huius[modi]
925 2291 1055 2363 periculo,
1068 2289 1290 2360 prestanciorem
1304 2303 1425 2360 quatuor

269 2377 354 2430 boum
372 2393 483 2432 suorum
498 2376 523 2431 ei
542 2375 671 2430 redderet
683 2392 778 2430 vnum.
816 2375 902 2430 Mane
916 2373 1000 2444 igitur
1011 2373 1065 2429 hiis
1077 2372 1185 2428 eductis
1197 2372 1424 2445 nominatimque

270 2473 333 2512 cum
344 2458 455 2528 scriptis
469 2457 610 2514 acoersitis
620 2467 649 2512 vt
659 2475 731 2528 aque
743 2456 870 2512 examine
881 2465 1078 2527 purgarentur:
1097 2455 1179 2510 huius
1190 2456 1308 2510 Roberti
1318 2473 1422 2510 nomen

270 2538 353 2594 nullic
362 2550 405 2594 est
415 2551 564 2610 repertum.
590 2541 693 2596 Libens
706 2539 790 2609 igitur
801 2549 829 2594 et
842 2539 968 2608 gaudens
980 2539 1018 2592 ad
1031 2537 1144 2609 propria
1152 2537 1299 2604 remeauit,
1308 2539 1422 2610 votique

227 2639 257 2690 ²5
269 2620 311 2674 sui
324 2637 380 2674 non
395 2621 541 2677 immemor
553 2623 653 2678 bouem
665 2622 782 2676 adduxit
792 2632 821 2676 et
834 2639 897 2676 cum
909 2621 1033 2676 maxima
1044 2620 1198 2676 deuocione
1210 2619 1265 2674 deo
1278 2631 1307 2676 et
1325 2633 1421 2676 sancto

271 2702 422 2758 Edmundo
436 2705 549 2776 optulit;
569 2705 664 2776 sicque
676 2704 808 2776 deinceps
819 2704 932 2760 beacius
945 2703 1032 2759 uitam
1044 2721 1124 2759 suam
1136 2703 1295 2773 protelauit.

345 2869 396 2922 Du
414 2879 700 2925 ususrnomrrsus
719 2869 885 2924 Dousvncr
905 2879 966 2921 vsa
985 2877 1132 2923 ssucruu
1151 2867 1351 2923 Enuuunuu

674 2965 695 3005 a
715 2962 824 3007 uonna
841 2961 1013 3006 musanus.

342 3063 448 3120 Uidam
479 3075 576 3134 portus
605 3063 819 3130 donewicensis,
849 3062 962 3132 nauigio
994 3062 1169 3132 remigantes,
1196 3079 1274 3116 more
1299 3061 1418 3132 piscario

377 3146 405 3200 in
420 3148 507 3202 altum
522 3164 599 3202 mare
611 3146 772 3214 tendebant,
786 3145 914 3215 reciaque
933 3145 1060 3200 laxantes
1075 3155 1133 3199 tota
1148 3155 1229 3199 nocte
1244 3145 1418 3200 iactabantur

270 3231 348 3284 salo:
367 3229 512 3300 subitoque
524 3229 564 3285 eis
578 3239 729 3300 tempestas
741 3239 837 3284 exorta
850 3227 965 3284 certauit
981 3228 1095 3282 eosdem
1109 3227 1261 3297 propellere
1274 3229 1312 3282 ad
1324 3229 1417 3284 mortis

226 3323 259 3373 30
270 3323 399 3367 extrema
439 3312 547 3380 Quibus
562 3311 610 3366 diu
625 3311 740 3378 vexatis,
753 3311 864 3381 uitaque
883 3310 1041 3380 desperata,
1055 3309 1165 3366 animas
1184 3327 1249 3365 suas
1268 3311 1325 3365 deo
1345 3329 1416 3365 com·

273 3389 479 3464 [mlendabanq
501 3411 568 3465 sepe
589 3394 741 3450 clamantes
759 3393 849 3449 sancti
871 3393 1014 3447 Edmundi
1033 3409 1146 3460 nomen,
1164 3391 1253 3448 sancti
1274 3393 1415 3448 Edmundi

270 3474 409 3542 auxilium,
424 3485 451 3530 et
472 3475 545 3530 iuter
557 3478 694 3532 clamores
711 3486 739 3532 et
756 3477 866 3530 dolores
881 3475 934 3529 sibi
953 3486 1021 3530 uota
1033 3493 1083 3530 sua
1095 3486 1240 3540 vuuerunt,
1252 3477 1382 3546 quatinus
1394 3479 1414 3531 si

270 3556 368 3610 mortis
388 3557 539 3627 periculum
556 3560 716 3624 euaderent,
736 3576 819 3629 quam
838 3557 924 3614 cicius
943 3569 1056 3628 possent
1070 3575 1134 3612 eum
1149 3568 1276 3628 peterent
1295 3570 1325 3614 et
1341 3562 1413 3615 obla-

270 3638 398 3694 cionibus
409 3652 615 3707 venerarentur,
626 3641 824 3711 annuatimque
837 3640 935 3695 diebus
947 3640 1078 3694 omnibus
1091 3640 1147 3695 vite
1160 3658 1208 3695 sue
1221 3644 1414 3711 persoluerent.

226 3731 256 3782 35
271 3722 325 3777 Vix
337 3722 411 3777 facto
428 3733 557 3794 peracto:
580 3723 765 3794 tranquillitas
783 3723 859 3777 lacta
876 3733 918 3777 est
936 3722 963 3776 in
981 3722 1050 3778 mari
1071 3722 1111 3778 ita
1127 3733 1156 3778 ut
1173 3723 1265 3777 mirati
1285 3735 1365 3793 sunt,
1389 3737 1413 3781 et

270 3805 317 3874 qui
339 3805 415 3875 prius
436 3805 635 3862 estimauerunt
657 3823 752 3861 escam
773 3823 804 3860 se
825 3806 884 3861 sore
904 3805 1025 3875 piscibus
1044 3805 1137 3872 maris,
1157 3806 1213 3860 iam
1232 3823 1297 3860 cum
1316 3809 1413 3864 retibus

270 3887 385 3942 eosdem
406 3888 582 3943 extrahentes
601 3889 629 3943 in
648 3905 744 3944 escam
763 3889 925 3943 habuerunt.
957 3889 1033 3942 Vota
1051 3887 1146 3959 itaque
1164 3889 1323 3959 persoluere
1341 3892 1411 3946 iesti-
1494 3887 1498 3904 “

270 3979 379 4035 nantes,
393 3986 509 4024 munera
522 3981 550 4024 et
562 3971 723 4026 oblaciones
737 3981 912 4041 coaptauere,
925 3981 953 4026 et
970 3970 1042 4025 inter
1059 3981 1152 4026 cetera
1164 3972 1318 4027 anchoram
1331 3991 1411 4044 quan·

270 4052 338 4106 dam
357 4069 465 4107 ceream
484 4063 669 4109 construxere.
706 4055 833 4109 Tandem
855 4053 892 4108 ad
911 4063 1039 4108 sanctum
1061 4053 1244 4108 Edmundum
1265 4055 1411 4122 venientes,

226 4149 259 4200 40
271 4134 424 4188 anchoram
456 4134 611 4206 predictam
645 4137 792 4192 offerentes
827 4137 1006 4207 suspendere,
1036 4136 1242 4208 laudantesque
1277 4137 1361 4193 deum
1387 4152 1410 4195 et

271 4225 399 4271 sanctum
419 4217 600 4273 Edmundum
618 4219 656 4273 ad
674 4220 787 4290 propria
804 4237 867 4276 cunr
886 4219 989 4290 gaudio
1008 4218 1157 4274 redierunt.

467 4335 476 4368 ¹
493 4336 545 4388 MS.
560 4339 609 4388 Cui
621 4355 685 4388 cum.
938 4339 949 4370 ¹
965 4338 1222 4406 trasumenum.
