3036 4878
278 309 349 402 708
664 311 669 322 '
701 303 904 406 appatuit·
932 306 1006 382 111.

275 508 382 580 pinxit3
401 507 517 579 quando
534 505 629 572 etiarn,
642 507 699 576 ubi,
711 525 805 580 quare,
818 518 847 564 et
863 507 983 578 qualiter
1000 505 1108 564 facinus
1125 507 1193 564 illud
1212 509 1320 580 exequi
1341 511 1437 567 decre·

275 593 363 648 uisset
375 592 520 662 expressit.
557 592 606 647 llle
624 603 718 646 autem
737 591 943 662 deprehensum
962 607 992 646 se
1011 592 1148 657 senciens,
1160 601 1188 647 et
1205 591 1301 648 uirum
1320 595 1371 650 dei
1387 597 1437 649 hec

276 673 371 730 omnia
391 675 555 745 prophetico
577 675 675 744 spiritu
697 675 864 744 cognouisse
886 674 1252 750 intelligensjnestimabili
1278 677 1436 747 peniturtia
1489 725 1490 742 ,

275 757 376 813 ductus
388 758 507 828 pedibus
523 757 584 814 eius
597 757 738 813 humiliter
750 775 780 813 se
793 759 940 828 prouoluit,
950 775 984 813 ac
1000 757 1113 813 ueniam
1125 758 1312 815 deuotissime
1327 775 1437 830 petens.

247 852 339 902 seam
356 840 439 895 facile
452 851 588 896 consueta
602 851 631 896 et
649 841 774 910 ingenita
791 841 921 896 Guthlaci
939 840 1112 910 benignitate
1130 840 1260 910 optinuit.
1299 843 1343 896 Et
1359 843 1436 897 cuius
1489 851 1490 854 ’

275 923 430 994 appetierat
442 933 571 992 mortem,
584 923 675 995 ipsum
693 934 792 995 postea
804 925 963 994 frequenter
979 924 1078 982 babuit
1093 924 1122 979 in
1139 924 1196 979 suis
1212 926 1437 982 necessinrtibus

274 1006 439 1063 adiutorem.
1489 1023 1490 1026 ’

328 1179 379 1235 Dr:
398 1191 553 1237 MOLBSTIA
572 1191 735 1236 DEMONUM
755 1191 789 1234 11<
809 1191 916 1236 stiterit
935 1191 1116 1236 BESTIARUM
1134 1191 1385 1238 transumunt.

347 1297 382 1352 Vi
397 1298 504 1353 tociens
517 1307 544 1352 et
557 1306 615 1352 tarn
622 1295 742 1366 gloriose
752 1297 972 1368 triumphauerat
984 1297 1020 1352 de
1028 1296 1161 1352 vhostibus
1173 1296 1241 1366 suis,
1253 1298 1436 1370 aliquantula
1489 1313 1490 1358 1

382 1397 452 1450 pace
465 1397 533 1436 usus
545 1389 596 1436 est.
621 1380 680 1435 Sed
691 1383 772 1434 ‘ecce
785 1379 813 1435 in
826 1397 896 1450 pace
908 1379 1065 1434 amaritudo
1074 1380 1134 1435 eius
1147 1381 1279 1436 amara’:
1294 1383 1436 1438 Versuria
1489 1379 1490 1426 l

231 1479 263 1517 ro
274 1463 350 1517 enim
363 1463 482 1517 sathane
495 1463 542 1516 diu
562 1462 736 1518 sabbatizare
750 1480 807 1518 non
825 1463 911 1518 nouit.
949 1463 1080 1532 Quadam
1097 1463 1190 1533 itaque
1208 1474 1297 1519 nocte
1310 1483 1380 1520 curn
1393 1467 1436 1520 uir

274 1543 320 1600 dei
333 1544 435 1615 uigiliis
447 1555 475 1601 et
488 1545 661 1600 orationibus
677 1546 811 1601 deuocius
825 1546 988 1602 incubaret-2
1008 1556 1067 1601 tota
1079 1546 1171 1602 insula
1182 1549 1308 1616 tremuit,
1320 1549 1436 1605 infinita
1489 1579 1490 1586 .

273 1627 377 1684 etenim
391 1628 543 1684 demonum
556 1628 704 1684 multitudo
714 1629 846 1684 mutuatis
852 1629 998 1685 brutorum
1006 1629 1166 1684 animalium
1175 1629 1273 1686 formis
1281 1631 1382 1688 locum
1393 1635 1436 1688 in-
1489 1655 1490 1662 ¹

274 1711 368 1779 trauit‚
380 1721 408 1768 et
422 1711 552 1767 intrando
564 1711 780 1783 circumquaque
793 1713 943 1768 concussit.
966 1713 1202 1783 'ingrediebantur
1213 1711 1301 1782 igitur
1313 1717 1435 1772 domurn
1489 1741 1490 1744 ¹

273 1793 403 1850 vniuerse
422 1795 509 1850 facies
527 1795 699 1851 bestiarum:
718 1796 763 1851 leo
779 1795 902 1866 rugiens,
915 1807 1011 1851 taurus
1029 1795 1167 1865 mugiens,
1186 1813 1266 1851 ursus
1283 1799 1434 1866 frendens,
1489 1811 1490 1818 ’

232 1895 261 1947 ¹⁵
274 1895 343 1949 aper
354 1878 514 1948 grunniens,
523 1879 604 1949 lupus
616 1880 733 1946 ululans,
747 1897 835 1950 equus
848 1879 984 1946 hinniens,
997 1879 1069 1934 aries
1082 1879 1190 1946 balans,
1203 1879 1302 1936 asinus
1315 1884 1434 1948 rudens,

274 1961 389 2018 coluber
401 1962 526 2030 sibilans,
534 1963 750 2033 unumquodque
758 1962 861 2018 animal
872 1963 947 2018 iuxta
956 1973 1055 2018 nature
1066 1979 1115 2018 sue
1123 1963 1284 2018 facultatem
1294 1965 1433 2022 dentibus
1489 1967 1490 1972 ’

275 2045 335 2100 siue
355 2045 474 2115 pedibus
493 2054 541 2101 aut
560 2045 689 2100 cornibus
711 2045 803 2101 minas
824 2055 872 2101 aut
893 2055 1011 2102 terrores
1033 2045 1194 2100 immittens.
1232 2049 1341 2103 Beatus
1363 2066 1432 2105 uero

275 2129 430 2184 Guthlacus
450 2127 580 2183 inuocato
605 2127 709 2183 Christi
733 2128 857 2198 nomine,
881 2139 909 2184 et
933 2128 1007 2183 facto
1027 2127 1118 2184 crucis
1137 2127 1218 2198 signo
1238 2147 1268 2185 se
1286 2133 1433 2205 muniens,

275 2210 349 2268 ‘Cur
362 2228 416 2280 me,
437 2211 533 2283 inquit,
548 2221 678 2282 temptas,
691 2213 830 2267 sathana?
875 2211 1015 2268 Dominus
1031 2211 1117 2266 michi
1131 2213 1243 2267 adiutor
1254 2223 1309 2280 est,
1326 2225 1357 2270 et
1376 2233 1432 2285 ego

232 2311 263 2350 ao
274 2293 428 2366 despiciam
448 2294 576 2350 inimicos
596 2311 682 2350 meos.
727 2295 854 2351 ileccine
872 2306 915 2350 est
937 2294 1088 2350 similitudo
1109 2294 1247 2362 altissimi,
1266 2313 1353 2366 quam
1378 2300 1430 2354 tibi

274 2377 341 2432 olim
363 2393 497 2448 usurpare
515 2395 599 2434 ausus
619 2395 649 2433 es
671 2377 700 2432 in
720 2377 829 2434 deliciis
847 2377 1000 2449 paradysi?
1036 2377 1091 2446 Qui
1112 2388 1179 2434 tunc
1196 2379 1316 2434 formam
1335 2379 1385 2436 dei
1403 2393 1431 2436 et

275 2459 485 2515 similitudinem
513 2461 703 2531 presumebas,
734 2479 808 2518 nunc
834 2461 925 2517 uiliter
954 2472 982 2517 et
1009 2461 1225 2532 dampnabiliter
1248 2463 1277 2516 in
1301 2464 1430 2533 effigiem

274 2543 419 2597 brutorum
446 2554 530 2613 atque
562 2543 760 2599 inmundorum
790 2545 952 2599 animalium
977 2545 1160 2599 transformas
1184 2547 1233 2599 tei
1283 2547 1430 2617 Pauperes

275 2625 380 2681 Christi
404 2623 528 2695 dampno
555 2634 604 2680 tuo
628 2627 819 2698 persequeris:
844 2627 910 2698 quia
933 2637 1039 2698 quanto
1064 2628 1177 2697 grauius
1201 2645 1287 2698 supra
1310 2629 1430 2684 dorsum

231 2727 261 2782 ²5
275 2724 371 2764 eorum
382 2707 571 2774 fabricaueris,
584 2718 663 2764 tanto
682 2711 817 2765 uberioris
834 2709 920 2779 glorie
938 2727 1056 2765 coronas
1074 2711 1115 2766 eis
1133 2711 1259 2784 inutuarn
1273 2713 1429 2782 perniciem

274 2791 432 2848 fabricabis.
471 2790 532 2845 Erit
544 2789 604 2847 dies
618 2793 732 2863 quando
746 2794 858 2848 stabunt
875 2795 939 2849 iusti
953 2793 981 2847 in
995 2811 1101 2864 magna
1112 2795 1277 2849 constancia
1288 2795 1429 2851 aduersus

274 2887 303 2932 te
315 2885 343 2932 et
361 2874 511 2946 complices
526 2885 599 2944 tuos,
615 2877 751 2932 aduersus
770 2894 818 2932 eos
833 2876 879 2947 qui
899 2893 929 2931 se
948 2879 1195 2947 angustiauerunt3
1215 2877 1268 2948 ipsi
1289 2878 1428 2936 demones

276 2959 447 3015 iudicabunt.
483 2957 593 3014 Scimus
610 2959 684 3014 enirrr
697 2960 761 3030 quis
775 2959 891 3015 dixerit:
918 2959 936 2988 “
944 2961 991 3015 An
1007 2959 1120 3016 nescitis
1140 2959 1205 3031 quia
1217 2963 1334 3030 angelos
1354 2962 1427 3017 iudi·

276 3041 445 3098 cabimus?”
497 3041 530 3096 ln
560 3059 766 3114 quamcumque
791 3043 914 3114 speciem
941 3053 969 3100 te
997 3042 1162 3114 prestigiose
1190 3045 1373 3100 transformes
1398 3055 1426 3101 et

231 3143 264 3196 30
276 3127 422 3194 deformes,
434 3135 526 3181 certus
543 3141 604 3180 sum
624 3123 690 3196 quia
707 3143 798 3198 neque
816 3143 892 3180 mors
911 3144 1001 3197 neque
1019 3127 1127 3196 gladius
1140 3143 1232 3198 neque
1249 3129 1315 3193 uita,
1334 3145 1427 3200 neque

274 3210 369 3280 angeli
389 3225 479 3280 neque
501 3217 655 3279 potestates
675 3225 766 3280 neque
790 3209 968 3280 principatus,
989 3226 1079 3280 neque
1103 3211 1221 3264 altitudo
1245 3227 1337 3281 neque
1361 3229 1426 3281 pro·

275 3291 401 3360 fundum,
414 3309 504 3362 neque
521 3291 658 3346 instancia
675 3309 766 3363 neque
784 3293 884 3360 futura,
899 3309 989 3364 neque
1006 3302 1134 3358 ¹creatura
1148 3293 1252 3362 aliqua,
1264 3295 1367 3363 poterit
1378 3311 1424 3348 me

276 3391 407 3445 separare
423 3391 442 3429 a
459 3375 575 3430 caritate
594 3374 648 3442 dei,
661 3393 714 3445 que
726 3387 769 3432 est
786 3375 815 3430 in
831 3375 943 3432 Christo
963 3376 1043 3432 lesu’
1079 3377 1118 3432 Et
1134 3374 1188 3431 biis
1200 3375 1294 3446 dictis,
1307 3387 1366 3433 tota
1377 3377 1424 3432 illa

275 3457 428 3512 bestiarum
441 3457 562 3512 fantasia
574 3457 718 3529 disparuit.

323 3635 374 3688 DE
391 3645 516 3689 CEDULA
535 3645 625 3698 Quart
643 3646 770 3690 CORUUS
788 3645 823 3689 lN
843 3646 1038 3691 HARUNDINE
1056 3646 1179 3690 DlhilSIT
1196 3647 1374 3693 APPENSAH.

232 3769 263 3823 ³5
347 3751 451 3806 Vidarn
463 3752 548 3808 frater
560 3760 674 3807 uenerat
686 3751 723 3806 ad
736 3750 878 3807 hominem
890 3750 936 3806 dei
947 3760 978 3806 ut
990 3749 1051 3806 eius
1063 3751 1257 3808 exhortatione
1268 3754 1424 3822 proficeret,

383 3852 468 3906 seque
492 3835 521 3889 in
542 3833 645 3889 Christi
669 3835 764 3903 gracia
788 3835 934 3904 perbeati
959 3833 1090 3891 Guthlaci
1114 3835 1216 3890 merita
1237 3837 1424 3892 confirmaret.

278 3917 322 3973 llli
347 3933 413 3988 ergo
437 3917 575 3973 mansioni
600 3917 661 3972 dies
685 3917 790 3987 aliquot
815 3917 971 3986 indulgens,
992 3917 1112 3988 quedam
1132 3928 1241 3973 secreta
1269 3919 1298 3974 in
1322 3921 1425 3976 cartula

277 4001 434 4071 scripserat,
456 4011 615 4073 certamque
637 4001 746 4071 plenius
770 4010 913 4054 exaratam
938 3999 998 4056 sine
1017 4001 1135 4055 custode
1157 4001 1313 4057 dimiserat.
1356 4004 1424 4058 Erat

278 4095 373 4140 autem
385 4083 526 4154 ingressus
541 4083 743 4138 monasterium
759 4093 789 4138 ut
801 4095 911 4138 oraret:
931 4099 965 4138 ac
979 4083 1142 4154 respiciens,
1154 4100 1270 4138 coruum
1289 4085 1425 4156 conspicit

231 4184 266 4237 40
278 4168 413 4222 cartulam
427 4185 507 4222 suam
519 4167 699 4236 deferentem,
712 4185 747 4223 ac
759 4183 855 4222 uersus
868 4167 1006 4238 palustres
1019 4166 1113 4236 stagni
1125 4166 1249 4236 gurgites
1260 4171 1423 4224 auolanteur.

278 4250 466 4305 Vehementer
482 4250 609 4305 turbatus
627 4260 671 4306 est
695 4251 779 4305 homo
802 4251 865 4307 irre:
893 4249 945 4304 sed
965 4249 1132 4316 Guthlacus,
1151 4250 1344 4306 turbacionem
1366 4251 1423 4306 eius

278 4329 377 4398 spiritu
395 4341 496 4388 sancto
513 4332 656 4388 reuelante
673 4332 844 4404 presagiens,
862 4343 890 4388 et
908 4333 1067 4390 acoedenst
1087 4333 1182 4402 ‘Noli,
1200 4332 1299 4405 inquit,
1312 4333 1423 4400 turbari,
