3064 4888
120 322 142 360 1·
155 308 223 360 Text
235 311 261 360 in
274 297 317 374 Ei
461 293 536 388 De
560 291 727 384 &antia
753 291 924 386 diffluit·
944 329 953 388 1
1191 297 1265 388 489

115 493 205 566 gines
232 493 263 552 in
288 495 406 552 edendo
431 511 619 565 consumere,
643 493 726 552 omni
756 493 815 552 illis
839 493 1150 552 amministrabantur¹
1172 494 1266 567 copia.

116 581 304 654 Angelorum
320 583 400 640 enim
419 583 540 655 quidam
559 582 693 655 ipsarum
713 584 861 652 ductores,
874 583 1127 655 quemadmodum
1146 582 1267 640 domina

116 677 221 725 nostra
245 686 343 742 nuper
363 670 410 738 ait,
430 687 482 727 eas
506 687 630 742 semper
651 671 849 743 precedentes
867 671 1063 728 honestorum
1085 671 1204 743 species
1221 669 1266 726 vi·

115 772 219 814 rorum
241 757 297 814 sibi
319 766 558 830 assumpserunt,
583 758 845 831 accedentes[que]
868 759 906 816 ad
931 759 1060 815 maiores
1085 758 1211 815 ciuitatis
1236 766 1266 814 et

115 843 233 915 primos
249 862 309 917 quo
327 854 414 903 nocte
433 845 553 902 fuerunt
567 854 701 914 venture,
719 863 813 919 super
831 846 948 902 illarum
968 845 1012 902 eis
1030 845 1180 904 aduentu²
1197 860 1294 918 pre-s

115 930 265 988 dixerunt.
309 932 453 1003 Quicum
471 933 580 1006 gaudio
598 934 637 991 de
657 933 793 1008 pluribus
809 942 1003 990 occurrerunt
1022 933 1132 990 leucis⁸
1149 933 1266 998 nobiles

116 1017 170 1089 [et]
188 1029 333 1090 matrone,
346 1020 445 1093 plebei
462 1029 492 1078 et
505 1020 615 1092 villani,
628 1039 697 1078 cum
713 1019 871 1078 deuotione
888 1020 1015 1078 feruenti
1033 1020 1195 1077 offerentes
1213 1037 1266 1076 ue·

114 1105 255 1164 cessarie.
302 1107 420 1164 Fertilis
444 1108 545 1166 enim¹
567 1116 630 1166 erat
651 1125 757 1179 annus,
778 1116 958 1181 tempusque
979 1108 1157 1165 habundans
1178 1107 1266 1164 bonis

113 1193 326 1252 uniuersorum
350 1196 467 1269 copiam
491 1197 643 1268 prebebat.
681 1195 826 1255 Noctibus
850 1196 1009 1269 sepissime
1030 1195 1062 1253 in
1086 1195 1180 1269 pratis
1202 1195 1266 1268 qui·

114 1290 255 1339 escentes
280 1283 474 1352 dormierunt,
503 1285 613 1342 nullius
643 1283 779 1341 molestie
804 1284 971 1342 sentientes
993 1300 1174 1357 grauamen;
1204 1292 1266 1340 tota
1281 1297 1312 1336 ro

113 1385 246 1442 namque
264 1379 351 1426 nocte
369 1371 511 1428 immensi
530 1371 651 1430 luminis
669 1372 787 1429 claritas
805 1388 897 1446 super
915 1389 967 1430 eas
985 1380 1074 1445 atque
1093 1371 1124 1427 in
1143 1371 1266 1428 circuitu

113 1455 230 1514 illarum
256 1457 440 1516 choruscans
464 1458 606 1516 radiabat.
642 1460 692 1516 Ad
716 1461 827 1517 arduos
851 1460 973 1518 tandem
998 1467 1117 1517 montes
1141 1458 1266 1532 Alpium

113 1543 280 1615 venientes,
299 1562 418 1602 necnon
440 1547 478 1603 ad
497 1546 597 1619 ipsum
619 1556 753 1604 montem
772 1546 822 1620 qui
845 1547 953 1604 ceten's
971 1555 1002 1604 et
1022 1547 1176 1604 altitudine
1197 1563 1265 1619 pre-

113 1630 209 1688 minet
232 1641 262 1689 et
287 1632 410 1691 horrore
437 1636 625 1705 accedentes,
648 1635 700 1708 qui
727 1636 792 1692 solo
819 1634 909 1692 etiam
939 1644 1062 1706 aspectu
1092 1633 1265 1690 robustissi-

113 1734 232 1775 morum
259 1719 414 1793 quosque⁸
437 1722 569 1778 virorum
598 1732 713 1780 terrere
741 1723 816 1780 solet
825 1723 843 1794 ⁶,
868 1721 1005 1780 facilitate
1035 1738 1155 1778 summa
1183 1730 1309 1789 tran-15

113 1804 266 1862 silierunt:
285 1816 367 1864 tanta
379 1807 490 1882 quippe
503 1809 642 1882 agilitate,
651 1821 682 1868 vt
692 1812 822 1884 quedam
836 1811 876 1866 ait
888 1808 1023 1867 illarum⁷
1033 1808 1192 1882 virginum,
1202 1817 1264 1864 tam

112 1892 164 1950 ille
177 1911 237 1966 que
252 1894 411 1953 infantulae
424 1897 581 1969 gestabant
592 1896 624 1954 in
637 1897 767 1955 brachiis
779 1899 1031 1966 conscendebant,
1044 1896 1153 1969 quam⁸
1165 1904 1195 1952 et
1207 1894 1264 1952 iste

113 1997 173 2053 que
192 1983 305 2055 absque
324 2000 417 2040 onere
436 1984 511 2040 nihil
529 1993 684 2058 portantes
706 1985 900 2044 scandebant.
935 1985 1023 2041 Adeo
1042 2001 1148 2040 reuera
1169 1982 1263 2051 facile,

112 2077 144 2124 vt
156 2068 206 2125 illa
219 2070 302 2140 dixit,
316 2069 391 2146 ipsis
408 2072 502 2145 patuit
519 2072 655 2130 eiusdem
667 2073 778 2130 montis
790 2073 875 2130 ardui
887 2089 1032 2130 ascensus
1044 2080 1074 2129 et
1087 2069 1147 2138 alti,
1159 2085 1263 2142 quem·

111 2156 276 2214 admodum
303 2159 389 2215 alicui
417 2168 554 2217 nostrum
581 2159 611 2216 in
639 2161 729 2216 domo
755 2159 855 2233 aliqua
878 2159 1093 2217 commoranti⁹
1116 2158 1262 2216 concede·
1277 2177 1310 2213 ao

111 2252 195 2300 retur
219 2262 314 2318 vsque
337 2247 375 2302 ad
403 2246 513 2304 ostium
543 2247 680 2304 eiusdem
708 2249 816 2305 domus
846 2246 1016 2323 peruenire.
1065 2245 1202 2318 Denique
1231 2253 1263 2302 et

112 2331 234 2388 domina
247 2342 357 2404 nostra,
371 2351 439 2391 cum
453 2336 491 2392 de
503 2335 569 2408 ipso
583 2345 692 2402 monte,
705 2344 795 2407 atque
808 2352 901 2408 super
912 2335 977 2391 aliis
994 2333 1130 2391 eiusdem
1147 2331 1263 2390 itineris

111 2417 335 2478 difficultatibus
353 2421 594 2495 interrogaretur,
609 2423 649 2479 ait
668 2424 747 2496 quod
763 2423 916 2480 videretur
934 2422 991 2479 illis
1010 2421 1110 2495 ipsum
1129 2429 1262 2478 montem

111 2507 418 2580 con[s]cendentibus,
440 2509 526 2583 quasi
548 2510 580 2566 in
606 2510 781 2584 planissima
802 2511 850 2568 via
873 2510 1048 2568 incedentes
1070 2519 1160 2583 atque
1184 2510 1262 2566 bene

111 2595 249 2668 spaciosa
257 2596 278 2629 ¹⁰
305 2598 499 2657 ambularent.
535 2599 693 2670 Quomodo
723 2608 823 2656 autem
854 2599 910 2657 hec
941 2599 1057 2668 fierent,
1087 2597 1183 2655 fateor
1212 2614 1262 2654 me
1276 2615 1306 2668 ²⁵

109 2684 233 2756 penitus
246 2684 392 2758 ignorare.

164 2831 185 2891 l
210 2829 298 2901 Quod
311 2831 378 2905 ipse
390 2831 523 2906 virgines
536 2831 771 2890 ammirabantur
782 2832 886 2906 sepius
898 2832 1048 2905 quomodo
1061 2831 1208 2888 montium

359 2919 535 2994 viarumque
551 2921 688 2993 grauium
701 2920 808 2978 itinera
819 2919 1013 2978 transierunt.

148 3009 247 3080 Beata
271 3022 419 3097 siquidem
441 3023 552 3082 Vrsula
575 3024 617 3082 vti
647 3025 812 3082 testabatur
841 3042 960 3081 necnon
989 3032 1019 3080 et
1049 3023 1106 3080 alie
1131 3023 1261 3095 quedam

109 3127 180 3168 cum
200 3127 292 3183 super
310 3111 416 3168 harum
436 3112 656 3170 difficultatibus
675 3113 790 3170 viarum
808 3112 1073 3184 interrogarentur,
1092 3120 1162 3166 tunc
1185 3120 1260 3167 tem·

109 3198 192 3272 poris
206 3215 274 3256 sese
287 3199 483 3256 vehementer
495 3199 646 3257 ammirari
662 3200 808 3270 dicebant,
821 3208 851 3256 et
863 3199 990 3273 qualiter
1002 3200 1125 3255 eosdem
1142 3208 1261 3255 montes

109 3295 268 3358 ceteraque
285 3284 391 3344 itinera
408 3287 580 3344 difficillima
591 3287 753 3344 transirent
761 3287 790 3344 ¹¹.
828 3287 921 3344 Porro
933 3287 1055 3344 domina
1067 3296 1169 3343 nostra
1181 3285 1259 3342 dulci
1273 3304 1306 3356 30

109 3389 165 3430 sua
177 3390 230 3430 cas
241 3374 337 3448 gratia
349 3374 482 3431 crebrius
495 3374 665 3431 confortans
679 3374 838 3443 letificauit,
850 3376 889 3432 ita
902 3384 933 3432 vt
946 3373 1149 3432 consolatione
1164 3373 1260 3447 ipsius

109 3461 327 3534 benignissima
340 3463 439 3519 omnis
456 3463 514 3519 illis
531 3463 615 3519 labor
631 3463 707 3520 leuis
725 3464 810 3520 fieret
829 3472 858 3520 et
877 3463 1068 3529 delectabilis,
1081 3478 1172 3519 omne
1190 3479 1260 3535 pre·

109 3557 193 3604 terea
217 3549 275 3606 cibi
299 3549 461 3622 corporalis
486 3551 736 3608 delectamentum
762 3551 863 3608 multis
887 3551 1006 3608 fastidio
1030 3559 1102 3608 erat.
1145 3550 1260 3607 Aderat

109 3636 200 3708 plane
219 3636 277 3692 illis
296 3637 390 3694 dulcis
406 3636 556 3710 virginum
575 3638 679 3709 regina
697 3639 892 3712 gubernando
911 3657 963 3696 eas
982 3647 1011 3696 et
1029 3640 1171 3710 regendo,
1190 3654 1259 3694 cum

108 3725 173 3782 suis
200 3725 315 3798 angelis
340 3734 369 3783 et
393 3725 505 3783 sanctis
531 3727 597 3784 illas
625 3728 806 3785 custodiens.
853 3727 941 3785 Vnde
972 3727 1071 3784 nullus
1101 3727 1259 3794 latronum,
1273 3739 1304 3791 35

109 3811 209 3869 surum
230 3822 281 3869 aut
302 3814 470 3886 predonum
491 3813 535 3870 eis
557 3815 664 3871 obesse
685 3815 790 3887 potuit,
811 3825 861 3872 aut
882 3823 1046 3888 corruptor.
1093 3813 1199 3870 Plures
1219 3813 1259 3868 si-

108 3899 230 3972 quidem
243 3900 393 3972 virginum
409 3909 440 3957 et
456 3910 660 3960 matronarum
679 3903 822 3959 nobilium
841 3920 900 3975 que
918 3910 1112 3960 occurrerunt
1130 3901 1175 3957 eis
1188 3899 1258 3956 visi·

107 3995 207 4044 tantes
220 3987 293 4058 illas,
307 3989 386 4045 bono
403 3989 544 4062 exemplo
561 3989 695 4062 ipsarum
711 3999 843 4061 attracta,
857 3989 1026 4062 Christique
1043 3989 1137 4061 gratia
1149 3987 1230 4046 intus
1239 3987 1260 4022 ¹²

139 4158 148 4187 ¹
167 4159 197 4208 Β.
210 4161 322 4210 omnium
334 4161 435 4210 illorum
447 4163 679 4214 administrabatur.
794 4163 804 4194 ²
822 4164 851 4213 E.
863 4165 1010 4212 aduentum.
1117 4161 1127 4192 ⁸
1145 4162 1175 4212 E.
1187 4161 1259 4212 locis.

107 4225 116 4254 ⁴
134 4223 163 4274 B.
177 4227 287 4287 quidem.
362 4227 372 4256 ⁶
390 4227 420 4277 B.
434 4243 544 4291 quoque.
615 4227 626 4257 ⁸
642 4230 672 4280 B.
685 4244 705 4281 s.
718 4230 805 4280 corda.
892 4227 902 4258 ¹
921 4229 951 4278 B.
964 4228 1110 4278 eamndem.
1200 4227 1209 4258 ⁸
1227 4229 1257 4277 Β.

106 4299 210 4409 §griffi
285 4291 340 4343 ⁰8.
353 4295 534 4346 commanenti.
608 4293 626 4325 ²⁰
642 4296 673 4348 B.
685 4295 805 4359 spatiose.
878 4294 898 4326 ¹¹
915 4295 945 4346 B.
957 4295 1115 4346 transierint.
1190 4291 1209 4324 ¹²
1226 4294 1258 4346 B.
