3046 4902
281 284 353 371 642
712 273 915 377 flppmnir
943 277 995 352 11.

278 479 380 550 quibus
397 496 461 534 cum
477 478 571 549 sepius
589 479 778 550 frequentaret
794 479 944 550 flagicium,
957 479 1051 536 subito
1069 477 1098 533 in
1116 479 1312 549 grauissimam
1332 480 1434 536 incidit

277 563 472 632 egritudinem
510 561 562 618 Cui
576 563 783 619 contubernalis
795 581 880 634 eques
894 564 1085 634 improperans
1097 563 1154 618 ait:
1172 564 1295 620 ‘Merito
1308 565 1433 620 sustines

279 645 463 702 intollerabile
476 645 651 716 supplicium,
664 647 712 718 qui
725 648 834 704 celebre
842 645 963 716 coniugii
973 645 1082 702 violasti
1097 657 1321 702 sacramentum:
1342 648 1432 717 Regis

277 739 306 785 et
319 729 441 786 martiris
455 729 592 799 insignem
604 729 721 800 attigisti
735 731 851 786 calicem
870 730 993 800 indigne,
1007 731 1080 786 vnde
1096 731 1155 786 eius
1173 730 1348 800 indignatam
1360 748 1433 800 erga

250 825 263 874 5
278 825 306 868 te
319 813 442 868 minuisti
455 813 641 868 maiestatem.
676 815 734 870 Sed
748 825 777 869 ut
790 813 845 869 cito
858 815 968 884 placare
977 830 1066 884 queas
1074 824 1203 870 sanctum
1215 815 1261 870 dei
1275 815 1431 880 martirem,

278 914 397 968 pronam
411 897 450 952 illi
462 896 595 968 deinceps
607 896 737 968 pollicere
750 897 921 954 seruitutem.
955 898 1075 952 Pathera
1088 913 1209 968 namque
1221 898 1339 968 preciosi
1352 898 1431 968 regis

279 983 358 1040 cuius
375 985 492 1039 haustus
509 984 610 1040 infusio
626 985 770 1040 dominam
786 994 941 1040 nostrama
960 984 1059 1040 mortis
1072 984 1277 1056 incom[rn]odo
1289 986 1430 1050 liberauit,

279 1067 454 1140 impenitenti
474 1067 534 1136 tibi,
547 1077 577 1123 ut
595 1067 712 1136 uidetur,
725 1069 832 1140 absque
849 1068 972 1124 remedio
986 1067 1078 1122 carnis
1093 1078 1121 1123 et
1138 1069 1250 1137 spiritus
1269 1068 1432 1138 geminatur

280 1152 457 1207 detrimento.
497 1152 658 1222 Aggredere
674 1151 767 1222 itaque
785 1152 845 1206 uias
858 1150 923 1219 vite,
938 1151 1015 1207 etad
1028 1151 1115 1222 ipsius
1127 1151 1348 1206 misericordiam
1367 1161 1431 1206 tota

235 1253 265 1287 ro
279 1235 372 1290 cordis
396 1234 567 1290 contricione
591 1243 620 1290 et
648 1235 823 1290 confessione
852 1235 975 1305 perfecta
1006 1234 1167 1304 confugias!
1217 1235 1345 1290 Audiens
1374 1236 1431 1290 hec

277 1320 374 1387 virago
393 1335 477 1388 quam
496 1335 542 1372 rex
561 1328 676 1374 sanctus
693 1327 802 1372 eruerat
821 1337 839 1373 a
857 1317 955 1372 mortis
974 1317 1073 1386 exicio,
1090 1317 1187 1374 militis
1204 1319 1245 1372 sui
1265 1317 1431 1374 monitoris¹

277 1401 385 1456 vicibus
404 1401 480 1456 uices
497 1399 625 1456 adhibuit
643 1401 847 1472 conepcionis3
867 1403 954 1471 ‘Age
968 1401 1066 1472 inquit,
1079 1401 1266 1472 penitenciam
1279 1400 1327 1457 et¹
1341 1403 1430 1457 satis·

276 1483 364 1540 facias
383 1483 455 1538 illioo
473 1483 615 1540 maiestati
633 1484 735 1552 cliniae,
755 1484 821 1555 quia
840 1487 916 1554 leges
934 1483 1086 1540 confudisti
1104 1485 1275 1554 coniugales,
1294 1497 1323 1540 et
1342 1486 1430 1542 datus

276 1567 413 1623 adulterio
426 1568 493 1622 dum
506 1567 608 1622 excelsi
622 1567 744 1622 martiris
756 1567 872 1638 attigisti
886 1569 1026 1638 poculum,
1039 1568 1139 1623 vlcioni
1153 1569 1296 1623 subiectus
1309 1568 1365 1628 vite
1379 1580 1430 1625 tue

234 1669 262 1721 15
276 1651 412 1708 formidas
423 1667 574 1720 egressum.
610 1651 657 1706 Ad
675 1661 804 1706 sanctum
815 1661 844 1706 te
856 1667 1007 1721 premoueo
1019 1668 1115 1722 regem
1127 1651 1288 1718 rediturum,
1300 1661 1330 1706 et
1341 1668 1431 1722 quem

277 1753 327 1806 per
350 1733 552 1790 incontinentis
575 1733 716 1790 offendisti
745 1734 904 1800 ludibrium,
930 1735 1041 1804 placare
1071 1751 1179 1789 rursum
1209 1735 1325 1791 studeas
1355 1753 1431 1805 pura

277 1817 454 1874 consciencia
467 1817 641 1873 meritorum.¹
679 1821 750 1872 Cum
766 1816 883 1873 licencia
897 1817 1044 1872 confestim
1061 1829 1177 1888 accepta
1189 1827 1271 1888 prout
1285 1817 1376 1888 potuit
1390 1820 1430 1876 ad

277 1914 405 1958 sanctum
419 1902 561 1957 martirem
573 1901 665 1970 rediit,
677 1911 705 1956 et
718 1901 803 1971 digna
814 1900 841 1956 ei
853 1901 1028 1957 confessione
1040 1901 1184 1957 satisfecit.
1221 1903 1313 1972 Quem
1327 1903 1430 1958 beatus

276 1987 374 2042 martir
385 1986 546 2056 dupplicata
559 1985 700 2054 sospitate,
712 1986 837 2055 corporis
849 1994 879 2040 et
890 1984 994 2053 anime,
1007 1984 1103 2040 diuina
1114 1985 1298 2040 miseracione
1310 1986 1430 2040 sanitati

234 2083 264 2118 20
277 2070 404 2125 restituit
431 2067 580 2124 Persolutis
593 2069 677 2137 igitur
688 2067 830 2124 liberatori
844 2085 894 2124 suo
906 2067 1017 2138 graciis,
1027 2069 1063 2123 ad
1077 2069 1190 2138 propria
1202 2069 1295 2136 rediit,
1304 2087 1430 2140 seseque

276 2155 409 2226 deinceps
422 2151 547 2208 honestis
559 2168 668 2207 morum
680 2151 840 2208 excerciciis
854 2154 953 2222 copule
965 2151 1122 2222 coniugalis
1134 2152 1305 2207 informauit

346 2302 396 2355 DE
414 2310 572 2354 YDROPlCO
591 2310 651 2354 PER
671 2309 875 2354 POTACIONEM
895 2309 937 2352 DE
954 2309 1050 2356 ClPHO
1070 2309 1179 2354 SANCTI
1199 2299 1359 2354 Enrturtm

787 2393 919 2437 SANATO.

314 2531 445 2586 osbertus
490 2485 586 2610 Vlr
604 2485 719 2558 quidam
740 2486 894 2552 Donewici,
913 2487 1011 2541 morbo
1029 2486 1159 2541 laborans
1179 2487 1323 2556 ydropic0‚
1343 2499 1371 2542 et
1391 2489 1429 2544 de

445 2570 453 2585 '
590 2569 739 2624 curacione
762 2569 886 2624 totaliter
910 2569 1072 2640 desperans,
1093 2569 1202 2640 rogauit
1221 2570 1257 2623 ab
1276 2571 1378 2626 amicis
1397 2589 1430 2628 se

276 2668 360 2722 posse
373 2651 526 2721 presentari
544 2653 648 2707 martiri
666 2653 808 2724 precioso:
828 2669 944 2723 sperans
956 2669 1007 2724 per
1023 2654 1155 2708 haustum
1171 2653 1344 2708 salutiferum
1360 2671 1429 2709 cum

233 2758 261 2806 ²5
276 2735 430 2790 deuocione
446 2737 483 2792 de
499 2736 582 2807 cipho
598 2736 657 2791 eius
674 2736 801 2806 preclaro
818 2735 968 2792 sanitatem
986 2735 1100 2792 habere.
1137 2737 1201 2805 Quo
1216 2736 1324 2802 audito,
1341 2739 1429 2812 aprici

276 2821 317 2874 sui
336 2821 519 2889 gestatorium
538 2829 697 2891 preparant,
716 2831 743 2875 et
762 2821 852 2874 virum
871 2821 946 2875 intus
964 2819 1086 2874 debilem
1104 2819 1228 2874 suauiter
1245 2821 1362 2886 locant;
1388 2822 1428 2877 ad

276 2903 446 2958 domicilium
465 2905 538 2974 regis
554 2903 709 2970 adducitur,
722 2913 750 2958 et
768 2903 805 2958 ad
822 2904 995 2958 mauseolum
1013 2903 1116 2972 egregii
1135 2903 1241 2958 sistitur
1257 2903 1397 2975 principis
1408 2902 1429 2972 ³,

275 2987 398 3042 excubiis
411 2987 559 3056 inuigilans
572 2986 656 3056 digne
669 2987 840 3040 deuocionis.
865 2987 909 3040 Ex
919 2985 1003 3056 cipho
1014 2986 1089 3056 regio
1098 2987 1230 3040 haustum
1238 2985 1293 3040 sibi
1303 2989 1429 3056 postulat

275 3071 426 3140 propinari,
445 3087 562 3140 sperans
579 3071 607 3124 in
627 3069 673 3123 illo
691 3069 800 3124 salubre
819 3069 918 3124 celitus
936 3069 1061 3138 generari
1080 3068 1241 3136 remedium,
1254 3069 1332 3139 quod
1352 3073 1428 3126 salu·

230 3171 261 3218 3³
275 3166 332 3207 rem
345 3154 495 3208 contulisse
513 3163 629 3208 nouerat
644 3149 858 3222 incom[m]odis
871 3151 1061 3222 plurimorum.
1103 3152 1149 3206 Ab
1161 3151 1428 3210 administrantibus

276 3235 370 3307 itaque
389 3237 488 3307 ciphus
507 3237 553 3290 ille
571 3235 727 3306 porrigitur,
741 3245 767 3289 et
786 3236 823 3289 ab
841 3251 908 3304 egro
926 3235 1043 3291 haustus
1059 3235 1187 3290 salutaris
1203 3233 1264 3289 sine
1283 3235 1427 3291 dilacione

273 3331 410 3388 gustatur.
447 3321 511 3387 Quo
523 3320 689 3388 degustato:
709 3335 774 3372 mox
787 3317 937 3386 ydropicus
953 3317 1054 3372 veneni
1070 3317 1222 3372 maximam
1237 3319 1428 3387 quantitatem

274 3402 386 3466 cuomit,
408 3402 491 3456 acin
515 3413 658 3456 momento
683 3401 788 3456 ventris
812 3400 886 3455 illius
908 3400 1067 3470 grossitudo
1088 3400 1274 3467 detumescit3
1300 3417 1429 3472 aquosus

273 3485 374 3538 humor
404 3483 449 3540 ille
480 3485 599 3554 deperit,
622 3495 650 3540 et
681 3484 782 3540 recenti
811 3493 875 3539 cute
900 3485 1105 3554 redintegratus
1129 3485 1215 3538 homo
1242 3487 1428 3541 conualescit.

230 3589 260 3636 35
276 3569 384 3622 Eadem
404 3568 479 3622 enirn
501 3567 570 3622 hora
591 3585 646 3638 qua
665 3567 739 3638 ciphi
759 3577 871 3635 gustum
890 3567 990 3636 attigit,
1010 3584 1072 3622 sese
1091 3567 1178 3622 sensit
1196 3567 1296 3622 oelitus
1315 3585 1351 3622 ex
1370 3569 1428 3624 hoc

275 3648 480 3721 incom[m]odo
492 3651 651 3720 leuigatum.
677 3649 784 3706 Libatis
794 3650 879 3719 igitur
889 3650 946 3720 regi
956 3667 1053 3720 regum
1063 3649 1177 3721 eiusque
1185 3648 1307 3718 glorioso
1317 3651 1428 3705 martiri

274 3735 384 3791 deuotis
408 3733 516 3800 hostiis,
540 3734 577 3788 ad
601 3733 713 3805 propria
738 3751 801 3788 cum
826 3733 924 3788 amicis
944 3742 972 3788 et
992 3732 1121 3788 vxoribus
1146 3731 1311 3802 regreditur,
1333 3743 1363 3788 et
1389 3735 1429 3789 ab

273 3817 437 3890 egritudinis
448 3817 578 3872 molestia
590 3817 701 3888 penitus
715 3816 855 3870 liberatur.

574 3963 624 4017 Da
643 3973 931 4018 nxurnxonrrrrsus
949 3973 1122 4018 transtris.

492 4067 679 4192 REligiose
691 4068 746 4122 uite
758 4068 914 4122 monachus
932 4067 1047 4122 nornine
1065 4065 1232 4137 Radulphus
1245 4081 1310 4122 curn
1324 4067 1429 4127 feretro

227 4163 261 4210 40
311 4114 448 4167 osbmm'
591 4151 681 4206 sancti
694 4150 816 4204 martiris
828 4149 964 4204 assideret
978 4151 1013 4205 de
1030 4151 1156 4205 eiusdem
1172 4149 1310 4221 obsequio
1321 4152 1429 4209 sollici·

273 4243 332 4285 tus:
352 4242 408 4286 tres
421 4232 496 4288 uiros
510 4233 539 4287 in
551 4235 681 4288 oracione
695 4242 848 4302 prostratos
867 4231 988 4302 inspicit.
1025 4232 1080 4302 Qui
1098 4250 1162 4288 cum
1178 4249 1276 4304 preces
1289 4235 1428 4304 prolixius

337 4337 414 4386 ²Tit.
427 4339 574 4391 monitoriis.
706 4340 783 4390 ¹Tir.
795 4342 887 4391 enitere
899 4349 933 4391 nt.
1066 4339 1112 4392 ⁸r.
1124 4339 1243 4408 principis
1253 4341 1359 4394 sistitur.
