3012 4898
433 282 905 388 benenuntiate.
1168 289 1239 379 ³⁶7

87 490 171 549 illius
188 507 298 564 magna
314 489 409 548 oritur
424 485 579 559 dissentio,
598 485 724 560 singulis
745 503 817 544 suas
837 483 1028 543 auctoritates
1043 483 1082 542 de
1100 483 1240 541 habendo

87 597 219 653 corpore
246 578 312 636 eius
341 588 372 636 et
402 575 560 651 priuilegia
590 573 838 649 pretendentibus
846 573 864 630 ¹.
902 572 1107 630 Discretorum
1138 579 1240 628 tamen

87 663 193 720 habito
210 662 333 720 tandem
346 659 480 729 consilio,
493 658 677 718 orationibus
691 666 721 715 et
733 656 852 716 ieiuniis
864 654 1024 714 insistere²
1036 654 1240 728 acquiescunt,

87 759 121 806 vt
143 765 282 808 smnmus
301 747 412 807 arbiter
432 746 579 814 Christus,
599 745 651 820 qui
669 753 717 804 est
734 761 807 802 vera
825 743 984 802 auctoritas
1002 751 1032 800 et
1050 741 1240 817 priuilegium

87 847 273 907 sanctourm,
292 836 453 894 ostendere
474 834 649 907 dignaretur
669 833 778 906 quibus
800 832 894 890 sancti
919 831 966 890 sui
989 847 1099 902 corpus
1120 828 1270 902 digniust

86 933 173 982 esset
191 922 446 982 committendum.
484 920 575 978 Mane
593 928 694 978 autem
711 918 799 988 facto,
811 918 932 993 quidam
945 917 1054 988 senior,
1066 916 1117 975 vbi
1129 933 1241 990 corpus

87 1011 187 1069 sancti
200 1011 330 1084 positum
342 1019 406 1068 erat
418 1007 606 1082 inspiciendo
621 1005 816 1065 considerans
824 1005 843 1076 ¹,
856 1023 929 1062 voce
942 1021 1050 1077 magna
1062 1003 1241 1060 exclamauit

88 1098 216 1155 dicens:
237 1097 403 1154 ‘Exaudite
414 1106 470 1165 est,
483 1095 589 1153 fratres
602 1093 671 1163 mei,
683 1111 702 1150 a
713 1093 836 1150 domino
850 1092 944 1149 oratio
962 1101 1073 1150 nostra.
1110 1089 1240 1163 Surgite,

88 1195 120 1242 et
132 1202 192 1258 que
207 1184 284 1244 sacta
301 1194 372 1243 sunt
384 1203 402 1242 a
414 1183 536 1242 Christo
548 1181 671 1240 domino
683 1183 721 1238 ad
733 1189 866 1239 vestram
878 1179 1043 1237 sedandam
1060 1177 1240 1236 discordiam

88 1272 241 1346 respicite,
259 1273 310 1330 vt⁴
323 1272 398 1329 sicut
417 1272 449 1329 in
469 1271 548 1328 beati
567 1268 749 1327 confessoris
767 1267 882 1324 Theliai
900 1267 961 1325 vita
979 1265 1178 1332 sanctissima,
1198 1266 1240 1322 sic
1257 1287 1287 1323 ιο

88 1369 121 1416 et
140 1360 173 1416 in
192 1359 258 1416 eius
277 1369 373 1417 morte
392 1359 431 1416 ad
453 1358 599 1414 honorem
620 1365 651 1414 et
669 1356 788 1413 laudem
807 1355 856 1414 dei
875 1355 984 1412 fierent
1004 1353 1164 1412 miracula}
1203 1353 1240 1410 Et

88 1465 162 1504 ecce
181 1447 284 1504 vident
302 1446 342 1504 ibi
367 1463 493 1520 corpora
513 1445 577 1516 tria,
597 1444 706 1518 quibus
724 1461 780 1517 par
798 1453 862 1502 erat
881 1443 1032 1516 quantitas
1051 1441 1082 1498 in
1104 1459 1241 1515 corpore,

88 1535 172 1591 idem
192 1534 274 1591 color
289 1535 320 1591 in
338 1533 421 1602 facie,
442 1533 523 1590 etin
542 1533 623 1589 nullo
643 1531 845 1606 discrepantia
868 1530 959 1589 totius
983 1529 1170 1603 compaginis
1188 1538 1239 1586 aut

88 1622 221 1679 vestium
239 1621 420 1680 lineamenta
438 1620 640 1695 possidebant
677 1619 789 1692 Sicque
801 1619 904 1676 sedata
917 1617 968 1675 lite
981 1616 1090 1690 singuli
1102 1633 1172 1674 cum
1185 1634 1240 1674 suo

89 1727 219 1783 corpore
240 1725 308 1766 cum
327 1708 436 1783 gaudio
458 1707 581 1779 reuersi,
601 1716 632 1764 et
655 1705 787 1764 diuersis
810 1705 841 1762 in
866 1705 940 1762 locis
960 1721 1028 1763 cum
1048 1721 1168 1761 summa
1193 1721 1241 1762 re·
1257 1720 1285 1771 ¹5

88 1797 229 1854 uerentia
247 1796 439 1870 sepelierunt.
474 1795 593 1852 ‘Vnum
613 1803 713 1852 autem
732 1811 843 1867 corpus
859 1793 890 1849 in
908 1791 1085 1850 landauensi
1105 1791 1241 1861 ecclesia,

89 1883 171 1942 aliud
189 1901 250 1940 non
268 1885 357 1958 longe
382 1885 420 1941 ab
439 1884 512 1941 vrbe
535 1881 773 1952 Caennerthin⁸,
795 1881 916 1938 tertium
938 1880 970 1937 in
990 1879 1186 1951 Westwallia,
1210 1879 1241 1936 in

90 1988 203 2046 magno
219 1971 333 2029 honore
349 1970 503 2030 habeturt

126 2099 206 2176 [us.
220 2101 391 2160 runca:
566 2080 774 2148 thamnae

128 2193 220 2276 (Erat
227 2205 361 2278 quidam)
374 2205 539 2264 monachus
551 2204 582 2262 in
596 2206 761 2280 (spelunca,
774 2222 891 2264 summe
908 2203 1100 2269 abstinencie,
1112 2203 1242 2276 cuncltis

90 2292 480 2352 animiilorensuirtutibus
507 2292 902 2367 (Cumqueinprosecti)bus
911 2291 1067 2350 confidens
1076 2308 1137 2348 non
1146 2301 1242 2350 totum
1257 2307 1288 2344 ao

89 2381 160 2449 deo,
168 2388 214 2438 set
223 2379 291 2452 (sibi
299 2379 357 2455 ipsi
366 2380 564 2451 retribueret,
572 2388 734 2454 temptator
742 2381 819 2438 hanc
827 2378 1090 2454 presumpcionem
1100 2378 1242 2452 (intuens,

89 2469 236 2542 quodam)
253 2485 382 2543 uespere
393 2468 479 2542 fingit
490 2486 524 2526 se
541 2467 718 2542 inspeciem
735 2469 870 2527 mulieris
884 2467 1074 2539 (oberramus
1087 2483 1143 2541 per
1154 2467 1244 2527 here·

89 2573 185 2614 mum.
228 2555 295 2626 Que
313 2566 345 2614 ut
363 2556 445 2614 fessa
464 2557 513 2628 (ad
532 2556 663 2615 hostium
685 2556 841 2629 spelun)ce
859 2555 1066 2613 lassitudinem
1088 2554 1243 2626 simulans,

91 2643 187 2714 (intus
197 2660 231 2700 se
240 2642 374 2716 proiecit)
383 2653 413 2700 et
427 2643 591 2714 (obuo)luta
604 2643 732 2716 genibus
745 2643 810 2700 eius
823 2652 855 2700 ut
866 2642 913 2700 sui
926 2642 1105 2700 misereatur
1116 2643 1242 2714 exor(at.

90 2729 202 2802 ‘Nox,)
215 2729 319 2803 inquit,
327 2747 376 2788 me
389 2730 635 2804 comprehendit:
656 2730 725 2788 iube
737 2747 786 2788 me
798 2729 956 2803 quiescere
968 2729 998 2786 in
1011 2729 1121 2802 angulo
1133 2729 1241 2788 cellule
1257 2746 1286 2796 ²⁵

89 2825 152 2888 tue,
176 2835 216 2874 ne
239 2816 316 2874 sorte
340 2817 454 2875 efficiar
477 2817 582 2874 bestiis
602 2817 713 2890 preda!
760 2816 797 2874 Et
824 2817 875 2874 ille
905 2816 1004 2890 primo
1034 2815 1242 2873 miseracionis

90 2905 228 2975 ob(tentu
253 2903 369 2978 recipit)
394 2921 462 2964 eam
485 2906 517 2960 in
542 2905 694 2978 spelunca,
720 2921 853 2978 querens
876 2921 998 2962 causam
1020 2903 1132 2961 erroris
1156 2903 1243 2962 eius⁸

90 3006 150 3066 per
172 2990 337 3050 heremum.
374 2991 415 3048 At
442 2991 495 3048 illa
522 3009 644 3048 causam
669 2991 764 3065 fingit,
789 3000 819 3048 et
843 2990 964 3048 interim
988 3006 1106 3048 uenena
1127 2990 1243 3048 blandi·

91 3087 264 3136 mentorum
284 3096 341 3152 per
361 3087 477 3137 textum
503 3079 682 3136 narrationis
702 3077 865 3147 interserit,
886 3086 917 3135 et
942 3094 1021 3134 nunc
1042 3095 1075 3134 se
1097 3076 1242 3136 miseran·

91 3167 172 3236 dam,
199 3183 278 3224 nunc
304 3165 480 3224 defensione
507 3166 630 3239 dignam
660 3167 835 3234 ostendens,
860 3163 1008 3239 elegantia
1037 3173 1067 3222 et
1095 3164 1243 3222 suauitate
1257 3183 1290 3234 30

91 3253 244 3312 sermonis
261 3252 413 3322 adlectum
432 3252 577 3324 helminis
595 3253 770 3311 illecebroso
789 3269 892 3312 amore
907 3251 1047 3310 deflectit.
1085 3251 1165 3310 Hinc
1183 3252 1243 3310 iam

91 3341 249 3398 blandiora
267 3342 421 3413 colloquia,
441 3340 497 3398 ioci
518 3341 657 3414 risusque
682 3340 855 3410 miscentur,
877 3356 985 3397 manus
1010 3340 1104 3396 eciam
1131 3356 1242 3413 procax

91 3428 131 3485 ad
151 3437 285 3485 mentum
306 3429 492 3502 barbamque
514 3427 624 3502 [quasi]
647 3429 822 3485 uenerando
841 3427 975 3500 speciem
993 3427 1163 3500 protendit;
1183 3427 1244 3486 iam

93 3532 167 3574 uero
187 3515 310 3589 palpare
333 3515 483 3573 ceruicem
509 3515 628 3573 mollius
649 3516 818 3588 collumque
843 3515 984 3588 lenigare.
1028 3513 1108 3584 Quid
1132 3515 1244 3572 multa?

91 3603 131 3659 ad
163 3601 326 3674 (ultimum)
351 3603 502 3676 captiuum
533 3602 613 3660 ducit
644 3602 769 3660 militem
800 3600 931 3660 Christi:
963 3601 1112 3660 Continuo
1138 3602 1242 3674 (enim)
1257 3619 1288 3669 35

91 3688 225 3746 libidinis
245 3688 384 3747 ssucubus
400 3691 557 3762 (estuans),
575 3689 670 3747 eciam
696 3690 832 3747 laborum
857 3689 1092 3762 (preteritorum)
1112 3706 1147 3746 ac
1172 3706 1243 3763 pro·

92 3775 234 3834 sessionis
254 3777 371 3846 oblitus,
385 3778 532 3834 obscenos
551 3777 610 3834 iam
625 3776 790 3834 conabatur
804 3776 882 3834 inire
899 3777 1065 3850 amplexus.
1104 3775 1157 3832 llla
1170 3792 1244 3833 uero

91 3864 238 3921 ululatum
254 3865 440 3921 teterrimum
459 3863 609 3936 emittens,
628 3864 704 3923 sicut
726 3864 832 3921 umbra
851 3874 915 3922 erat
934 3865 1040 3933 tenuis,
1059 3880 1117 3936 per
1134 3881 1244 3920 manus

92 3952 302 4026 amplectentis
325 3952 454 4010 elabitur
480 3953 641 4026 ipsumque
666 3953 822 4010 fedissima
845 3970 913 4010 cum
939 3953 1077 4010 irrisione
1101 3951 1244 4010 deseruit.

91 4039 179 4097 Tunc
199 4039 356 4098 multitudo
376 4041 538 4098 demonum
560 4042 590 4097 in
612 4057 684 4098 aere
705 4042 743 4097 ad
765 4041 822 4098 hoc
843 4041 1045 4113 spectaculum
1064 4048 1245 4112 congregata
1257 4057 1290 4108 ⁴⁰

91 4126 207 4201 ingenti
220 4128 350 4184 clamore
364 4127 499 4202 (ianuitz
519 4127 560 4186 ‘O
579 4129 629 4203 qui
647 4137 678 4186 te
694 4145 790 4202 usque
807 4129 846 4185 ad
865 4129 964 4185 celum
982 4127 1157 4197 extollebas,
1170 4144 1244 4200 quo·

126 4231 182 4282 ¹2.
194 4233 402 4296 precedentibus.
500 4233 556 4284 ⁸E.
569 4234 711 4284 instituere.
801 4233 878 4283 'vit
890 4233 1041 4295 respiciens.
1140 4232 1197 4283 ⁴1.
1210 4241 1244 4284 et.

91 4296 129 4329 Ν
146 4298 184 4350 Cf.
198 4299 252 4350 Lib.
266 4299 346 4350 hnd.
359 4315 384 4362 p.
399 4314 453 4363 ¹⁰9·
525 4299 581 4351 ⁸5.
593 4299 777 4350 caemerchin.
843 4297 853 4328 ⁷
871 4299 946 4348 From
958 4299 1029 4348 Vinc.
1043 4297 1109 4349 Bell.
1121 4297 1206 4348 xvh.
1218 4301 1242 4348 6.

92 4363 103 4393 ⁸
119 4364 174 4415 VB.
188 4365 291 4415 errandi
303 4380 369 4418 eam.
