3054 4904
394 317 470 410 Ut
492 314 657 404 &aaut
681 313 950 419 ltmtrprmu
1179 343 1220 393 12
1227 341 1245 414 5

100 518 223 574 audiens
238 518 275 575 ad
292 517 375 574 illum
387 519 500 588 venire,
512 517 644 588 visitare,
656 517 760 574 videre
773 527 803 574 et
816 517 1044 575 familiaritatem
1058 521 1123 574 eius
1137 518 1248 576 habere

100 606 244 677 cupiebat.
282 605 319 662 Et
335 623 404 663 cum
417 607 510 663 multa
523 606 738 679 discipulorum
751 607 838 662 turba
851 607 889 662 de
903 607 1085 663 monasterio
1098 623 1249 677 egressus,

100 709 165 749 cum
187 694 254 750 loco
278 694 533 767 appropinquaret
554 695 604 751 vbi
629 703 751 750 sanctus
775 693 937 766 episcopus
963 695 1111 763 manebat,
1131 694 1162 750 in
1187 703 1249 750 tres

100 789 213 836 turmas
232 797 340 838 omnes
352 781 515 854 discipulos
527 781 636 839 diuisit.
672 781 816 837 Similiter
829 791 859 837 et
873 780 1009 854 pontifex
1024 783 1088 838 suis
1105 781 1249 854 tripharie

99 867 254 939 distinctis,
266 886 335 926 cum
354 869 476 926 canticis
493 869 676 941 spiritalibus
693 869 751 925 illis
767 870 884 925 obuiam
904 869 1060 941 processit
1099 868 1133 924 ln
1152 869 1249 941 prima
1264 885 1278 937 5

98 964 196 1012 turma
213 965 299 1012 erant
317 955 458 1026 iuniores,
472 956 502 1012 in
516 957 648 1013 secunda
663 957 878 1029 promotiores,
892 955 922 1012 in
936 957 1022 1012 tertia
1037 973 1128 1013 senes
1141 957 1250 1013 decora

98 1043 427 1112 canicievenerabiles;
445 1045 491 1101 et¹
506 1045 653 1101 canebant
661 1044 813 1101 dicentes:
834 1043 886 1099 ‘ln
899 1044 955 1100 viis
965 1043 1077 1099 domini
1086 1060 1193 1115 magna
1204 1053 1250 1101 est

97 1131 190 1202 gloria
206 1131 338 1202 domini,’
351 1141 382 1189 et
396 1131 459 1190 ‘via
472 1131 616 1188 iustorum
630 1141 712 1188 recta
728 1131 803 1187 facta
816 1141 871 1199 est,
885 1141 914 1187 et
928 1131 986 1187 iter
999 1139 1169 1188 sanctorum
1181 1148 1250 1204 pre-

98 1228 234 1289 paratum
254 1222 318 1276 est!
355 1219 402 1276 Ex
422 1229 505 1292 parte
524 1221 620 1276 sancti
633 1219 779 1276 Columbe
792 1219 956 1276 canebant:
977 1219 1082 1275 ‘Ibunt
1101 1221 1195 1276 sancti
1212 1220 1250 1276 de

97 1307 204 1364 virtute
218 1307 249 1363 in
261 1307 411 1374 virtutem,
421 1308 571 1366 videbitur
583 1309 658 1363 deus
671 1307 797 1363 deorum
809 1306 840 1362 in
854 1306 955 1379 Syon,’
967 1324 1035 1362 cum
1049 1306 1172 1363 alleluia
1212 1307 1250 1363 Et
1266 1329 1296 1364 ro

97 1393 135 1450 ait
151 1395 300 1452 Columba
318 1395 472 1468 discipulis
491 1397 571 1452 suis:
593 1395 705 1451 ‘Video
722 1395 913 1466 columpnam
930 1393 1058 1466 igneam,
1076 1395 1106 1450 in
1126 1396 1249 1451 modum

97 1499 207 1540 corone
217 1501 317 1554 auree,
326 1485 356 1540 in
367 1486 456 1540 tertio
465 1483 557 1540 choro
567 1500 660 1556 super
671 1485 848 1555 episcopum
858 1492 994 1539 sanctum
1005 1484 1249 1552 descendentem,

97 1571 239 1627 etlumen
250 1571 390 1628 claritatis
399 1571 519 1628 celestis
529 1589 624 1644 super
632 1573 718 1628 eum!
746 1570 783 1626 Et
793 1571 1070 1643 appropinquantes
1081 1570 1250 1626 adinuicem

97 1659 200 1728 sancti,
213 1659 245 1714 in
258 1658 417 1732 amplexus
430 1669 549 1716 mutuos
562 1668 592 1715 et
605 1659 707 1714 oscula
719 1667 823 1714 sancta
835 1668 933 1714 ruunt.
1006 1646 1169 1715 Venerunt
1181 1674 1250 1715 cum

97 1755 201 1802 sancto
221 1746 367 1802 Columba
385 1749 506 1820 quidam
525 1747 577 1803 lilii
596 1746 698 1816 Belial,
718 1747 755 1802 ad
773 1745 852 1802 furta
871 1755 902 1802 et
920 1753 1041 1818 peccata
1060 1746 1188 1803 assueti:
1211 1747 1249 1802 de
1266 1765 1294 1815 1⁵

97 1851 188 1906 grege
201 1834 298 1891 sancti
310 1835 460 1907 pontificis
473 1842 594 1907 pastore
606 1833 720 1890 iniuriis
733 1833 839 1890 affecto
851 1834 976 1890 arietem
989 1833 1151 1905 rapientes,
1161 1841 1249 1905 caput

97 1921 160 1976 eius
172 1921 330 1978 auserunt:
350 1924 429 1979 aries
440 1939 514 1980 vero
527 1923 642 1978 concito
654 1923 748 1995 gradu
761 1922 799 1977 ad
812 1938 936 1994 gregem
949 1938 1075 1978 currens
1088 1921 1207 1989 con-uit,
1220 1929 1251 1976 et

97 2020 184 2082 caput
197 2011 228 2066 in
243 2010 374 2083 lapidem
384 2019 529 2066 mutatum
543 2011 681 2066 manibus
691 2012 821 2066 tenentis
831 2009 957 2065 firmiter
969 2008 1095 2065 adhesit.
1127 2007 1249 2064 Conlusi

97 2114 169 2169 ergo
188 2097 354 2170 iniquitatis
373 2097 433 2167 filii,
447 2107 516 2154 ante
535 2098 630 2170 pedes
649 2099 745 2154 sancti
766 2097 953 2169 Kentegerni
971 2097 1111 2169 prostrati
1130 2095 1249 2152 veniam

97 2203 163 2242 cum
175 2184 332 2242 lachrimis
348 2186 548 2258 postulabant
584 2185 643 2256 Qui
657 2185 787 2257 benigne
800 2203 853 2242 eos
867 2186 1062 2257 redarguens,
1075 2201 1116 2239 ne
1127 2183 1250 2239 ulterius
1265 2203 1296 2238 ιο

97 2271 243 2342 fraudem,
264 2272 385 2344 lurtum,
410 2273 458 2330 vel
483 2272 672 2346 sacrilegium
691 2273 912 2329 committerent
937 2274 1101 2342 admonuit,
1128 2289 1145 2328 a
1165 2281 1249 2328 reatu

97 2360 233 2429 absoluit,
246 2369 276 2416 et
288 2377 398 2434 corpus
415 2359 517 2418 arietis
534 2360 592 2416 illis
609 2362 732 2417 tradens
750 2362 788 2416 ad
805 2377 860 2418 sua
876 2360 1000 2416 remisit.
1037 2359 1134 2432 Caput
1149 2368 1249 2416 tamen

96 2448 125 2502 in
144 2465 254 2504 saxum
272 2465 453 2504 conuersum
466 2449 496 2504 in
514 2447 649 2504 miraculi
662 2447 865 2504 testimonium
878 2465 974 2520 vsque
988 2448 1077 2504 hodie
1094 2446 1125 2503 in
1143 2447 1250 2503 eodem

96 2534 160 2592 loco
172 2536 348 2593 custoditur.
381 2535 415 2592 In
429 2535 549 2608 signum
562 2553 681 2608 quoque
695 2544 798 2592 mutue
810 2535 978 2592 dilectionis
991 2536 1066 2591 alter
1078 2543 1249 2591 sanctorum

96 2622 219 2681 alterius
231 2623 370 2680 baculum
384 2624 534 2696 suscepit:
554 2633 583 2679 et
596 2624 720 2680 baculus
732 2641 822 2695 quem
836 2631 957 2679 sanctus
970 2623 1114 2680 Columba
1126 2623 1249 2678 contulit
1265 2639 1294 2692 25

96 2711 249 2785 episcopo,
262 2712 342 2784 apud
357 2710 458 2784 Ripun
478 2711 508 2766 in
528 2711 657 2768 ecclesia
676 2711 770 2766 saneti
783 2711 934 2766 Willndi²
953 2712 1045 2767 multo
1063 2719 1200 2783 tempore
1218 2711 1249 2765 in

96 2815 205 2872 magna
218 2800 389 2856 reuerentia
401 2799 519 2856 habitus
532 2808 587 2856 est.
653 2786 737 2857 Cum
751 2816 872 2856 crucem
883 2801 1033 2872 quandam
1046 2800 1123 2854 mire
1135 2798 1250 2869 magni·

95 2888 209 2944 tudinis
227 2885 377 2960 lapideam
396 2886 426 2943 in
446 2887 591 2943 cimiterio
610 2886 779 2961 glascuensi
798 2887 883 2942 multi
896 2887 951 2943 viri
964 2886 1081 2959 erigere
1096 2903 1156 2941 non
1169 2886 1250 2941 vale-

96 2985 170 3043 rent,
182 2975 251 3031 susa
267 2976 305 3031 ad
318 2977 408 3031 deum
421 2975 516 3031 sancti
533 2993 625 3047 prece
642 2975 767 3046 angelus
784 2976 815 3030 in
834 2983 920 3030 nocte
933 2976 972 3031 de
986 2974 1049 3030 celo
1061 2973 1250 3030 descendens

95 3080 216 3120 crucem
240 3062 322 3118 illam
344 3063 450 3132 erexit,
469 3063 632 3132 benedixit,
653 3061 858 3132 sanctificauit,
878 3073 907 3119 et
930 3063 1063 3118 recessit.
1102 3061 1146 3116 lbi
1168 3060 1249 3116 enim
1264 3076 1296 3126 3⁰

95 3150 206 3209 virtute
223 3151 324 3207 diuina
344 3151 502 3207 sanitatem
521 3150 685 3222 perfectam
704 3150 789 3206 multi
809 3161 914 3223 postea
934 3151 1048 3205 meritis
1063 3147 1250 3220 Kentegerni

96 3239 241 3312 consequi
263 3247 446 3295 meruerunt.
517 3227 623 3295 Aliam
642 3255 763 3294 crucem
780 3239 810 3294 in
827 3238 899 3294 locis
916 3236 994 3293 illis⁸
1014 3237 1052 3293 de
1073 3237 1137 3292 sola
1158 3253 1251 3292 arena

96 3327 188 3384 maris
202 3325 316 3396 erexit;
335 3343 426 3399 quam
439 3326 521 3382 nulla
533 3325 611 3382 aeris
627 3325 820 3382 inclementia
832 3342 959 3398 usquam
972 3323 1139 3382 dissoluere
1151 3323 1248 3380 valet:

96 3415 144 3470 vbi
162 3414 255 3471 variis
274 3414 467 3487 languoribus
485 3413 608 3486 manati,
623 3414 727 3471 furiosi
746 3423 775 3470 et
794 3413 941 3469 demoniis
960 3411 1061 3469 vexati
1078 3421 1223 3469 sanantur
1230 3411 1249 3468 ⁴.

96 3490 283 3560 ⁵Fabn'cauit
292 3511 392 3558 autem
401 3501 606 3558 molendinum
614 3519 708 3574 super
717 3501 842 3557 fluuium
856 3501 985 3557 Gladum
994 3501 1012 3570 ⁶,
1026 3501 1105 3572 quod
1115 3503 1124 3534 ¹
1136 3499 1248 3555 nullam
1264 3515 1294 3565 35

95 3606 248 3647 annonam
266 3589 394 3646 furatam
412 3589 526 3645 molere
545 3589 702 3661 presumit,
715 3605 813 3661 neque
831 3589 942 3644 molam
959 3605 1057 3660 neque
1072 3587 1137 3643 eius
1154 3595 1249 3643 rotam

96 3687 165 3750 post
183 3679 290 3734 horam
309 3694 419 3733 nonam
438 3677 553 3734 sabbati
561 3677 580 3746 ⁸,
594 3677 690 3732 donec
709 3677 877 3733 celebretur
894 3675 1045 3733 dominica
1063 3677 1137 3744 dies,
1151 3683 1250 3730 rotare

96 3765 203 3838 aliquis
222 3774 322 3838 potest
332 3764 352 3821 ⁶.
424 3753 484 3822 Vir
499 3763 548 3821 dei
569 3765 661 3821 nimia
679 3765 801 3820 tandem
823 3773 979 3821 senectute
998 3762 1159 3832 confectus,
1181 3777 1249 3817 curn

97 3869 258 3910 neruorum
281 3869 427 3926 compago
446 3869 526 3926 pene
547 3869 705 3908 emarcens
726 3853 870 3908 dissoluta
890 3851 1005 3922 suisset,
1025 3852 1156 3923 quodam
1179 3850 1250 3905 sub-

96 3939 181 4014 ligari
198 3941 278 3998 lineo
294 3957 350 4013 per
362 3941 495 3997 medium
513 3940 617 4012 capitis
634 3949 664 3996 et
677 3939 773 3996 desub
786 3949 888 3996 mento
901 3939 1101 3997 circumducto
1114 3945 1249 3993 mentum
1262 3965 1295 4016 40

96 4037 126 4084 et
135 4029 274 4086 maxillas
286 4028 474 4097 sustentauit,
481 4037 514 4085 vt
523 4028 561 4084 ad
572 4027 785 4101 proferendum
796 4045 854 4100 que
862 4027 952 4084 vellet
962 4024 1130 4098 expeditior
1141 4025 1249 4080 redde·

96 4125 188 4176 retur.
226 4116 358 4173 Demum
379 4117 551 4173 conuocatis
576 4115 731 4188 discipulis
753 4117 825 4185 suis,
850 4116 888 4172 de
913 4111 1122 4171 obseruatione
1146 4121 1249 4169 sancte

128 4256 137 4285 ¹
155 4272 205 4306 om.
218 4257 245 4305 in
256 4256 286 4308 T.
379 4253 389 4284 ¹
407 4255 437 4306 E.
447 4255 566 4306 Wulseri.
656 4257 665 4286 ³
681 4253 733 4304 vn
746 4256 772 4303 in
787 4254 979 4303 Lotbwerverd.
1067 4249 1078 4279 ⁴
1096 4251 1125 4300 E.
1138 4252 1246 4302 sanauit.

97 4321 136 4352 Μ
153 4337 205 4375 om.
225 4323 251 4372 in
269 4321 349 4386 Vita3
374 4321 405 4372 cs.
424 4322 585 4372 Camerarius
606 4321 646 4370 De
663 4319 721 4370 fort.
742 4322 814 4370 scot.
832 4336 857 4383 p.
878 4322 918 4384 85.
1017 4317 1114 4368 'Cam
1132 4317 1248 4368 Cludaur.

98 4385 106 4412 ³
125 4388 154 4438 T.
168 4388 198 4438 E.
210 4404 268 4452 que.
367 4389 377 4418 ⁸
394 4387 424 4440 E.
436 4388 545 4438 subbati.
1211 4419 1215 4424 -
