3062 4888
106 283 332 350 sannas]
372 267 446 360 bc
463 207 754 356 normanno
771 281 866 370 rare
883 274 923 353 rt
941 273 1131 371 nature.
1186 271 1257 369 583

107 467 254 523 Edmundi
268 467 448 524 Thefordiam
464 469 578 526 nomine
591 479 682 526 castra
694 479 816 526 metatus
827 479 879 526 est.
915 469 993 524 Albo
1005 469 1128 526 Flon'ac.
1165 467 1260 537 Quam

106 551 228 606 latenter
251 551 354 621 ignaris
373 551 481 608 ciuibus
501 553 694 622 introgressus,
717 553 829 623 ignibus
847 553 1028 610 cremandam
1048 553 1135 620 dedit,
1157 568 1259 622 pueros

106 649 190 689 senes
202 651 267 688 cum
279 633 432 690 iunioribus
445 635 558 691 obuiam
568 637 659 692 factos
673 635 786 706 iugulat,
794 647 822 692 et
834 638 1018 692 matronalem
1031 654 1080 694 seu
1093 636 1259 706 virginalem

105 716 277 786 pudiciciam
295 717 415 772 ludibrio
428 719 595 774 tradendam
614 720 738 774 mandat.
776 717 896 774 Maritus
914 737 978 774 cum
996 718 1115 790 coniuge
1132 729 1259 776 mortuus

105 809 155 854 aut
168 799 351 855 moribundus
367 799 477 857 iacebat
492 801 521 856 in
537 799 641 870 limine,
655 801 748 858 infans
765 811 862 872 raptus
880 819 898 856 a
916 802 1014 858 matris
1026 802 1157 858 uberibus
1176 800 1287 868 truci-5

105 881 228 937 dabatur
252 899 347 938 coram
371 884 504 940 maternis
524 884 676 940 obtutibus.
722 886 850 955 Cumque
873 885 1000 940 tirannus
1024 901 1059 939 ex
1082 883 1260 940 multitudine

106 963 315 1021 interfectonrm
345 975 489 1021 cruentam
518 966 626 1022 rabiem
655 966 857 1037 aliquantulum
883 976 1090 1022 exsaturasset:
1121 966 1260 1037 quosdam

105 1047 232 1118 plebeios
256 1050 375 1104 aduocat
399 1065 470 1121 quos
494 1066 544 1106 suo
567 1049 661 1120 gladio
685 1049 804 1106 credidit
828 1066 890 1106 esse
915 1049 1055 1118 indignos,
1073 1060 1102 1106 et
1127 1050 1162 1106 de
1185 1049 1259 1118 regis

106 1130 253 1186 Edmundi
265 1131 395 1186 conuenit
413 1133 553 1200 facultate,
566 1143 704 1204 potestate
721 1143 748 1188 et
761 1131 931 1200 fortitudine,
944 1151 978 1188 ac
993 1132 1039 1188 vbi
1053 1149 1162 1188 moram
1174 1132 1259 1189 faciat

105 1224 134 1270 et
153 1225 259 1284 quanto
277 1215 312 1270 sit
334 1215 451 1285 stipatus
469 1215 566 1284 milite,
584 1227 690 1287 quanta
707 1215 793 1272 frems
816 1217 1024 1272 emissariorum
1048 1217 1159 1282 virtute,
1183 1214 1258 1270 solli·
1275 1231 1305 1272 ro

106 1295 194 1352 cicius
217 1298 376 1368 inuestigat.
413 1298 527 1354 Sciebat
546 1308 640 1354 tamen
662 1300 738 1369 quod
758 1298 834 1354 idern
852 1317 901 1355 rex
920 1299 1087 1356 Edmundus
1107 1296 1213 1353 viribus
1231 1307 1259 1354 et

104 1379 193 1436 armis
212 1398 262 1450 per
273 1381 368 1437 omnia
385 1391 460 1437 esset
477 1392 605 1436 strenuus
623 1399 657 1437 ac
676 1381 704 1436 in
715 1381 792 1436 omui
807 1381 932 1452 corporis
944 1381 1119 1438 dimensione
1131 1379 1214 1436 simul
1231 1389 1260 1436 et

107 1463 277 1533 proceritate
296 1463 530 1535 incomparabilis,
543 1474 571 1519 et
589 1465 618 1520 in
632 1464 737 1520 Christi
749 1482 845 1520 amore
857 1482 966 1520 summe
978 1465 1105 1529 deuotus,
1118 1475 1146 1520 et
1158 1464 1259 1522 iccirco

105 1545 259 1601 festinabat
280 1547 386 1616 passim
408 1546 470 1603 neci
491 1549 601 1602 tradere
623 1562 693 1617 quos
712 1547 930 1618 circumquaque
947 1558 1056 1619 poterat
1075 1547 1205 1618 reperire,
1222 1563 1259 1602 ne

106 1627 197 1682 multo
215 1627 333 1700 stipatus
351 1628 471 1684 militum
490 1629 604 1700 agmine
616 1631 653 1686 ad
666 1630 755 1700 patrie
778 1641 806 1686 et
818 1629 884 1686 fidei
896 1647 946 1686 sue
958 1629 1150 1688 defensionem
1163 1639 1258 1702 posset
1274 1647 1303 1698 ¹5

105 1727 155 1764 rex
173 1709 227 1765 sibi
246 1711 381 1768 resistere
418 1713 456 1768 Et
474 1711 604 1784 quamuis
622 1723 697 1769 esset
716 1729 794 1769 more
812 1713 964 1784 piratarum
984 1714 1060 1769 ferox
1079 1725 1106 1771 et
1124 1712 1259 1772 crudelis·

106 1791 196 1848 simus
214 1809 357 1864 opumque
376 1803 403 1850 et
422 1795 564 1850 mundane
583 1795 783 1866 suppellectilis
807 1795 1014 1866 cupidissimus,
1034 1813 1145 1852 summo
1163 1807 1258 1852 tamen

105 1885 135 1932 et
148 1874 282 1946 precipuo
294 1877 433 1932 desiderio
444 1879 573 1934 estuabat
587 1879 681 1934 delere
699 1878 784 1934 fidem
798 1879 911 1935 Christi.
946 1878 1074 1935 Audiens
1087 1879 1172 1948 igitur
1183 1881 1259 1952 quod

105 1974 155 2014 rex
168 1957 336 2014 Edmundus
347 1962 423 2030 apud
441 1961 610 2030 Eglesdene,
623 1961 680 2018 alio
694 1961 809 2018 nomine
823 1963 925 2018 Hoxne
932 1959 951 2028 ¹,
964 1979 998 2016 eo
1010 1973 1137 2032 tempore
1149 1979 1257 2018 moram

104 2040 218 2108 faceret,
234 2041 356 2098 accitum
375 2059 461 2098 vnum
484 2061 518 2100 err
537 2044 775 2100 commilitonibus
793 2044 831 2099 ad
850 2061 914 2100 euru
930 2044 1034 2114 dirigit,
1047 2044 1147 2100 iubens
1168 2043 1257 2115 primo
1273 2060 1304 2098 so

105 2123 254 2180 blandiciis
275 2142 324 2179 cor
343 2125 403 2181 eius
423 2126 498 2182 allici
519 2137 549 2182 vt
570 2137 665 2197 spreto
684 2127 739 2182 deo
758 2145 817 2194 suo,
833 2126 972 2196 ydolatrie
988 2127 1094 2196 sedet,
1111 2127 1258 2197 pariteret

108 2207 220 2276 lngwar
236 2207 384 2276 maiestati,
402 2219 430 2264 et
450 2208 581 2266 mediatis
598 2209 737 2266 thesauris
758 2209 817 2266 suis
836 2226 900 2264 cum
919 2227 963 2276 eo,
982 2209 1165 2280 subterfugiat
1184 2209 1258 2268 illius

106 2289 333 2360 indignacionem
355 2292 408 2346 sub
428 2309 463 2348 eo
482 2302 665 2362 regnaturum
686 2309 721 2347 ac
741 2291 852 2348 interim
873 2293 925 2348 sub
948 2292 1150 2348 blandiciarum
1174 2289 1258 2362 pallio

105 2374 264 2442 exploretur
276 2373 376 2429 virium
393 2373 453 2430 eius
472 2385 605 2446 potestas,
618 2376 812 2431 thesaurorum
830 2375 956 2444 facultas,
967 2384 996 2431 et
1017 2375 1070 2430 loci
1092 2373 1215 2430 municio
1233 2373 1257 2430 si

105 2456 142 2512 sit
152 2456 345 2526 expugnabilis
358 2459 401 2512 vel
415 2456 643 2527 inexpugnabilis.
664 2459 789 2514 Veniens
801 2455 896 2528 itaque
907 2456 944 2512 ad
954 2474 1049 2528 regem
1061 2456 1142 2512 miles
1153 2455 1256 2514 tiranni
1273 2475 1302 2526 ¹⁵

104 2537 235 2606 nuncius,
252 2539 370 2596 siceum
386 2539 553 2611 alloquitur:
571 2539 726 2596 ‘Dominus
743 2556 823 2596 meus
839 2539 942 2610 vbique
956 2541 1121 2595 metuendus
1140 2540 1258 2610 lngwar,

105 2639 155 2678 rex
168 2623 315 2678 Danorum
328 2622 537 2690 inuictissimus,
544 2623 671 2678 diuersas
684 2633 773 2680 terras
786 2622 950 2678 subiciendo
963 2623 1016 2678 sibi
1028 2622 1114 2678 armis
1126 2623 1164 2678 ad
1176 2623 1258 2680 huius

105 2705 249 2776 prouincie
266 2706 332 2762 litus
353 2723 417 2761 cum
438 2705 532 2762 multis
548 2707 667 2762 nauibus
684 2705 858 2762 hiematurus
874 2705 992 2776 appulit,
1010 2705 1116 2777 tibique
1132 2705 1258 2772 mandat,

105 2799 203 2844 monet
215 2805 249 2842 ac
260 2788 381 2845 consulit
393 2799 423 2843 ut
441 2798 488 2843 tue
507 2788 589 2844 saluti
607 2788 758 2858 prouidens
774 2790 830 2844 deo
846 2799 894 2844 tuo
907 2789 1061 2855 renuncies,
1074 2797 1101 2844 et
1115 2789 1191 2844 colas
1203 2804 1258 2859 que

105 2871 173 2927 colit
188 2871 280 2940 ydola,
298 2881 327 2928 et
349 2873 496 2928 thesauros
513 2882 576 2927 tuos
594 2888 659 2926 cum
678 2889 712 2926 eo
728 2871 868 2938 dimidies,
886 2871 1001 2941 eiusque
1025 2870 1160 2926 voluntati
1181 2879 1209 2926 te
1230 2879 1257 2926 et
1270 2887 1303 2936 ³0

105 2971 226 3024 regnum
246 2964 325 3010 tuum
347 2971 397 3025 per
416 2954 513 3011 omnia
534 2954 664 3010 subicias.
713 2953 822 3025 Quodsi
843 2954 971 3022 neglecto
994 2953 1055 3008 eius
1079 2951 1197 3022 imperio
1221 2952 1257 3008 de

105 3038 163 3093 tuis
186 3037 293 3092 viribus
317 3039 517 3109 presumpseris
541 3047 569 3094 et
591 3037 727 3094 rebellare
750 3035 930 3108 disposueris,
952 3043 1001 3090 tuo
1025 3033 1178 3104 preiudicio
1199 3033 1257 3090 vita

106 3119 261 3191 priuaberis
280 3130 309 3177 et
329 3138 424 3190 regno.
461 3119 582 3178 Proinde
602 3117 808 3176 communicato
828 3133 893 3172 cum
914 3117 968 3172 tuis
988 3116 1113 3182 consilio,
1134 3115 1257 3172 velocius

105 3203 178 3273 elige
196 3204 272 3273 quod
291 3213 338 3260 tue
355 3203 439 3259 saluti
453 3203 582 3274 expediat
598 3202 703 3274 pariter
720 3211 749 3258 et
764 3200 880 3258 honori!
918 3201 987 3268 Rex,
999 3199 1054 3254 hiis
1070 3197 1182 3266 auditis,
1199 3199 1258 3254 alto

105 3285 200 3342 cordis
215 3286 311 3341 dolore
327 3285 470 3356 ingemuit,
483 3297 511 3342 et
529 3285 692 3356 episcopum
709 3285 907 3341 Hunberthurn
919 3299 1004 3354 quern
1017 3299 1111 3338 secum
1125 3281 1256 3352 habebat,
1271 3287 1305 3352 ὃς

105 3368 282 3436 familiarem,
305 3385 431 3424 seormm
455 3369 567 3424 vomuit
588 3379 616 3424 et
641 3369 709 3439 quid
733 3368 808 3424 facto
833 3367 869 3424 sit
893 3383 965 3437 opus
989 3364 1118 3433 consulit,
1139 3365 1256 3422 dicens:

105 3452 150 3506 ‘O
171 3467 252 3507 serue
270 3449 317 3506 dei
335 3450 393 3506 viui
414 3452 580 3508 Hunherthe
600 3461 629 3507 et
648 3451 797 3507 dimidium
817 3450 911 3506 anime
932 3467 1005 3518 mee,
1027 3466 1093 3506 ecoe
1117 3449 1257 3506 aduentus

105 3533 290 3590 barbarorum
308 3543 337 3590 et
355 3533 445 3590 crucis
458 3533 561 3591 Christi
580 3533 757 3590 inimicorum
775 3531 937 3603 im[m]iuet,
951 3533 999 3604 qui
1011 3533 1122 3589 dulcem
1137 3531 1257 3603 patriam

106 3635 172 3673 cum
183 3615 240 3672 suis
252 3617 464 3684 habitatoribus,
477 3616 533 3672 iam
546 3633 596 3689 pro
606 3627 684 3688 parte
697 3616 862 3684 desolatam,
870 3615 996 3672 funditus
1009 3615 1102 3672 delere
1110 3625 1256 3670 conantur.

106 3701 157 3758 Set
175 3716 241 3756 ecce
256 3717 302 3756 me
318 3699 502 3756 occumbente
520 3700 627 3756 vtinam
646 3700 787 3757 subiectus
805 3698 890 3754 michi
910 3700 1029 3769 populus
1041 3699 1121 3754 vinus
1135 3697 1256 3754 euadere
1270 3717 1303 3766 40

105 3783 261 3855 potuisset:
280 3799 348 3838 nam
365 3798 418 3852 ego
436 3799 488 3852 pro
505 3799 602 3838 amore
620 3782 698 3852 regni
716 3781 879 3853 temporalis
891 3783 935 3836 vel
953 3782 1031 3836 luero
1043 3779 1099 3836 vite
1117 3779 1255 3850 presentis

105 3883 164 3926 non
183 3881 229 3922 me
245 3864 383 3921 subiciam
401 3865 513 3920 tiranno
531 3865 638 3934 gentili,
650 3881 715 3921 cum
734 3882 784 3936 pro
802 3863 858 3921 fide
876 3863 999 3918 moriens
1016 3871 1045 3918 et
1063 3862 1161 3933 patria,
1174 3861 1255 3916 miles

105 3946 214 4021 possim
244 3945 316 4004 effici
345 3957 374 4003 et
404 3947 520 4017 signifer
548 3946 622 4018 regis
650 3947 755 4003 eterni'
798 3945 994 4017 Warmgsord
1031 3944 1083 4001 Cui
1108 3943 1256 4016 episeopus

103 4040 214 4090 secrete
225 4029 384 4100 respondit:
411 4030 551 4086 ‘Domine
563 4047 619 4099 rex,
631 4029 655 4085 si
668 4028 782 4102 aliquod
794 4039 951 4084 occurreret
963 4027 1110 4097 diffugium
1121 4043 1178 4098 quo
1189 4043 1255 4096 pos·

105 4129 202 4170 semus
213 4113 322 4168 saluare
333 4113 443 4170 animas
455 4123 566 4169 nostras
577 4113 699 4185 presidio
710 4113 784 4183 fuge,
797 4127 942 4182 possemus
954 4110 1133 4166 dedicionem
1146 4109 1255 4166 subter·
1268 4129 1301 4184 45

103 4196 219 4267 fugere:
232 4205 275 4254 set
283 4195 348 4267 quia
355 4195 475 4252 duorum
486 4195 606 4252 altemm
618 4193 781 4267 im[m]iuet,
790 4193 919 4250 videlieet
929 4203 977 4249 aut
986 4209 1063 4250 mors
1074 4203 1123 4250 aut
1136 4191 1255 4263 dedicio,

260 4299 269 4330 ¹
286 4301 340 4354 MS,
353 4303 457 4367 Homer
473 4317 530 4354 nov
541 4303 643 4365 Horon,
656 4319 689 4355 on
701 4301 744 4355 the
754 4303 821 4354 river
830 4301 953 4368 Wsreny,
964 4299 990 4352 in
1001 4299 1107 4352 stuata
