3042 4884
384 283 459 376 Da
483 279 649 370 &anau
674 284 937 392 mutumne
1164 308 1235 378 209

79 485 235 560 suscipere
248 495 278 544 et
291 485 464 543 necessaria
476 484 646 542 ministrare
659 485 791 542 solebat:
811 485 862 559 qui
874 485 999 544 vitulum
1012 486 1133 544 vnicum
1146 503 1235 542 suum

80 575 195 643 occidit,
218 583 248 630 et
274 574 446 630 conuiuium
471 582 573 630 sancte
597 573 705 646 virgini
729 574 911 647 preparauit.
948 575 1010 632 Sed
1034 592 1102 631 curn
1128 591 1234 648 parum

80 661 227 718 ceruisie¹
250 661 282 717 in
307 679 379 718 vase
405 662 534 734 quodam
559 660 692 731 haberet,
714 669 744 717 et
768 662 806 718 ad
831 679 939 734 preces
963 662 1028 718 eius
1053 661 1236 720 Modwenna

80 747 340 806 benedictionem*
359 765 451 821 super
467 748 622 806 vasculum
641 748 833 820 porrexisset,
846 748 986 805 omnibus
999 749 1119 806 haurire
1132 751 1235 806 volen-

79 837 158 892 tibus
182 854 247 892 non
273 835 416 905 decreuit,
445 836 500 892 sed
525 837 563 892 ad
589 853 710 892 omnem
736 836 943 892 sufficientiam
974 837 1040 893 sine
1068 827 1262 901 defectiones

78 921 252 980 abundauit.
290 923 407 980 Vitulus
425 941 544 996 quoque
563 923 680 980 occisus
698 933 728 979 et
747 933 907 992 comestus,
920 923 1035 980 meritis
1053 935 1157 981 sancte
1175 924 1235 981 vir·

78 1009 155 1082 ginis
168 1011 248 1066 miro
258 1011 394 1083 prodigio
407 1010 436 1066 in
450 1009 581 1066 crastino
590 1025 659 1067 cum
667 1019 762 1068 matre
773 1029 827 1067 sua
835 1020 975 1085 repertus
986 1019 1042 1068 est.
1098 999 1236 1084 Contigit

77 1097 161 1153 enim
180 1097 232 1154 die
251 1107 320 1170 post
338 1097 394 1154 hec
412 1097 509 1165 tertia,
523 1097 582 1153 Bar
594 1114 697 1170 regem
709 1115 779 1156 cum
799 1115 854 1155 suo
873 1098 1005 1156 exercitu
1018 1099 1100 1156 iuxta
1113 1100 1235 1156 domum

79 1184 201 1242 Deneth
227 1185 386 1242 transitum
409 1184 526 1255 facere;
556 1185 607 1257 qui
631 1187 669 1242 de
694 1185 901 1243 benedictione
924 1187 1049 1260 virginis
1073 1196 1175 1244 sancte
1205 1194 1236 1242 et

78 1272 196 1330 meritis
209 1274 374 1342 confidens,
387 1274 513 1330 accessit
525 1274 665 1330 audacter
677 1274 714 1330 ad
728 1291 831 1346 regem
844 1283 874 1332 et
890 1273 990 1346 ipsum
1010 1292 1079 1332 cum
1095 1275 1235 1332 omnibus
1251 1290 1282 1327 ιο

76 1361 142 1417 suis
162 1362 201 1418 ad
225 1361 385 1434 prandium
400 1361 542 1418 inuitauit.
578 1361 727 1418 Valebant
746 1371 846 1418 autem
866 1362 963 1418 adhuc
981 1363 1150 1434 predictum
1168 1379 1236 1419 vas·

77 1450 180 1506 culum
197 1459 228 1506 et
241 1449 299 1506 cibi
312 1449 363 1522 qui
374 1457 582 1506 remanserant
598 1449 636 1506 de
650 1466 756 1506 mensa
767 1448 900 1522 virginis,
911 1459 942 1506 et
955 1449 1094 1506 omnibus
1106 1449 1236 1507 sufficie-

77 1538 158 1594 bant.
199 1537 265 1593 Res
283 1538 359 1594 mira
377 1545 407 1593 et
423 1537 620 1594 vehementer
634 1538 803 1609 stupenda:
824 1536 961 1594 Modicus
977 1537 1062 1594 cibus
1075 1539 1236 1596 manduca-

77 1625 175 1694 batur,
195 1625 251 1682 sed
269 1625 533 1697 augmentabatur;
553 1633 642 1697 potus
662 1625 701 1681 de
719 1641 791 1681 vase
811 1633 986 1697 assumptus
1003 1625 1167 1697 potabatur,
1181 1627 1236 1683 sed

78 1730 137 1768 non
151 1713 396 1782 consumebatur,
409 1721 440 1770 et
458 1711 681 1786 quantomagis
697 1711 895 1778 hauriebatur,
909 1721 1051 1785 tanquam
1069 1712 1094 1769 si
1114 1730 1236 1786 semper
1252 1727 1281 1778 15

78 1809 258 1858 nasceretur
287 1799 318 1856 in
346 1800 467 1856 vasculo
493 1798 602 1872 iugiter
624 1800 823 1856 redundabat.
872 1799 982 1872 Sicque
1008 1817 1063 1857 rex
1088 1813 1156 1857 curn
1181 1818 1237 1858 suo

78 1889 214 1945 exercitu
234 1886 327 1944 biduo
347 1887 481 1957 recreati,
500 1888 590 1944 deum
609 1888 640 1942 in
661 1886 775 1959 virgine
796 1904 850 1944 sua
868 1897 971 1944 sancta
987 1887 1189 1960 glorificantes
1207 1898 1237 1946 et

76 1975 190 2046 gratias
209 1985 343 2048 agentes,
355 1974 406 2031 leti
425 1984 456 2031 et
476 1975 591 2031 alacres
607 1973 665 2032 iter
684 1992 772 2032 suum
794 1974 923 2047 ingressi
943 1983 1021 2030 sunt.
1092 1963 1237 2048 Virgines

77 2063 237 2120 cuiusdam
260 2061 432 2120 monasterii
454 2063 585 2135 quodam
609 2071 746 2135 tempore
770 2070 852 2118 tanta
871 2061 1041 2118 victualium
1066 2061 1165 2135 inopia
1188 2081 1237 2120 co-

77 2160 238 2223 angustata
250 2158 330 2220 sunt,
343 2158 374 2206 vt
386 2167 481 2224 vsque
494 2151 531 2206 ad
545 2159 673 2206 mortem
686 2167 765 2222 pene
778 2149 908 2207 deficere
919 2157 1104 2222 cogerentur.
1170 2150 1237 2221 Quo
1252 2163 1283 2200 ²0

77 2237 189 2308 audito,
205 2237 387 2294 Modwenna
403 2237 471 2294 illuc
488 2236 683 2310 proficiscens
695 2239 795 2294 omnia
810 2255 882 2294 vasa
895 2237 1067 2294 monasterii
1081 2237 1190 2311 pusilla
1208 2247 1238 2294 et

78 2342 191 2398 magna
211 2325 388 2397 congregari
407 2324 484 2393 fecit,
504 2334 535 2382 et
555 2324 716 2382 oratorium
738 2324 863 2394 intrans,
885 2342 941 2398 per
964 2325 1044 2382 diem
1065 2334 1095 2382 et
1119 2333 1238 2382 noctem

77 2413 209 2487 peruigil
228 2412 450 2470 obsecrationes
465 2429 536 2470 suas
553 2414 591 2468 ad
609 2413 700 2468 deum
715 2412 906 2469 continuauit.
943 2411 978 2468 ln
996 2413 1124 2469 crastino
1137 2421 1237 2470 autem

77 2500 238 2574 sequentis
251 2501 309 2556 diei
323 2502 423 2558 omnia
434 2516 507 2556 vasa
517 2500 610 2556 electo
624 2499 719 2556 tritico
732 2499 848 2572 repleta
860 2501 983 2556 inuenta
992 2507 1070 2556 sunt.
1125 2489 1236 2558 Multis

78 2591 182 2663 itaque
195 2587 291 2662 signis
304 2588 334 2644 in
348 2587 494 2646 Hibernia
507 2586 672 2658 declaratis,
685 2589 723 2644 ad
737 2603 840 2659 regem
854 2587 953 2644 Scotie
963 2587 1085 2644 nomine
1096 2587 1236 2661 Cona'gal,
1253 2601 1282 2653 ²5

78 2685 243 2750 cognatum
255 2693 354 2746 suum,
366 2675 508 2749 profecta,
521 2675 631 2732 multas
646 2674 787 2731 ecclesias
805 2683 835 2731 et
854 2674 1035 2731 monasteria
1053 2675 1237 2733 construxit:

78 2766 158 2822 inter
171 2781 234 2837 que
246 2765 326 2836 apud
336 2763 478 2820 Striuelin
488 2780 587 2833 vnam,
597 2771 627 2820 et
639 2763 718 2835 apud
730 2761 913 2834 Edenburgh
924 2763 954 2817 in
967 2761 1076 2818 montis
1086 2763 1238 2820 cacumine

79 2853 250 2910 inhonore
270 2851 364 2908 sancti
385 2850 540 2908 Michaelis
560 2850 686 2907 alteram
708 2847 857 2906 edificauit
875 2849 1050 2931 ecclesiam
1070 2849 1149 2906 etin
1169 2849 1238 2906 Gal-

78 2940 179 2998 wedia
201 2949 266 2995 tres
287 2937 455 2994 nominatas
475 2955 493 2994 a
514 2937 717 2996 fundamentis
738 2935 806 2993 fecit
826 2935 975 2992 ecclesias.
1013 2936 1048 2993 ln
1071 2936 1137 2994 istis
1156 2937 1237 2994 enim

79 3029 155 3086 locis
176 3025 273 3084 cilicio
289 3034 387 3095 vtens,
403 3041 529 3098 corpore
548 3025 629 3082 nudo
648 3026 685 3081 ad
700 3023 879 3080 durissimos
899 3023 1023 3097 lapides,
1043 3023 1161 3096 frigore,
1179 3023 1238 3092 siti,
1252 3042 1284 3092 30

78 3116 192 3183 inedia,
211 3113 321 3186 vigiliis
340 3121 370 3169 et
390 3112 596 3170 afflictionibus
615 3113 807 3170 cruciabatur.
845 3111 881 3167 ln
905 3112 1034 3184 quodam
1054 3111 1137 3169 fonte
1155 3111 1239 3168 iuxta

81 3200 300 3260 monasterium
313 3201 391 3272 quod
408 3208 616 3258 construxerat
630 3198 807 3256 ·Lonfrotin³
823 3207 969 3268 vocatum,
983 3199 1136 3256 sororibus
1151 3209 1238 3257 nocte

81 3288 242 3364 soporatis,
255 3287 387 3344 dimersa
403 3287 434 3344 in
446 3287 532 3361 aquis
547 3303 643 3360 vsque
660 3288 698 3344 ad
711 3297 817 3360 pectus
833 3295 928 3343 totum
941 3287 1116 3359 psalterium
1129 3288 1238 3345 decan-

80 3380 172 3447 tauit;
193 3375 413 3433 consolationes
425 3375 599 3448 angelorum
612 3375 784 3447 frequentes
797 3374 932 3438 habebat,
946 3374 996 3447 qui
1006 3375 1033 3432 ei
1046 3376 1237 3448 apparebant,

82 3467 158 3522 sicut
175 3463 293 3521 amicus
311 3479 380 3519 cum
400 3463 496 3520 amico
517 3463 720 3536 colloquentes
739 3480 807 3519 curn
825 3479 861 3518 ea
879 3471 908 3518 et
927 3461 1116 3520 instruentes.
1154 3451 1237 3522 Cum
1251 3483 1282 3535 55

82 3555 163 3610 enirn
179 3560 265 3610 nocte
278 3551 407 3623 quadam
421 3559 524 3607 contra
536 3549 655 3606 solitum
669 3549 814 3607 sensisset
828 3567 887 3606 non
900 3549 1020 3606 affuisse
1033 3550 1089 3606 sibi
1101 3569 1141 3607 ex
1154 3569 1238 3608 more

83 3642 202 3698 dulcem
228 3637 411 3712 presentiam
435 3637 595 3710 spirituum
620 3637 782 3705 beatorum,
807 3637 981 3694 contristata
1005 3638 1136 3711 cogitare
1160 3639 1238 3710 cepit

81 3729 213 3801 aliquam
235 3727 301 3782 sine
320 3724 410 3782 dubio
429 3725 561 3782 existere
578 3743 697 3782 causam
717 3741 810 3798 quare
828 3723 859 3781 in
878 3725 928 3780 illa
940 3733 1026 3782 nocte
1038 3725 1237 3782 visitationem

84 3824 259 3873 consuetam
279 3829 339 3870 non
358 3811 483 3870 vidisset
491 3813 510 3869 ⁴.
546 3811 684 3870 Crastina
702 3821 802 3869 autem
821 3811 869 3869 die
889 3813 963 3868 dixit
980 3812 1132 3868 sororibus
1153 3811 1236 3869 suis:

84 3903 258 3960 ‘Conserue
284 3917 352 3958 mee
377 3917 410 3957 ac
432 3899 493 3957 filie
517 3899 720 3970 dilectissime,
742 3899 772 3956 in
794 3909 880 3956 nocte
902 3899 957 3956 hac
981 3899 1152 3972 precedenti
1177 3917 1236 3956 non
1250 3916 1283 3966 40

85 3991 243 4048 habuimus
262 3996 382 4045 sanctos
400 3988 535 4061 hospites
553 3988 703 4045 adiutores
720 3995 847 4056 nostros,
861 3987 911 4060 qui
930 3995 1017 4042 antea
1029 3985 1107 4042 soliti
1119 3986 1238 4043 fuerant

85 4078 236 4136 orationes
249 4085 368 4133 nostras
381 4074 459 4132 ferre
472 4075 601 4132 libenter
616 4076 653 4132 ad
670 4076 825 4132 dominum
838 4091 949 4147 easque
961 4083 1029 4130 ante
1043 4083 1236 4146 conspectum

86 4165 185 4222 throni
197 4163 335 4222 altissimi
348 4180 416 4221 curn
429 4161 608 4220 exultatione
619 4171 803 4237 presentare.
833 4161 979 4218 Videbam
993 4161 1073 4218 enirn
1084 4172 1169 4219 nocte
1179 4161 1238 4219 ista

148 4338 335 4390 ¹E.seruisie.
402 4336 458 4387 ¹E.
470 4337 657 4388 benedictione.
723 4335 778 4388 ¹T.
791 4336 923 4387 lonfortin.
989 4335 1046 4388 ⁴E.
1060 4337 1176 4387 didisset.

121 4449 187 4490 V01..
200 4449 230 4490 11.
659 4447 677 4488 P
