3054 4904
280 325 327 398 88
595 321 726 408 lim
751 317 942 422 [tumltu
965 317 1117 422 uncta

281 521 395 578 Eadem
414 529 514 578 autem
532 529 620 578 nocte
634 521 773 594 apparuit
787 522 817 578 ei
833 529 955 578 sanctus
971 521 1140 594 episcopus,
1155 520 1276 578 dicens:
1305 519 1430 593 ‘Surge

279 609 383 682 inquit,
397 625 488 682 surge
499 610 688 682 quantotius:
709 625 779 666 narn
792 625 849 681 ego
862 609 912 664 ille
925 625 1015 682 quem
1032 618 1063 665 tu
1081 617 1213 666 sutorem
1228 609 1430 675 subsannasti,

280 714 384 754 ocreas
396 697 450 754 tibi
462 697 615 754 durabiles
627 697 748 769 paraui:
769 696 826 754 biis
841 697 984 766 indueris,
997 696 1055 753 biis
1071 698 1193 753 domurn
1208 696 1238 752 in
1252 696 1431 752 memoriam
1524 719 1525 764 j

281 787 341 842 mei
353 785 517 858 equitabis!
546 785 660 842 Ocreas
676 784 865 842 strictissime
877 783 942 841 eius
958 783 1097 841 informat
1112 784 1257 850 cruribus,
1272 793 1305 840 vt
1321 785 1431 840 sedere

252 891 266 941 5
280 875 456 930 viderentur
467 872 598 929 facetius
624 871 675 930 Sic
689 873 790 946 itaque
801 889 968 930 concussus
979 872 1108 944 euigilat,
1120 881 1151 929 et
1162 871 1331 928 artissimus
1343 872 1430 928 dolor
1524 889 1525 896 ¹

281 961 370 1018 tibias
391 960 457 1018 eius
478 961 698 1033 constringens,
721 960 818 1017 standi
838 959 1127 1034 progrediendique¹
1149 959 1317 1016 facultatem
1336 960 1431 1015 dene-
1524 943 1525 998 l

279 1050 385 1121 gabat:
406 1057 437 1105 et
455 1048 624 1121 quindecim
643 1049 731 1104 annis
749 1048 779 1104 in
798 1047 995 1120 compedibus
1013 1047 1109 1104 sancti
1125 1049 1219 1121 patris
1236 1047 1343 1103 debilis
1361 1063 1431 1119 per·

234 1137 237 1144 ’
281 1136 398 1193 mansit
435 1135 573 1208 Septimo
585 1153 658 1193 uero
670 1134 718 1192 die
731 1144 800 1191 ante
816 1135 929 1192 obitum
948 1137 1014 1192 eius
1030 1136 1167 1208 appanrit
1183 1137 1211 1192 ei
1228 1145 1351 1192 sanctus
1364 1134 1432 1191 Yuo

281 1223 439 1296 splendido
458 1224 541 1280 vultu
564 1233 594 1280 et
612 1221 723 1292 habitu,
743 1223 866 1280 dicens:
894 1222 975 1279 ‘lant
993 1231 1114 1296 tempus
1132 1223 1222 1279 instat
1247 1232 1279 1280 vt
1303 1224 1432 1278 verbera
1524 1219 1525 1286 ξ

239 1311 389 1384 inquibus
409 1319 440 1368 te
461 1311 590 1384 corripui
613 1312 643 1367 in
666 1311 833 1368 remedium
857 1319 1010 1367 transeant
1031 1310 1190 1384 sospitatis,
1212 1321 1242 1367 et
1264 1327 1321 1384 pro
1341 1312 1432 1383 longa

282 1407 368 1455 nocte
388 1398 663 1471 incomlm10ditatis
683 1399 861 1456 letissimum
876 1399 956 1455 diem
974 1399 1132 1472 possideas
1150 1407 1253 1456 eterne
1273 1399 1432 1455 felicitatis.

282 1486 419 1559 Septimo
439 1487 567 1543 abhinc²
587 1487 636 1544 die
657 1497 781 1560 paratus
802 1497 886 1555 esto:
910 1485 1030 1542 veniam
1051 1496 1081 1543 te
1103 1485 1257 1559 suscipere
1275 1486 1314 1542 ad
1333 1487 1432 1543 lucem

281 1575 320 1630 de
332 1574 432 1630 carnis
444 1575 500 1630 hoc
513 1575 681 1648 ergastulo.²
719 1573 756 1630 Et
768 1573 876 1630 facturn
889 1583 935 1630 est
948 1574 995 1630 ita
1078 1561 1171 1630 Facta
1189 1583 1236 1630 est
1256 1574 1434 1647 [inuentioP
1524 1643 1525 1646 Ἴ

282 1663 376 1717 sancti
394 1660 510 1718 Yuonis
528 1680 608 1718 anno
627 1661 740 1719 domini
759 1662 920 1718 millesimo
937 1661 1042 1734 primo,
1059 1671 1165 1718 octauo
1182 1662 1326 1718 kalendas
1343 1663 1432 1732 maii;

240 1769 268 1818 ¹5
282 1749 408 1821 diesque
435 1750 638 1806 translationis
665 1750 731 1807 eius
759 1759 864 1822 quarto
889 1749 955 1805 idus
979 1748 1051 1806 iunii
1078 1759 1259 1819 consecrata,
1284 1761 1434 1822 perpetuo

282 1837 421 1894 indicitur
438 1839 626 1895 celebranda
663 1838 796 1895 Venerat
824 1847 924 1893 autem
946 1839 984 1892 ad
1011 1836 1193 1893 Britanniam
1214 1838 1293 1892 circa
1317 1855 1433 1894 annum

281 1925 394 1981 domini
415 1925 676 1982 sexcentesimum.
715 1924 769 1981 Est
787 1934 888 1982 autem
906 1924 1008 1997 Slepe,
1023 1925 1092 1980 villa
1108 1925 1269 1997 antiquitus
1286 1927 1329 1982 sic
1345 1927 1433 1994 dicta,

281 2013 331 2069 vbi
356 2030 466 2086 corpus
495 2013 673 2070 sanctissimi
703 2012 884 2069 confessoris
912 2022 1065 2085 repertum
1094 2012 1188 2070 fuisse
1215 2013 1391 2083 dinoscitur,
1415 2031 1433 2069 a

283 2100 446 2158 Rameseie
463 2101 645 2158 monasterio
661 2111 727 2158 octo
744 2101 860 2157 distans
877 2100 1048 2170 miliaribus,
1061 2119 1079 2156 a
1094 2103 1187 2174 burgo
1203 2101 1433 2176 Huntingdonie

238 2217 270 2252 20
281 2189 384 2258 tribus,
407 2205 499 2261 super
517 2189 642 2245 lluuium
661 2190 782 2245 nomine
801 2188 903 2245 Ouse⁴
921 2189 995 2246 sita:
1023 2190 1111 2244 modo
1129 2206 1201 2245 vero
1222 2190 1306 2246 ‘villa
1329 2191 1432 2248 Sancti
1524 2237 1525 2246 ,

283 2275 414 2332 Yuonis’
435 2287 481 2334 est
502 2287 680 2348 nuncupata.
751 2265 862 2333 Abbas
882 2293 1000 2349 quoque
1020 2275 1176 2332 Ednothus
1193 2278 1224 2332 in
1243 2278 1308 2334 loco
1327 2278 1433 2336 inuen-

282 2363 372 2419 tionis
392 2364 486 2420 sancti
512 2366 645 2437 episcopi
671 2363 830 2420 ecclesiam
851 2363 1033 2422 construxit:
1065 2363 1164 2437 lpsius
1185 2382 1305 2438 quoque
1328 2371 1433 2424 tumbe
1524 2383 1525 2410 ³

282 2451 382 2508 media
399 2468 471 2523 pars
490 2451 566 2508 inira
589 2453 743 2525 parietem,
764 2461 794 2509 et
813 2453 912 2508 media
933 2460 1019 2508 extra
1037 2451 1199 2524 protensa⁸
1216 2461 1271 2521 est,
1291 2456 1434 2526 quatinus

283 2538 521 2608 aduentantibus,
539 2549 600 2597 tarn
619 2539 792 2596 obserrata⁸
811 2539 899 2596 ianua
919 2555 1009 2612 quam
1030 2549 1141 2612 aperta,
1160 2557 1238 2612 aque
1256 2542 1350 2613 gratia
1371 2561 1432 2600 non

239 2651 268 2701 ²5
283 2626 413 2694 deesset,
433 2645 491 2701 que
510 2627 617 2701 iugiter
635 2627 666 2683 in
687 2627 795 2684 eodem
815 2627 880 2683 loco
902 2629 1067 2697 abundans,
1089 2627 1203 2685 meritis
1225 2629 1313 2685 huius
1337 2631 1433 2687 sancti

285 2715 386 2770 multis
398 2715 544 2772 beneficia
556 2716 672 2772 confert
684 2715 852 2772 sanitatum.
918 2714 928 2746 '
941 2703 1017 2771 Duo
1029 2714 1141 2788 leprosi
1154 2716 1259 2772 eadem
1272 2733 1351 2790 aqua
1363 2736 1433 2790 per·

284 2801 349 2870 lusi,
368 2802 500 2875 perfecte
520 2812 674 2872 sanantur,
694 2813 724 2860 et
743 2803 805 2859 ceci
824 2812 889 2859 tres
907 2803 1060 2859 oculorum
1079 2803 1135 2860 luci
1155 2804 1435 2862 restituuntur.—

283 2876 476 2946 Adolescens
501 2893 539 2946 de
570 2890 705 2958 Venetia,
734 2890 903 2947 consularis
930 2891 1089 2963 dignitatis,
1115 2891 1259 2948 diabolico
1288 2892 1431 2951 instinctu

283 2993 418 3032 sororem
437 2979 592 3050 grauidam
610 2977 775 3036 interfecit:
795 2979 843 3034 et⁶
863 2977 1027 3051 penitentia
1042 2981 1164 3035 ductum
1181 2979 1286 3036 ferreis
1303 2981 1435 3039 nexibus
1524 3015 1525 3028 .

238 3088 271 3136 30
284 3065 444 3137 episcopus
462 3065 572 3138 alligat,
591 3082 608 3121 a
624 3065 755 3138 scapulis
772 3067 809 3122 ad
831 3082 922 3122 renes
941 3065 1021 3122 ferro
1042 3066 1226 3139 constringit,
1245 3077 1383 3124 ventrem
1404 3081 1435 3128 et
1524 3065 1525 3072 '

284 3152 404 3208 brachia
428 3153 507 3210 ferro
528 3153 670 3226 accingit:
699 3153 803 3227 sicque
826 3154 944 3210 vinctus
969 3154 1072 3210 mundi
1099 3165 1279 3228 pemagatur
1304 3157 1434 3228 climata,

283 3252 456 3297 sanctorum
468 3243 622 3313 poscendo
635 3241 783 3315 suffragia.
816 3241 873 3297 Et*
885 3243 966 3313 apud
979 3250 1115 3298 sanctum
1130 3242 1296 3299 Dionisium
1309 3247 1433 3302 tandem

283 3328 457 3397 deuenienS,
466 3329 617 3386 vinculum
630 3345 722 3386 unum
735 3329 830 3386 saneti
842 3345 933 3402 prece
943 3332 1108 3402 rumpitur:
1128 3347 1270 3402 mareque
1281 3333 1435 3390 transiens

285 3423 314 3470 et
327 3415 365 3470 ad
377 3417 511 3472 tumbam
523 3417 618 3473 sancti
629 3416 743 3472 Yuonis
755 3419 948 3489 per-ueniens,
959 3435 1027 3474 curn
1041 3418 1227 3490 ‘Magnificat
1236 3421 1243 3444 '
1252 3420 1282 3474 in
1295 3423 1435 3492 vesperis

239 3521 270 3571 35
285 3511 462 3572 cantaretur,
492 3512 521 3559 et
551 3521 660 3560 versus
690 3505 746 3561 iste
772 3505 827 3560 ‘Et
858 3505 1061 3562 misericordia
1091 3507 1157 3563 eius
1184 3524 1201 3562 a
1230 3510 1377 3580 progenie
1403 3511 1433 3564 in
1524 3567 1525 3582 ,

284 3589 461 3661 progenies’
477 3592 635 3660 diceretur,
652 3592 793 3648 inuisibili
811 3592 921 3648 virtute
940 3595 1106 3666 corripitur,
1118 3603 1199 3650 totus
1218 3611 1236 3650 a
1254 3603 1335 3651 terra
1353 3596 1435 3653 leua-
1524 3583 1525 3600 ¹

283 3687 341 3746 tur,
354 3685 493 3750 terreque
506 3678 591 3735 citius
604 3680 781 3752 deponitur:
802 3690 983 3754 rumpuntur
996 3682 1094 3738 ferrea
1112 3682 1260 3754 ligamina,
1273 3693 1303 3738 et
1315 3684 1435 3741 vincula

284 3766 402 3837 longius
422 3774 492 3820 sunt
512 3783 648 3824 excussa.
729 3757 795 3824 Alii
814 3785 934 3842 quoque
955 3779 1082 3843 quatuor
1101 3769 1180 3828 ferro
1199 3787 1255 3842 per
1272 3773 1435 3845 episcopos

284 3853 314 3908 in
328 3854 492 3924 penitentia
505 3854 625 3925 astricti,
638 3856 676 3912 ad
692 3857 827 3912 tumbam
845 3858 939 3913 sancti
956 3856 1072 3914 Yuonis
1087 3857 1242 3914 avinculis
1257 3869 1328 3914 sunt
1347 3861 1436 3917 abso-

238 3961 272 4013 40
285 3941 347 3996 luti.
392 3940 550 3998 Mulierem
575 3953 699 4016 propter
723 3944 855 4001 cecitatis
883 3945 1003 4018 plagam
1030 3962 1048 4001 a
1071 3945 1138 4002 viro
1160 3945 1344 4016 derelictam,
1369 3948 1435 4006 visu

285 4028 402 4084 reddito
421 4029 606 4088 consortauit.
656 4032 891 4088 Adolescentem
911 4033 1054 4088 miracula
1078 4033 1174 4089 sancti
1196 4033 1331 4107 episcopi
1356 4037 1437 4092 deri·

285 4116 407 4173 dentem
425 4127 587 4191 sanctoque
602 4119 819 4191 detrahentem,
832 4120 963 4177 curuatis
975 4122 1102 4192 genibus
1119 4129 1149 4177 et
1161 4121 1274 4194 rigidis,
1286 4127 1435 4196 usquead

318 4271 328 4302 ¹
347 4271 375 4319 E.
388 4274 604 4336 progriendique;
621 4291 672 4338 que
685 4291 734 4324 orn.
746 4277 773 4325 in
785 4276 814 4326 T.
907 4275 918 4305 ³
935 4276 963 4326 E.
976 4278 1078 4327 adhinc.
1177 4277 1187 4306 ⁸
1204 4278 1232 4326 T.
1246 4277 1274 4328 E.
1287 4281 1436 4331 translacio

284 4335 339 4384 ⁴E.
355 4351 427 4386 onse.
492 4339 548 4388 'E
563 4349 694 4401 protense.
760 4343 816 4390 ⁸E.
831 4341 955 4394 obserata.
1029 4342 1132 4392 'From
1148 4345 1210 4393 here
1222 4346 1262 4394 ed.
1277 4346 1377 4400 inAct.
1391 4349 1438 4398 SS.

286 4401 352 4451 Boll.
363 4401 432 4462 June
445 4402 478 4454 11.
491 4420 515 4466 p.
528 4406 584 4454 288.
650 4405 660 4434 ¹
676 4421 726 4458 om.
739 4407 764 4456 in
778 4407 845 4458 Boll.
