3008 4904
391 300 466 396 bt
490 301 654 392 sanctu
679 303 880 392 bunum
1138 328 1209 402 273

51 501 116 558 uita
131 499 224 560 datm
240 502 366 578 intelligi
385 505 454 578 quia
472 505 503 562 in
523 523 559 563 eo
577 505 656 563 mala
674 506 774 563 camis
790 523 859 564 cum
876 505 1056 579 operacione
1069 505 1209 564 elemosi-

53 605 166 646 narum
180 592 342 648 certabant
379 593 439 662 Qui
457 593 538 650 enim
555 611 612 667 per
629 611 721 651 coxas
741 595 891 663 deorsum,
905 611 961 667 per
974 595 1095 652 brachia
1110 595 1209 651 trahe·

53 677 145 734 batur
157 695 289 749 sursum,
297 687 379 753 patet
388 681 457 753 qnia
467 681 647 738 elemosinas
659 689 820 750 amauerat,
830 690 860 738 et
872 681 972 738 carnis
982 681 1065 740 uiciis
1076 681 1209 755 perfecte

53 780 115 821 non
128 765 291 837 restiterat,
303 784 363 840 que
375 785 445 825 eum
458 769 601 826 deorsum
612 770 770 827 trahebant
778 769 808 841 ¹.]

199 1023 224 1084 tl
245 1011 300 1082 Da
317 1041 434 1082 seuero
453 1014 609 1085 Ounoceo
627 1042 769 1084 ariscoro
788 1042 826 1082 ar
843 1041 1034 1084 conrassona
1042 1026 1061 1083 ².

57 1159 231 1290 SAnctus
240 1161 400 1222 Oudoceus
408 1163 519 1222 Christi
529 1181 645 1234 seruus,
654 1165 691 1221 ab
700 1163 823 1221 infantia
835 1165 922 1221 bonis
932 1171 962 1220 et
974 1164 1085 1222 sanctis
1096 1163 1209 1222 meritis
1222 1184 1237 1236 5

147 1249 277 1317 deditus,
291 1251 416 1320 ieiuniis,
429 1251 536 1324 vigiliis
555 1263 584 1309 et
603 1252 786 1308 orationibus
805 1269 860 1324 pro
879 1261 985 1308 eterna
1003 1254 1143 1309 mercede
1161 1268 1210 1308 as·

55 1333 171 1404 siduus,
192 1335 343 1394 liminibus
367 1339 447 1396 beati
466 1339 547 1397 Petri
571 1339 697 1414 apostoli
721 1337 856 1405 visitatis,
874 1339 971 1395 locum
997 1339 1092 1396 sancti
1112 1339 1209 1396 Dauid

56 1421 127 1479 adiit
148 1432 180 1480 et
199 1423 270 1481 inde
288 1443 345 1498 per
362 1427 519 1484 ecclesiam
539 1426 635 1484 sancti
650 1425 765 1483 Theliai
785 1425 948 1496 diuertens,
961 1426 1103 1500 reliquias
1120 1444 1210 1499 quas·

56 1509 126 1566 dam
149 1509 264 1569 ibidem
284 1508 462 1586 acquisitas³
480 1532 583 1571 secum
603 1514 750 1587 sumpsit:
777 1530 905 1587 cumque
926 1513 956 1569 in
976 1513 1082 1571 itinere
1101 1514 1210 1570 consti-

57 1605 137 1654 tutus
146 1598 316 1658 latronibus
326 1601 468 1672 obuiaret,
476 1611 507 1658 et
517 1601 558 1658 illi
570 1602 686 1674 copiam
698 1601 832 1658 thezauri
842 1619 911 1658 eum
921 1601 1032 1658 habere
1042 1611 1209 1674 sperantes,
1226 1621 1256 1656 io

58 1685 220 1756 depredari
232 1687 354 1759 vellent,
367 1689 521 1745 cecitatem
534 1689 734 1757 incurrerunt,
745 1699 775 1746 et
787 1689 958 1762 penitentes
971 1706 1063 1761 prece
1076 1687 1210 1746 Oudocei

58 1773 213 1828 oculorum
223 1773 321 1830 visum
335 1785 522 1850 receperunt.
584 1764 667 1835 Cum
681 1787 781 1840 autem
794 1777 889 1833 factus
902 1777 1063 1849 episcopus
1077 1776 1133 1833 iter
1142 1793 1210 1832 cum

58 1859 121 1915 suis
137 1870 254 1932 ageret,
266 1862 305 1919 de
325 1863 500 1920 mulieribus
514 1863 694 1937 quibusdam
712 1863 843 1921 butirum
861 1863 1037 1933 lauantibus,
1052 1881 1159 1936 aquam
1172 1865 1211 1920 de

58 1963 129 2003 vase
149 1947 208 2004 sibi
227 1949 340 2022 porrigi
359 1951 528 2024 postulauit.
566 1951 620 2008 llle
633 1969 705 2008 vero
721 1951 843 2021 ironice,
857 1951 973 2007 nullum
989 1952 1069 2007 aliud
1081 1969 1135 2008 vas
1152 1951 1211 2008 nisi

60 2033 191 2092 butirum
217 2053 251 2092 se
273 2037 384 2094 habere
406 2039 636 2112 responderunt
675 2039 845 2112 Episcopus
862 2053 943 2108 vero,
962 2050 1085 2112 accepto
1107 2039 1145 2095 ab
1166 2038 1211 2096 eis
1226 2057 1255 2108 15

59 2118 166 2191 butiro,
176 2131 209 2180 et
218 2123 366 2181 formata⁴
376 2127 545 2183 admodum
557 2125 765 2183 tintinnabuli⁸
778 2126 855 2196 nola,
865 2125 935 2182 inde
945 2125 1066 2198 potauit,
1076 2135 1107 2183 et
1116 2125 1147 2183 in
1160 2127 1211 2183 tali

60 2205 156 2266 forma
175 2211 331 2283 remansit,
348 2230 439 2270 aurea
456 2213 605 2284 videlicet,
622 2215 653 2269 in
672 2223 787 2275 tantum
806 2213 884 2286 quod
897 2212 1068 2270 videntibus
1086 2222 1212 2286 apparet

60 2311 128 2353 osse
139 2315 179 2355 ex
192 2315 267 2355 auro
276 2299 448 2372 purissimo,
456 2310 485 2358 et
495 2302 533 2357 ab
542 2301 593 2356 illo
603 2300 652 2356 die
660 2300 691 2357 in
701 2300 827 2358 ecclesia
835 2300 1026 2358 landauensi⁶
1036 2300 1066 2357 in
1077 2301 1211 2357 miraculi

61 2384 267 2442 testimonium
284 2397 488 2445 conseruatur.
563 2375 637 2445 Rex
654 2387 775 2461 quidam
787 2389 925 2448 venando
941 2405 1008 2445 cum
1026 2405 1148 2445 ceruum
1166 2388 1211 2446 in·

61 2483 248 2544 sequeretur,
266 2482 297 2531 et
315 2491 424 2532 cemus
446 2477 484 2532 ad
502 2475 625 2549 pallium
644 2475 738 2532 sancti
756 2474 938 2548 confugeret,
957 2493 1012 2532 rex
1034 2493 1101 2533 cum
1120 2492 1211 2534 vena·
1225 2499 1258 2538 aa

61 2559 177 2618 toribus
196 2561 253 2618 hoc
268 2561 376 2620 videns
395 2563 579 2634 miraculum,
591 2563 712 2620 veniam
731 2580 750 2619 a
767 2579 856 2619 seruo
874 2563 923 2619 dei
942 2563 1092 2621 humiliter
1108 2572 1211 2638 postu·

63 2645 143 2718 lauit,
156 2657 188 2706 et
205 2659 301 2707 totum
320 2651 503 2707 territorium
521 2650 563 2707 illi
579 2649 737 2707 concessit.
811 2639 951 2708 Dimissa
967 2652 1087 2708 tandem
1099 2655 1146 2708 vir
1163 2651 1212 2708 dei

64 2737 206 2805 pastorali
220 2753 300 2808 cura,
313 2738 479 2795 construxit
495 2738 709 2800 monasterium
722 2739 805 2800 iuxta
817 2754 926 2811 aquarn
938 2741 1060 2795 nomine
1072 2739 1170 2807 Weie,
1182 2747 1213 2796 et

63 2833 246 2898 congregata
259 2824 383 2882 fratrum
397 2843 505 2898 magna
518 2825 688 2895 cateruam
701 2842 811 2898 magna
822 2825 1002 2882 abstinentia
1015 2834 1045 2883 et
1057 2828 1213 2884 sanctitate

62 2909 121 2964 vite
146 2928 205 2985 per
229 2911 340 2970 multos
364 2929 459 2969 annos
482 2911 574 2970 vitam
599 2914 724 2982 ducens,
743 2913 883 2985 exempla
902 2911 1044 2969 virtutum
1069 2921 1098 2970 et
1122 2915 1212 2970 totius
1226 2937 1256 2988 ²5

64 2998 261 3056 sanctimonie
273 3017 369 3072 vsque
386 3002 424 3056 ad
438 3009 566 3058 mortem
580 3000 720 3058 fratribus
733 3001 871 3057 ostendit
909 2998 1049 3072 Migrauit
1061 3008 1161 3057 autern
1174 3001 1212 3056 ad

64 3081 216 3144 Christum
229 3095 317 3144 sexto
329 3105 424 3145 nonas
436 3087 505 3145 iulii.

100 3269 180 3342 [MS.
192 3271 259 3330 Tib.
271 3272 363 3330 adds:
557 3271 721 3330 Narratiot

102 3379 211 3452 Senex
243 3395 364 3466 quidam
394 3394 576 3452 desiderauit
606 3395 825 3467 cucu(merem:
856 3411 947 3468 quem
978 3413 1046 3452 cum
1075 3395 1213 3468 tulisset),

68 3482 225 3554 suspendit
246 3489 316 3540 ante
338 3481 453 3554 o(culos
473 3499 562 3554 suos;
588 3491 617 3540 et
637 3499 676 3540 ne
695 3483 876 3554 uinceretur)
895 3483 1122 3556 excupiditate,
1142 3486 1213 3557 (non

98 3623 106 3654 ¹
122 3628 224 3679 Collcct
233 3629 261 3678 in
272 3627 301 3680 T.
314 3647 321 3679 ι

100 3687 183 3754 Salus
202 3711 278 3765 pater
295 3703 441 3765 Deirorum,
458 3711 517 3752 esto
533 3703 604 3753 salus
621 3703 781 3764 miserorum,
797 3704 830 3752 ad
848 3709 875 3752 te
892 3718 941 3752 nos
958 3703 1135 3766 confugimus:
1155 3705 1214 3754 Rex

70 3765 183 3833 Qtvine,
202 3770 240 3819 sis
259 3777 404 3819 nostrorum
424 3771 574 3835 medi(ator)
594 3777 766 3832 peccatorum,
782 3769 939 3832 adplicantes
958 3771 1077 3832 petimus.
1112 3769 1144 3820 V.
1162 3770 1215 3820 Ora

68 3846 114 3893 pro
126 3851 150 3884 n.

101 3899 204 3960 Sancte,
217 3901 299 3949 nostri
315 3902 460 3958 recordare,
475 3907 501 3950 et
516 3915 564 3964 pro
581 3901 655 3949 nobis
671 3901 812 3962 deprecare
828 3899 921 3949 summi
937 3900 1006 3962 regis
1021 3901 1113 3951 liliam:
1131 3900 1216 3950 Corda

70 3975 151 4026 serua,
163 3982 228 4028 rege
240 3973 349 4026 mentes,
362 3974 389 4015 et
401 3982 450 4015 nos
462 3966 531 4030 (tibi)
543 3966 687 4015 seruientes
700 3967 748 4015 duc
760 3966 792 4014 ad
805 3965 853 4014 celi
865 3966 980 4027 gloriam
1016 3966 1045 4015 V.
1066 3966 1119 4014 Ora
1130 3981 1186 4028 pro.

102 4025 215 4104 Largire
232 4039 378 4102 suplicibus,
393 4041 558 4102 omnipotens
573 4047 654 4102 pater,
667 4048 816 4089 cunctorum
832 4041 934 4088 ueniam
951 4040 1099 4100 facinorum,
1113 4047 1139 4088 et
1151 4055 1216 4101 quos

72 4101 130 4153 facis
144 4106 284 4156 beatissimi
301 4106 402 4155 Oswini
417 4107 528 4154 martiris
543 4107 580 4154 tui
596 4107 843 4155 commemoracioue
858 4106 969 4169 gloriari,
982 4105 1060 4154 facias
1076 4106 1174 4154 meritis
1189 4113 1216 4154 et

71 4170 196 4234 nangiis
207 4171 298 4221 celitus
309 4172 447 4231 sublimari,
460 4186 513 4234 per.

101 4235 111 4264 ¹
128 4237 174 4288 Ed.
187 4239 214 4286 in
231 4237 264 4287 A
281 4237 328 4287 SS.
344 4237 409 4286 Boll
423 4253 439 4286 a
450 4237 512 4298 July
526 4236 543 4286 l.
558 4251 583 4300 p.
596 4238 659 4298 ali4;
674 4235 798 4298 abridged
814 4237 879 4285 from
895 4237 939 4286 the
952 4237 1089 4286 lectiones
1100 4237 1127 4285 in
1141 4237 1217 4286 Liber

74 4297 180 4353 landav.
192 4319 218 4366 p.
232 4303 306 4366 127);
323 4303 354 4353 cf.
367 4303 444 4364 Angl.
458 4303 484 4352 S.
498 4303 532 4352 11.
545 4305 601 4365 669.
695 4301 705 4330 ⁸
721 4302 750 4351 Τ.
765 4303 913 4364 adquisitas.
1007 4305 1015 4330 ⁴
1032 4302 1084 4350 Vit.
1096 4303 1215 4363 formato,

75 4367 130 4415 nola
140 4383 189 4419 om.
258 4368 269 4398 ⁸
286 4368 316 4418 E.
329 4369 493 4418 tintinnabili.
559 4366 614 4418 ‘a
628 4367 787 4418 laudaneusi.
851 4365 914 4419 'ct
928 4368 978 4418 Vit.
994 4367 1060 4419 Patr.
1073 4382 1098 4431 p.
1111 4371 1166 4432 7⁶7·

105 4475 169 4520 VOL.
182 4479 214 4518 11.
633 4478 652 4518 T
