3036 4878
101 282 322 348 asanaa]
357 266 432 359 {te
455 264 514 355 b.
533 267 750 353 commun
773 283 866 369 teuc
890 277 929 354 et
953 276 1141 372 marture.
1175 278 1244 345 661

99 465 250 534 gredimini
270 465 404 522 circulum
424 477 452 524 et
475 466 570 523 irruite
594 467 623 522 in
647 467 806 536 infirmum;
836 469 880 526 sin
904 481 1008 539 autem,
1028 469 1197 526 reuertimini
1221 470 1250 524 in

101 549 196 602 locum
213 553 351 605 vestrum!
389 552 443 621 Qui
463 551 559 606 statim
578 551 678 607 virtute
697 552 819 608 martiris
838 555 990 624 conpressi,
1003 571 1068 608 cum
1087 553 1251 609 confusione

101 644 294 700 recesserunt;
314 635 451 704 presbiter
466 645 559 690 autem
572 652 687 706 corpore
700 647 727 690 et
745 636 841 690 anima
859 637 1008 703 conualuit,
1021 636 1185 692 miraculum
1203 654 1251 691 ex-

101 714 202 783 posuit,
227 726 255 770 et
280 717 394 772 beatum
425 718 607 772 Edmundum
633 718 840 788 magnificando
865 719 902 774 ad
929 719 989 774 eius
1013 719 1162 775 ecclesiam
1187 735 1251 774 cum

100 797 247 854 oblacione
265 801 433 870 properauit.
1265 821 1280 871 5

106 922 227 1047 PUer
239 923 355 996 quidam
374 925 525 996 septennis,
539 943 622 996 super
634 943 718 997 quem
737 927 792 980 olla
814 943 876 981 cum
889 926 962 982 sabis
974 928 1156 983 vehementer
1173 928 1251 983 ebul-

202 1007 272 1062 liens
291 1008 394 1063 corruit
413 1020 440 1064 et
460 1009 592 1078 incendit,
610 1009 690 1080 quasi
710 1009 739 1063 in
759 1009 904 1080 procinctu
920 1011 1018 1065 mortis
1035 1027 1137 1065 nouem
1151 1009 1250 1065 diebus

103 1089 213 1144 iacebat
241 1091 384 1146 exanimis.
421 1092 473 1147 Cui
503 1103 583 1162 pater
612 1093 672 1148 eius
702 1094 866 1160 condolens,
896 1093 989 1163 ipsum
1020 1109 1136 1163 puerum
1166 1093 1251 1148 beato
1348 1087 1352 1094 ’

103 1173 264 1241 Edmundo,
277 1184 307 1230 ut
319 1193 383 1230 cum
396 1185 515 1244 sanaret,
530 1176 672 1232 offerebat.
710 1176 801 1231 Puero
817 1193 884 1232 vero
903 1193 953 1246 per
971 1175 1114 1230 martirem
1132 1185 1250 1230 sanato:

103 1267 184 1326 pater
195 1266 290 1312 uotum
302 1274 360 1312 non
373 1257 504 1328 impleuit
540 1259 678 1329 Apparuit
696 1276 762 1328 ergo
775 1260 873 1314 beatus
887 1258 1055 1314 Edmundus
1072 1259 1149 1314 fratri
1163 1257 1250 1328 ipsius
1267 1274 1297 1309 ιο

103 1339 191 1410 pueri,
204 1340 319 1395 dicens:
340 1341 414 1396 ‘Dic
433 1340 504 1411 patri
524 1352 571 1396 tuo
584 1351 613 1396 vt
632 1343 788 1396 membrum
806 1342 891 1397 michi
911 1343 1001 1397 soluat
1014 1342 1089 1413 quod
1108 1342 1251 1413 promisit!

104 1422 157 1477 Cui
175 1423 336 1492 respondit:
365 1424 515 1490 ‘Domine,
528 1425 604 1495 quod
623 1425 666 1479 uel
679 1426 762 1495 quale
781 1427 937 1480 membrum
957 1425 1084 1498 querisi’
1122 1425 1177 1496 Qui
1196 1425 1251 1480 ait:

103 1505 224 1560 ‘Filium
242 1524 323 1561 suurn
336 1525 422 1578 quero
435 1525 518 1578 quem
536 1508 621 1562 michi
634 1507 728 1576 vouit;
749 1526 832 1579 quem
848 1508 933 1563 michi
952 1509 1052 1574 soluat,
1065 1518 1094 1563 vt
1107 1509 1253 1578 promisit!

105 1590 190 1644 Pater
207 1601 299 1645 autem
319 1591 417 1644 audita
432 1590 539 1645 visione
558 1591 752 1659 commonitus,
766 1591 857 1662 ipsum
874 1608 991 1661 puerum
1009 1591 1131 1661 glorioso
1145 1591 1253 1647 martiri

102 1673 218 1728 tradidit
230 1674 459 1744 obsequendum!
1269 1692 1296 1741 ¹5

107 1791 283 1920 SUmmus
296 1794 454 1864 imperator,
468 1794 572 1849 famam
585 1794 628 1849 sui
642 1793 738 1849 militis
751 1811 808 1848 non
822 1795 912 1849 solum
925 1793 952 1847 in
965 1793 1094 1864 propriis,
1107 1802 1149 1848 set
1161 1793 1252 1848 eciam

195 1877 225 1931 in
241 1878 356 1932 remotis
371 1887 399 1932 et
416 1877 534 1932 diuersis
550 1877 676 1947 partibus
693 1877 859 1932 excellenter
870 1876 1009 1942 attollens,
1022 1876 1050 1930 in
1064 1875 1150 1930 natali
1164 1874 1251 1946 ipsius

104 1959 193 2015 sancti
213 1959 337 2016 martiris
357 1961 500 2015 Edmundi
525 1959 553 2015 in
579 1961 698 2016 ecclesia
722 1961 882 2016 cicestrensi
905 1976 1039 2029 magnum
1061 1975 1110 2029 pro
1132 1975 1167 2013 eo
1186 1959 1252 2014 fecit

103 2043 277 2097 miraculum.
315 2043 439 2098 Clericus
456 2043 531 2098 enim
549 2054 632 2100 nocte
651 2045 697 2098 illa
715 2044 790 2098 circa
805 2045 892 2098 altare
908 2041 983 2098 beati
999 2042 1154 2109 Edmundi,
1168 2057 1253 2110 super

104 2127 196 2180 voltas
216 2125 322 2180 ibidem
341 2135 538 2194 constructum,
558 2126 728 2194 ministrans,
745 2127 782 2180 ab
802 2126 948 2181 altitudine
966 2125 1047 2197 quasi
1063 2122 1128 2194 xlvij
1146 2125 1251 2194 pedum
1268 2147 1299 2182 ao

104 2207 216 2262 corruit.
261 2207 458 2278 incipiensque
479 2225 575 2264 ruere:
606 2227 676 2264 voce
697 2210 812 2280 querula
830 2219 858 2264 et
880 2209 963 2263 anxia
984 2207 1096 2262 inuocat
1120 2206 1253 2261 auxilium

104 2289 226 2345 martiris
244 2290 347 2360 egregii
367 2289 445 2345 cuius
463 2291 578 2346 seruiuit
597 2291 704 2346 honori.
742 2292 814 2346 Cum
832 2301 927 2346 autem
945 2301 1009 2361 post
1022 2299 1129 2344 tantam
1141 2289 1252 2344 ruinam

103 2389 181 2427 mors
198 2372 346 2443 repentina
365 2382 526 2443 putaretur:
546 2390 613 2429 ecce
632 2373 677 2429 die
690 2373 777 2428 tercia
794 2373 898 2429 meritis
911 2374 1000 2429 sancti
1014 2371 1157 2428 Edmundi
1170 2373 1253 2443 plene

104 2455 257 2522 conualuit,
278 2465 306 2510 et
327 2472 404 2510 more
424 2455 507 2510 solito
526 2454 652 2510 debitum
673 2458 863 2526 exequebatur
883 2455 1077 2524 ministerium,
1103 2454 1200 2510 diceus
1224 2465 1252 2510 et

104 2537 254 2607 predicans
266 2538 380 2593 beatum
393 2537 576 2592 Edmundum
588 2537 640 2593 sibi
654 2538 722 2593 dum
734 2537 846 2594 caderet
857 2539 944 2594 suisse
957 2539 1147 2609 suffragatum.
1269 2562 1280 2596 2
1285 2563 1299 2610 5

194 2658 328 2712 Onachus
341 2657 455 2727 quidam
468 2657 505 2712 de
518 2658 661 2712 Euesham
676 2656 705 2712 in
723 2657 858 2713 membris
871 2658 996 2713 virilibus
1011 2657 1118 2713 diutino
1136 2659 1253 2727 langore

229 2739 375 2807 cruciatus,
388 2756 452 2794 cum
469 2755 521 2793 nec
540 2739 657 2795 medicis
676 2757 729 2796 nec
746 2740 892 2796 medicinis
910 2741 999 2795 curari
1019 2749 1122 2810 posset,
1136 2741 1253 2795 beatum

105 2822 288 2878 Edmundum
308 2821 361 2892 piis
380 2821 508 2892 precibus
527 2821 685 2878 inuocabat.
721 2826 813 2878 Nocte
833 2823 915 2892 igitur
934 2824 1057 2893 quadarn
1076 2822 1206 2892 apparuit
1224 2821 1252 2875 in

104 2906 213 2961 visione
226 2904 279 2976 ipsi
293 2905 440 2968 monacho,
449 2903 565 2959 dicens:
586 2905 741 2975 ‘Nunquid
753 2903 859 2960 dormis
871 2907 897 2958 l'
914 2906 953 2959 Et
968 2905 1128 2974 respondit:
1149 2906 1157 2934 ‘
1168 2906 1195 2958 N
1198 2904 1253 2958 on.’

105 2989 143 3042 Et
163 2986 259 3042 statim
272 2985 364 3041 visum
382 2997 426 3042 est
444 2986 470 3041 ei
483 2987 559 3058 quod
571 2988 607 3042 de
623 2989 696 3042 lecto
713 3005 778 3042 eum
797 2988 962 3054 extraheret,
975 2985 1101 3056 gladium
1120 2987 1149 3040 in
1167 3002 1253 3040 manu
1267 3010 1299 3058 30

104 3081 205 3126 tenens
224 3079 252 3124 et
270 3068 387 3124 dicens:
411 3070 503 3138 ‘Lege
520 3071 597 3139 quod
616 3069 811 3140 scriptumest
829 3070 857 3124 in
878 3071 931 3125 hoc
949 3069 1061 3138 gladio!
1101 3068 1253 3139 lnspiciens

105 3163 201 3208 autem
213 3151 348 3220 gladium,
363 3151 432 3205 vidit
445 3161 473 3206 et
486 3151 552 3221 legit
570 3153 599 3206 in
612 3169 646 3207 eo
659 3153 792 3222 scriptum
806 3172 812 3208 :
833 3153 912 3208 ‘Hec
925 3163 966 3208 est
979 3151 1095 3207 victoria
1107 3169 1163 3223 qua
1174 3168 1254 3206 mun·

105 3235 173 3290 dum
195 3235 261 3290 vicit
282 3234 483 3302 Edmundus';
509 3233 657 3304 visumque
677 3245 720 3290 est
741 3234 767 3290 ei
789 3235 866 3307 quod
887 3237 987 3290 beatus
1012 3233 1180 3289 Edmundus
1205 3233 1253 3288 illo

104 3317 201 3388 gladio
225 3317 336 3372 infirma
357 3316 430 3371 illius
453 3317 580 3370 membra
601 3317 757 3372 abscideret
766 3314 785 3370 ¹.
822 3319 877 3388 Qui
901 3317 1048 3387 euigilans,
1069 3327 1098 3372 et
1118 3317 1253 3384 clamans,

105 3400 259 3455 monachos
278 3417 328 3470 per
346 3410 436 3454 totum
455 3398 649 3454 dormitorium
666 3399 807 3455 excitauit.
844 3400 899 3471 Qui
917 3409 1093 3456 accurrentes
1111 3409 1139 3454 et
1160 3409 1254 3455 cutem
1266 3422 1298 3472 5⁵

105 3483 295 3538 membrorum
313 3481 440 3550 incisam,
454 3492 482 3537 ct
500 3499 633 3552 magnam
651 3482 829 3553 putredinem
844 3485 971 3552 effusam,
983 3483 1151 3553 fratremque
1168 3482 1253 3538 mira·

106 3567 200 3621 culose
213 3577 339 3620 curatum
353 3565 501 3632 intuentes,
514 3564 644 3620 virtutem
656 3564 777 3620 martiris
790 3565 930 3636 magnifici
943 3562 1216 3636 com[m]endabant.

178 3691 284 3747 Uidarn
303 3688 484 3744 Flandrensis
499 3688 537 3744 ad
552 3689 684 3744 feretrum
702 3690 777 3744 beati
792 3689 936 3744 Edmundi
949 3707 1013 3744 cum
1028 3686 1157 3744 deuotis¹
1171 3704 1254 3744 acce·

212 3773 284 3828 dens
304 3770 465 3842 versipellis,
491 3789 606 3826 aureum
631 3771 731 3826 feretro
756 3772 873 3826 infixum
892 3771 972 3843 quasi
997 3772 1165 3825 deosculans
1189 3787 1253 3824 cum

106 3855 240 3914 dentibus
261 3855 415 3910 conabatur
437 3854 552 3924 eripere.
589 3854 681 3923 Quem
705 3855 805 3910 beatus
830 3853 997 3908 Edmundus
1021 3868 1078 3906 non
1101 3851 1253 3918 sustinens,
1266 3875 1300 3925 40

107 3940 251 4010 stupidum
273 3937 403 4006 reddidit,
422 3947 449 3992 et
469 3936 582 3992 dentem
602 3938 706 3992 talento
726 3937 871 3992 herentem
889 3935 990 3990 feretro
1015 3932 1174 4002 coniunxit;
1201 3951 1254 3989 nec

107 4023 221 4079 dentem
233 4038 286 4076 nec
301 4021 403 4090 pedem
421 4017 573 4075 amouere³
585 4019 683 4090 potuit.
720 4018 911 4073 Accurrebant
924 4033 991 4086 ergo
1010 4013 1140 4070 monachi
1159 4024 1187 4069 et
1206 4015 1253 4070 alii

107 4104 228 4178 plurimi,
236 4105 365 4158 virtutem
373 4101 700 4170 martirisreuercntes,et
708 4100 907 4171 eiuspietatem
915 4116 965 4169 pro
975 4097 1077 4153 misero
1087 4095 1252 4153 Flandrensi

107 4187 248 4245 humiliter
260 4194 415 4242 exorantes.
453 4185 508 4256 Qui
520 4185 635 4240 tandem
652 4183 766 4238 martire
782 4183 975 4253 compaciente
990 4181 1134 4245 resolutus,
1146 4179 1254 4235 lacinus

172 4340 180 4369 ¹
199 4339 437 4392 transduceret.
580 4337 590 4366 ²
607 4336 663 4387 MS.
681 4337 798 4386 deuotus.
947 4335 956 4365 ³
974 4333 1029 4384 MS.
1041 4349 1191 4386 ammonere.
