3044 4894
446 322 522 414 Da
546 319 710 410 &sotto
734 322 883 422 quatu.
1192 346 1237 418 53

86 521 199 579 volatili
208 522 346 594 velocior,
354 523 508 580 veneticus
516 522 675 580 inuisibilis
686 523 762 596 rapit
773 532 802 580 et
813 523 946 595 retrahit,
956 532 1100 597 raptaque
1109 524 1237 580 reddere

86 611 213 683 respuit,
227 611 312 683 punit
326 610 477 684 punibiles
488 609 505 665 ¹.
553 609 610 666 Die
620 611 702 666 enim
714 612 844 668 crastina
857 629 925 668 cum
943 611 1122 680 surrexeris,
1135 611 1173 667 ad
1186 609 1238 666 sil·

86 707 223 754 uestrem
236 698 365 754 vallem’
376 715 483 755 versus
501 697 715 754 occidentalem
734 699 863 771 plagam,
876 699 926 756 vbi
938 699 1126 756 mansionem
1144 697 1237 754 habe·

87 783 144 854 bis,
157 803 282 857 gressus
295 794 362 842 tuos
375 785 489 858 dirige!
528 785 594 856 Quo
608 803 697 842 mane
709 786 794 856 sactu,
808 795 837 844 et
854 786 1010 843 mansione
1024 796 1093 859 apta
1104 787 1236 855 inuenta,

88 871 267 928 Dubricium
301 873 516 929 landauensem
540 873 715 946 episcopum
739 873 819 944 adiit,
844 873 895 947 qui
916 873 1011 931 tonsis
1033 873 1146 947 capillis
1171 872 1265 943 eius5

85 977 230 1015 coronam
258 960 421 1028 benedixit,
446 968 476 1016 et
501 961 539 1016 ad
565 960 664 1016 locum
689 977 776 1017 suum
802 979 871 1017 eum
897 961 1020 1018 remisit.
1059 961 1235 1018 Constructa

84 1047 186 1119 itaque
206 1047 340 1110 ecclesia,
359 1047 466 1104 lltutus
482 1047 613 1120 vigilauit
632 1047 793 1105 ieiunando
808 1048 937 1119 assidue,
951 1057 979 1105 et
997 1050 1100 1105 orabat
1112 1049 1178 1104 sine
1194 1047 1237 1103 in·

83 1134 296 1204 termissione;
324 1135 475 1192 laborabat
497 1134 628 1208 propriis
651 1135 796 1202 manibus,
819 1136 850 1192 in
876 1136 981 1193 alienis
1003 1136 1154 1192 laboribus
1174 1153 1234 1191 non

83 1222 252 1278 confidens.
285 1222 379 1279 Nocte
392 1223 490 1279 media
503 1240 609 1296 aquam
620 1222 756 1294 frigidam
764 1223 895 1292 intrauit,
904 1232 934 1280 et
947 1224 1017 1280 inde
1030 1225 1066 1280 ad
1080 1222 1236 1279 ecclesiam

84 1326 220 1382 pergens
233 1319 263 1366 et
276 1327 374 1382 genua
383 1309 517 1378 flectens,
532 1327 651 1366 summo
665 1310 810 1366 conditori
823 1328 929 1383 preces
943 1311 1095 1368 fundebat.
1151 1299 1235 1369 Cum
1253 1330 1283 1366 to

85 1405 189 1452 autem
203 1397 277 1454 rex³
290 1396 367 1453 illius
380 1397 536 1470 prouincie
549 1397 598 1453 die
611 1399 740 1470 quadam
755 1398 905 1454 venationi
922 1397 1075 1456 insisteret
1086 1415 1237 1470 canesque

82 1503 159 1540 suos
172 1494 240 1557 post
253 1502 375 1541 ceruum
387 1503 481 1541 vnum
500 1485 665 1557 instigaret,
678 1485 727 1541 ille
747 1485 914 1558 exagitatus
934 1486 1035 1558 fugam
1052 1485 1144 1558 petiit,
1158 1485 1236 1542 cubi·

83 1573 186 1628 culum
202 1573 297 1628 sancti
317 1572 396 1629 lltuti
415 1572 556 1642 introiuit,
570 1582 600 1628 et
618 1573 748 1628 humano
761 1573 847 1646 quasi
867 1591 950 1629 more
964 1575 1002 1630 ab
1016 1574 1067 1629 illo
1080 1575 1236 1646 querendo

82 1658 233 1732 refugium
256 1668 325 1716 ante
347 1661 443 1733 pedes
461 1660 556 1716 sancti
575 1659 713 1732 fatigatus
731 1661 894 1732 procubuit.
932 1661 1030 1718 Canes
1042 1679 1115 1717 vero
1127 1678 1235 1733 expec-

83 1757 185 1802 tantes
205 1747 365 1819 stupefacti
378 1766 397 1803 a
408 1747 562 1804 latratibus
576 1747 759 1820 [cessabant]
771 1747 790 1804 ⁴.
829 1748 866 1804 Et
879 1749 1032 1804 admirans
1045 1766 1100 1806 rex
1112 1749 1236 1805 latratus
1252 1765 1280 1813 15

82 1834 248 1902 silentium,
265 1835 355 1906 venit,
368 1844 398 1892 et
413 1853 504 1892 canes
524 1835 675 1908 mitigatos
697 1844 727 1892 et
750 1853 872 1892 ceruum
895 1835 1092 1894 domesticum
1113 1835 1235 1892 inuenit.

84 1921 186 1977 lratus
199 1938 253 1978 rex
262 1923 332 1994 quia
345 1940 452 1979 seruus
465 1923 514 1980 dei
525 1922 590 1979 sine
603 1923 722 1980 licentia
735 1940 790 1979 sua
799 1923 840 1979 ibi
849 1923 984 1980 habitare
996 1933 1233 1997 presumpserat,

82 2025 209 2064 ceruum
231 2009 324 2081 petiit,
345 2009 452 2066 lltutus
472 2019 572 2066 tamen
590 2012 718 2067 reddere
739 2011 843 2067 noluit.
890 2009 958 2067 Rex
977 2012 1098 2068 tandem
1118 2010 1235 2067 humili·

81 2105 176 2152 tatem
196 2095 252 2152 viri
272 2096 320 2153 dei
342 2098 535 2154 considerans
557 2106 587 2155 et
604 2097 789 2168 miraculum,
809 2115 869 2154 non
888 2098 1009 2155 intrauit
1027 2100 1065 2154 ad
1084 2116 1162 2168 eum,
1180 2100 1234 2154 sed

81 2200 212 2239 ceruum
236 2184 293 2240 sibi
321 2184 463 2241 diuinitus
494 2187 595 2241 datum
621 2185 750 2242 libenter
774 2185 872 2242 eidem
903 2185 1061 2243 concessit.
1098 2185 1234 2259 Cumque
1251 2206 1282 2240 20

81 2288 189 2344 regem
216 2272 400 2328 esurientem
428 2274 465 2328 ad
491 2273 651 2345 prandium
676 2271 785 2328 Iltutus
810 2273 975 2338 inuitasset,
1000 2273 1170 2330 ministrum
1197 2274 1234 2329 ad

81 2369 226 2431 stagnum
245 2358 343 2430 misit;
363 2359 414 2432 qui
433 2359 548 2433 piscem
567 2361 643 2416 mire
660 2360 875 2432 magnitudinis
893 2362 977 2418 rethe
991 2370 1120 2434 captum,
1134 2377 1234 2416 coram

81 2465 157 2518 rege
167 2446 315 2518 apposuit.
348 2447 410 2504 Sed
420 2447 490 2520 quia
499 2449 543 2504 sal
556 2447 727 2521 appositum
736 2465 842 2504 mense
851 2467 911 2505 non
921 2459 993 2517 erat,
1003 2458 1124 2522 gustare
1134 2447 1235 2504 noluit.

83 2533 194 2589 lltutus
218 2551 299 2604 vero,
325 2551 435 2608 panem
461 2544 492 2592 et
522 2536 566 2592 sal
591 2535 641 2591 illa
666 2536 739 2590 hora
764 2552 825 2591 non
848 2536 973 2607 habens,
994 2536 1090 2593 orauit
1111 2537 1233 2593 dicens:

82 2621 236 2678 ‘Effector
248 2621 383 2678 omnium
397 2633 600 2679 creaturarum
613 2631 702 2694 atque
716 2622 863 2679 donator⁶
874 2633 973 2697 potest
986 2624 1115 2692 efficere,
1125 2625 1150 2680 si
1163 2641 1233 2696 gus-
1250 2643 1279 2692 ²5

82 2708 205 2778 taueris,
219 2709 341 2766 domine
353 2727 417 2779 rex,
430 2719 462 2766 vt
474 2710 505 2766 in
518 2719 636 2782 gustato
649 2709 732 2782 pisce
750 2710 862 2767 habeas
875 2713 955 2784 quod
968 2713 1081 2768 habere
1093 2712 1233 2768 affectas!

86 2795 153 2853 Hoc
166 2795 267 2852 audito
280 2813 336 2852 rex
349 2798 520 2867 comedens,
529 2797 718 2854 diuersorum
732 2797 865 2854 ciborum
879 2817 1005 2871 sapores
1017 2799 1048 2855 in
1060 2818 1120 2856 vna
1132 2799 1234 2871 specie

86 2883 198 2952 habuit,
212 2893 242 2941 et
255 2893 373 2956 gustata
392 2902 469 2957 aqua
487 2885 525 2940 ab
541 2884 628 2942 Iltuto
648 2884 705 2940 sibi
723 2885 891 2957 propinata,
904 2886 1042 2943 diuersos
1054 2887 1183 2958 liquores
1202 2886 1232 2941 in

83 2969 164 3026 illius
187 2971 295 3027 haustu
317 2973 471 3029 sentiebat.
509 2972 594 3029 Tunc
619 2971 740 3028 tradidit
759 2990 814 3029 rex
837 2972 934 3042 Iltuto,
954 2974 1038 3030 iussu
1057 2973 1155 3046 angeli
1176 2973 1233 3030 sibi

81 3058 266 3130 apparentis,
279 3067 374 3115 totum
388 3059 472 3115 illum
486 3060 593 3128 locum,
606 3061 643 3116 ad
664 3061 899 3116 construendum
918 3060 991 3118 inibi
1007 3061 1233 3118 monasterium.
1247 3079 1279 3127 30

84 3133 292 3203 Confluebant
305 3147 343 3202 ad
357 3157 493 3203 sanctum
504 3146 625 3204 lltutum
636 3147 774 3219 discipuli
784 3148 923 3220 plurimi:
938 3149 1017 3205 inter
1024 3149 1234 3221 quossuerunt

83 3232 246 3305 Sampson,
260 3233 411 3302 Paulinus,
425 3234 537 3303 Gildas,
551 3243 580 3290 et
594 3235 702 3292 Dauid.
739 3235 900 3292 Constituit
918 3237 999 3293 enim
1018 3236 1232 3309 quinquaginta

82 3319 203 3388 fratres,
215 3319 266 3392 qui
279 3321 449 3377 continuam
469 3323 636 3379 animarum
652 3322 828 3379 memoriam
848 3323 1000 3380 haberent
1036 3324 1234 3398 Affligebatur

82 3407 165 3464 enim
174 3408 281 3464 crebra
289 3407 411 3480 equoris
421 3408 614 3467 inundatione
622 3418 652 3466 et
661 3409 774 3466 ssuuiali
784 3411 1042 3484 appropinquante
1053 3411 1233 3468 alluuione⁸2

80 3495 163 3551 vnde
176 3495 242 3551 fusa
254 3496 292 3551 ad
305 3497 395 3552 deum
406 3513 506 3568 prece,
515 3505 660 3569 precepto
672 3493 771 3570 angeli
785 3497 899 3554 domini
912 3516 1001 3555 mane
1014 3516 1143 3572 surgens
1150 3501 1233 3556 venit
1247 3515 1278 3567 35

80 3583 120 3639 ad
141 3599 224 3638 mare
244 3599 313 3639 cum
334 3583 458 3640 baculo:
479 3592 508 3639 et
530 3584 608 3656 cepit
628 3602 711 3642 mare
735 3586 839 3658 sugere
859 3587 939 3642 velut
963 3595 1045 3644 esset
1068 3587 1232 3643 animatum

81 3669 235 3727 sensibile.
254 3670 383 3740 Quando
394 3688 467 3726 vero
480 3671 561 3728 littus
575 3671 716 3728 siccatum
729 3673 876 3745 apparuit,
889 3691 958 3730 cum
969 3675 1075 3731 baculo
1087 3675 1232 3749 pupugit:

80 3767 112 3814 et
133 3757 201 3814 fons
221 3757 449 3829 limpidissimus
468 3760 507 3815 de
531 3768 612 3814 terra
636 3759 751 3832 erupit;
779 3768 809 3817 et
831 3760 900 3817 licet
925 3779 1020 3834 prope
1039 3773 1163 3835 pontum
1184 3763 1231 3830 sit,

80 3862 190 3918 aquam
204 3853 306 3901 tamen
320 3845 429 3901 claram
448 3854 478 3901 et
497 3845 614 3902 dulcem
633 3863 756 3920 semper
774 3847 889 3906 emittit.
928 3849 990 3906 Nec
1009 3859 1055 3906 est
1073 3867 1230 3906 reuersum

79 3950 167 3990 mare
185 3933 224 3989 ad
242 3932 363 3988 solitum
376 3950 471 4005 vsque
489 3933 520 3988 in
539 3933 619 3989 diem
638 3934 824 3991 hodiernum.
877 3923 1078 4008 Autumpnali
1094 3945 1231 4008 tempore
1245 3955 1278 4002 40

79 4021 260 4092 inceperunt
273 4020 411 4076 volucres
430 4037 562 4077 messem
582 4021 677 4077 sancti
695 4021 774 4078 lltuti
793 4024 957 4096 decerpere
976 4033 1005 4081 et
1022 4023 1085 4080 sere
1099 4024 1230 4081 vacuatis

79 4108 175 4183 spicis
194 4109 347 4164 deserere.
394 4107 461 4164 Hoc
481 4117 643 4180 comperto,
662 4108 816 4182 discipulis
836 4110 900 4168 suis
917 4111 1087 4168 alternatim
1105 4111 1231 4184 singulis

79 4197 189 4254 diebus
214 4203 350 4268 segetem
374 4195 525 4252 custodire
546 4196 690 4269 precepit.
727 4197 878 4269 Sampson
897 4215 979 4266 vero,
998 4215 1076 4254 vnus
1101 4197 1231 4272 discipu·

112 4294 120 4323 ¹
139 4293 170 4343 E.
179 4291 328 4356 punibulis;
344 4290 372 4341 T.
383 4291 511 4354 punibilis.
538 4290 594 4342 'sc
603 4293 736 4342 Hodnant.
771 4293 822 4343 ³V.
831 4309 879 4343 rex
888 4293 1067 4344 lderchiuunus
1079 4297 1231 4358 prenomine

77 4361 207 4410 Vesanus.
234 4357 245 4386 ⁴
255 4357 285 4407 T.
294 4357 322 4408 E.
334 4358 512 4421 expectabant.
529 4357 577 4410 ⁵V.
586 4359 646 4408 dou.
654 4360 840 4411 donandorum.
858 4360 903 4410 ⁶T.
912 4360 1050 4423 illuuione;
1061 4360 1091 4411 V.
1101 4363 1231 4415 cimiteria.
