3028 4894
104 327 129 360 1.
149 293 311 370 ronna]
458 293 533 387 ma
556 290 723 381 &ancta
749 290 919 382 ιιιειιιε.
1180 317 1255 392 479

11 561 18 568 ‚
101 493 136 550 in
153 493 292 552 omnibus
304 512 423 569 quoque
438 495 583 568 prouidus
591 494 609 566 ¹,
622 495 781 569 magnique
794 495 908 552 consilii
921 504 953 552 et
964 495 1128 554 industrius
1137 496 1157 552 ³.
1192 496 1254 554 Iste

1 593 2 597 ’
101 581 198 639 frater
216 593 279 639 erat
298 582 376 639 beati
397 583 548 640 Eustachii
568 583 694 654 comitis,
706 584 792 641 cuius
810 601 887 640 vxor
905 584 1009 642 Sibilia
1027 602 1130 641 secum
1142 583 1254 640 suit³in

1 746 2 749 Ἴ
101 671 212 726 eadem
228 670 420 743 expeditione
435 688 503 728 cum
521 688 577 727 sex
594 671 718 728 filiabus.
763 671 892 741 Quintus
908 671 1009 746 itaque
1025 672 1255 746 episcoporum*

102 767 277 814 sanctorum
298 758 456 815 Lotharius
479 767 551 827 erat,
570 757 617 815 vir
638 767 668 815 et
689 758 756 832 ipse
777 777 945 832 generosus
963 778 997 817 ac
1015 762 1054 817 de
1073 760 1167 832 regali
1185 777 1254 832 pro-

4 863 11 928 ᾗ
102 845 224 918 genitus
248 846 350 919 stirpe.
388 846 593 903 Consobrinus
617 864 691 904 vero
714 845 799 904 erat⁶
823 847 999 904 nobilissimi
1024 847 1143 905 iuuenis
1168 849 1282 914 beate5

103 932 216 990 Vrsule
246 933 360 1006 sponsi,
383 933 430 990 vir
453 935 588 1006 prudens
612 941 643 990 et
671 934 742 991 boni
766 934 938 1005 testimonii,
960 945 1070 1005 castus,
1094 935 1255 1008 animoque

103 1030 255 1088 strenuus,
268 1030 298 1078 et
310 1022 388 1078 bene
399 1021 557 1078 discretus.
595 1021 689 1079 Porro
703 1024 742 1078 de
758 1022 909 1096 episcopis
922 1023 973 1096 qui
985 1024 1175 1096 postmodum
1196 1021 1255 1078 illis

104 1108 219 1166 suntin
233 1109 339 1165 itinere
358 1109 504 1178 associati,
518 1109 591 1165 nihil
611 1125 666 1166 nos
685 1109 805 1177 scimus,
819 1119 945 1183 excepto
965 1110 1088 1168 Cesario
1106 1108 1254 1166 meldensi

104 1196 256 1270 episcopo,
275 1196 367 1253 nobili
384 1196 457 1267 viro,
477 1197 561 1253 cuius
579 1214 636 1254 nos
654 1207 743 1270 caput
763 1197 909 1255 habemus
927 1208 1104 1272 partemque
1120 1198 1254 1270 corporis

1 1303 13 1315 =·
104 1283 179 1340 eius
217 1283 355 1357 Denique
374 1283 467 1341 felicis
487 1284 632 1342 memorie
645 1284 729 1357 virgo
746 1284 910 1354 Elizabeth,
923 1286 980 1342 hoc
997 1285 1071 1342 satis
1083 1287 1122 1342 de
1135 1285 1253 1340 illorum
1270 1307 1301 1344 ro

1 1374 2 1377 ’
104 1371 185 1428 serie
203 1373 339 1428 scribens
355 1371 488 1444 exponit,
502 1389 561 1444 que
578 1371 657 1428 inter
672 1381 790 1430 ceteros
807 1373 966 1446 episcopos
983 1381 1102 1430 sanctos
1116 1381 1254 1429 sanctum

1 1491 2 1494 =
106 1457 285 1516 Mauricium
307 1475 375 1517 esse
401 1467 511 1529 narrat,
532 1459 654 1516 fratrem
677 1460 781 1517 matrIs
803 1459 913 1518 Vrsule
932 1461 1066 1534 virginis.
1104 1460 1191 1516 Nunc
1215 1461 1255 1517 de

1 1551 2 1556 ’
103 1563 210 1618 regum
223 1548 412 1620 quorundam
431 1546 519 1617 serie,
532 1565 591 1620 que
609 1565 707 1620 nuper
724 1557 794 1604 sunt
813 1549 918 1605 celitus
937 1547 1070 1605 reuelata
1086 1565 1254 1604 narremus.

1 1638 6 1673 Γ
104 1633 240 1704 Quorum
266 1634 387 1708 quidam
411 1643 512 1708 patres
537 1642 567 1690 et
590 1634 706 1704 fratres,
732 1635 870 1691 auunculi
899 1644 929 1692 et
955 1636 1061 1708 sponsi
1090 1635 1254 1692 extiterunt

103 1723 292 1793 quarundam
310 1722 457 1795 virginum
478 1721 605 1791 illarum,
618 1739 693 1796 quos
712 1721 779 1794 ipse
797 1739 852 1779 rex
871 1722 990 1780 celestis
1007 1722 1134 1780 mirabili
1150 1739 1205 1778 sua
1224 1731 1253 1780 et
1269 1742 1278 1778 ι
1284 1743 1298 1794 ⁵

1 1846 2 1850 ,
103 1808 184 1865 dulci
193 1809 287 1882 gratia
299 1827 355 1883 per
363 1811 485 1866 easdem
495 1809 626 1882 virgines
640 1809 814 1866 mirabiliter
822 1809 977 1867 conuertit.
1003 1809 1122 1866 Primus
1135 1809 1253 1866 illorum

4 1915 8 1922 ·
104 1906 228 1953 sanctus
241 1896 296 1954 fuit
305 1896 465 1954 Ololemes
475 1896 592 1954 iuuenis
605 1896 853 1969 preclarissimus,
867 1915 921 1954 rex
934 1905 964 1954 et
975 1897 1054 1953 lilius
1067 1897 1156 1970 regis,
1167 1897 1254 1954 beate

103 1983 215 2040 Vrsule
228 2001 366 2056 sponsus
392 1983 450 2040 Hic
463 2001 531 2041 cum
544 1984 590 2040 eis
603 2001 664 2041 non
677 1993 723 2041 est
735 1983 901 2057 profectum
921 1985 976 2041 sed
989 1985 1181 2057 postmodum
1194 1983 1254 2040 illis

103 2072 144 2128 de
154 2072 252 2128 Roma
260 2072 482 2129 reuertentibus
491 2070 848 2144 maguncietassociatos,
856 2073 1028 2144 pergitcum
1037 2072 1080 2128 eis
1089 2071 1254 2140 Coloniam,

102 2169 135 2216 et
155 2158 271 2217 felicem
289 2176 350 2217 vna
367 2177 435 2217 cum
454 2159 516 2216 eis'
535 2158 659 2216 martirii
678 2160 807 2232 adeptus
824 2169 871 2216 est
889 2159 1030 2232 palmam.
1068 2158 1134 2215 Hoc
1152 2167 1252 2216 autem
1269 2181 1300 2219 ao

103 2264 216 2304 nomen
239 2247 399 2305 Olosemes
421 2247 629 2320 nequaquam⁸
648 2245 689 2303 illi
711 2257 758 2304 est
782 2246 947 2320 proprium,
969 2246 1023 2303 sed
1048 2255 1172 2320 propter
1195 2245 1254 2303 vir·

102 2343 199 2392 tutem
230 2334 322 2391 animi
353 2335 477 2390 multam
503 2343 534 2391 et
564 2334 698 2407 corporis
727 2333 981 2407 pulchritudinem
1006 2333 1046 2391 ita
1075 2343 1122 2390 est
1146 2351 1253 2407 cogno·

102 2423 254 2490 minatus;
281 2421 397 2496 que[m]
427 2422 549 2479 domina
578 2421 732 2478 Elizabeth
763 2420 927 2479 Ethereum
951 2431 1045 2480 vocat.
1093 2421 1253 2479 Secundus

101 2519 204 2567 autem
229 2519 292 2566 erat
316 2509 434 2567 inclitus
456 2508 573 2566 iuuenis
591 2527 646 2567 rex
666 2509 816 2579 Oliuerus,
838 2509 1016 2566 nobilissimi
1035 2509 1117 2582 regis
1137 2509 1254 2568 Oliueri

1 2663 2 2666 Ἴ
101 2597 231 2655 senioris
256 2597 343 2667 filius,
364 2597 415 2670 qui
440 2615 496 2670 per
519 2614 664 2670 sponsam
689 2613 784 2664 suam,
805 2597 951 2666 virginem
977 2596 1095 2654 Oliuam
1115 2597 1253 2654 illustris·
1267 2619 1297 2670 ²5

1 2722 2 2728 ι
100 2685 221 2752 simam,
243 2695 290 2744 est
313 2703 495 2743 conuersus:
524 2703 582 2759 que
607 2684 708 2757 magni
731 2683 810 2757 regis
835 2684 986 2758 Cleopatri
1005 2685 1090 2742 erat⁶
1112 2683 1179 2751 lilia,
1201 2685 1252 2758 qui

100 2784 229 2848 patruus
247 2773 344 2830 extitit
362 2773 470 2830 Vrsule
490 2773 590 2847 patris.
626 2772 746 2829 Tertius
767 2772 821 2829 luit
841 2772 1016 2846 Crophorus
1041 2772 1159 2830 iuuenis
1184 2790 1253 2846 pre·

100 2861 296 2930 clarissimus,
315 2879 371 2918 rex
390 2871 420 2918 et
442 2861 522 2934 regis
543 2860 667 2917 Pinnosi
688 2860 768 2917 filius
785 2859 983 2930 illustrissimi,
1000 2859 1052 2933 qui
1070 2877 1138 2916 cum
1157 2876 1253 2917 vxore

100 2949 263 3022 Cleopatra
286 2948 434 3021 virginum
454 2950 619 3006 associatus
643 2957 690 3005 est
711 2948 843 3021 collegio.
890 2946 962 3004 Erat
984 2947 1075 3004 etiarn
1099 2947 1146 3003 hic
1170 2947 1252 3004 idem

100 3055 158 3094 rex
177 3037 352 3110 Crophorus
369 3036 492 3109 virginis
509 3036 621 3092 Vrsule
639 3045 790 3108 cognatus.
827 3035 958 3105 Quartus
976 3051 1031 3091 rex
1049 3043 1113 3090 erat
1133 3034 1251 3106 Lucius,
1265 3053 1297 3104 30

2 3193 3 3196 Ἴ
100 3133 190 3200 pater
202 3123 278 3181 Yote
290 3123 416 3197 virginis
435 3141 494 3197 que
513 3123 612 3197 prima
629 3122 683 3180 luit
700 3123 840 3180 undecim
855 3122 1005 3194 virginum
1024 3121 1250 3195 principalium

98 3213 168 3270 vir⁹
181 3221 244 3270 erat
262 3211 466 3268 nobilissimus
487 3211 539 3282 [et]
559 3220 676 3284 potens,
696 3220 725 3268 et
743 3211 804 3268 vite
823 3210 911 3266 bone.
949 3208 1017 3280 Hic,
1036 3227 1130 3266 vxore
1148 3209 1252 3282 regina

99 3299 237 3374 piissima
250 3309 375 3371 mortua,
388 3318 444 3373 per
457 3299 565 3356 Yotam
577 3298 669 3356 filiam
689 3316 774 3356 suam
783 3298 805 3332 ¹⁰
817 3306 848 3354 et
859 3298 934 3355 duas
950 3296 1029 3354 illius
1046 3314 1165 3354 sorores
1180 3314 1251 3354 con·

99 3405 219 3452 uersus,
237 3405 306 3444 cum
325 3388 383 3444 illis
406 3387 612 3461 proficiscitur.
651 3385 722 3443 Erat
749 3393 849 3442 autem
859 3383 879 3418 ¹¹
903 3384 969 3458 ipse
992 3384 1117 3458 virginis
1140 3384 1251 3442 Vrsule

99 3484 252 3549 cognatus
289 3475 419 3546 Quintus
437 3493 511 3532 sane
530 3492 585 3531 rex
603 3473 801 3531 Clodoneus¹²
820 3472 882 3544 suit,
895 3473 941 3530 vir
959 3481 1100 3530 strenuus
1118 3482 1149 3528 et
1166 3472 1250 3530 sortis
1264 3487 1295 3538 35

99 3573 132 3622 et
146 3563 310 3636 religiosus,
322 3562 372 3636 qui
385 3581 453 3620 cum
466 3580 559 3619 vxore
572 3562 677 3636 regina
685 3561 805 3618 nomine
820 3561 965 3618 Blandlua
975 3560 995 3594 ¹⁸
1007 3560 1056 3634 pia
1068 3569 1098 3618 et
1111 3560 1250 3633 religiosa

99 3669 158 3726 per
174 3651 264 3707 liliam
278 3650 443 3723 Eugenium
455 3651 585 3706 nobilem
601 3650 759 3717 ducissam,
773 3658 802 3706 et
815 3666 870 3721 per
882 3648 1021 3705 maritum
1033 3648 1129 3721 ipsius
1141 3649 1249 3706 ducem

98 3738 272 3814 piissimum
291 3738 498 3795 Alexandrum
516 3737 708 3808 conuertitur,
728 3747 758 3794 et
777 3738 852 3794 duas
876 3735 953 3793 filias
977 3753 1080 3792 secum
1104 3736 1250 3792 ducentes

98 3827 195 3884 sacris
219 3825 404 3882 associantur
420 3825 595 3898 virginibus.
631 3825 744 3883 Sextus
768 3824 917 3898 siquidem
941 3841 996 3881 rex
1020 3832 1084 3880 erat
1106 3822 1248 3893 Canutus,

97 3915 148 3974 vir
171 3913 279 3971 nobilis
303 3922 334 3970 et
357 3915 537 3986 grandeuus,
561 3929 729 3986 magneque
753 3913 907 3986 probitatis
932 3911 1021 3967 homo
1031 3911 1051 3944 ¹⁴
1069 3919 1098 3967 et
1122 3910 1247 3981 virtutis,
1262 3927 1295 3977 40

98 4001 170 4077 qui⁸
187 4019 247 4060 vna
267 4018 335 4058 cum
356 4017 450 4058 uxore
473 4001 599 4057 Balbina
619 4001 726 4058 illustri
747 4000 850 4073 regina
871 4008 902 4056 et
923 3997 1156 4072 prudentissima
1178 4016 1249 4054 con·

132 4167 379 4231 ¹in...prouidus
390 4183 440 4219 om.
453 4167 479 4216 in
492 4165 521 4216 B.
606 4163 661 4216 ¹E.
673 4165 804 4216 industris.
894 4163 1047 4214 ⁸E.luerit.
1129 4160 1187 4212 4Β.
1202 4163 1249 4212 fuit

99 4237 354 4299 episcopussanetus
368 4233 396 4282 L.
426 4299 431 4311 Ι
469 4232 627 4282 'om.inB.
667 4296 673 4310 ι
699 4229 910 4292 ⁸B.magnilice.
986 4227 1042 4280 ¹13.
1058 4228 1116 4278 illis.
1188 4227 1247 4280 ¹13.

98 4300 334 4420 geguzlmdir'mll.
347 4315 386 4350 nr
397 4298 652 4415 p‘ttzmhonorssom.
667 4312 693 4346 to
706 4297 736 4350 B.
814 4299 832 4326 ¹¹
850 4295 880 4348 Β.
892 4303 927 4346 et.
1012 4295 1030 4325 ¹²
1047 4295 1076 4345 B.
1090 4294 1244 4346 Clodoueus.
