3046 4902
95 337 328 404 assarna]
357 320 432 414 ms
451 318 511 409 θ.
533 319 751 408 wmarus
771 337 865 426 rme
885 331 925 411 st
945 332 1136 429 maante.
1177 334 1249 421 625

93 517 274 592 stunpcionis
287 535 373 596 usque
392 523 422 579 in
440 523 524 580 linem
541 525 599 580 vite
617 538 668 580 sue
684 533 843 582 contractus
860 528 1023 598 permansit,
1036 529 1102 583 vide
1121 530 1201 600 insta
1217 529 1252 583 de

95 603 369 675 Sampson-sitis
381 621 448 677 ergo
460 616 489 663 et
505 607 567 663 aliis
584 608 716 664 docemur
730 609 873 681 exemplis,
892 612 928 666 de
948 611 1158 683 incorrupcione
1176 614 1251 668 beati

94 687 224 742 martiris
245 703 302 744 non
322 689 460 746 dubitare.
495 692 650 746 Willelmus
671 701 766 748 autem
788 711 835 749 rex
860 695 997 766 premisso
1017 697 1134 751 mandat
1155 696 1251 751 abbati

97 770 274 840 Baldewino,
294 773 504 830 dedicacionem
528 775 582 829 hac
606 773 667 831 vice
692 789 721 831 se
746 776 859 847 quidem
883 777 1018 846 inhibere,
1043 779 1132 834 sancti
1156 787 1251 834 tamen

95 852 218 910 licenter
226 854 347 926 [posseP
358 857 416 912 lieri
427 857 652 913 translacionem.
668 857 692 918 ii
702 861 787 913 Anno
798 859 884 930 igitur
892 862 928 915 ab
941 860 1137 916 incarnacione
1145 862 1250 918 domini
1265 874 1278 924 5

95 936 250 992 millesimo
267 941 449 1011 nonagesimo
467 940 573 1011 quinto,
592 950 620 996 et
640 957 657 995 a
678 941 806 1011 passione
826 943 915 998 sancti
935 943 1079 999 Edmundi
1099 945 1251 1010 .CC⁰xxv.,

95 1019 138 1074 vii
155 1021 273 1078 Kalend.
288 1023 365 1091 Maii,
378 1023 447 1078 seria
464 1023 527 1094 iiij·,
542 1023 711 1078 conueniunt
729 1025 765 1079 ad
779 1025 1047 1081 Beodricesuuorthe
1061 1026 1251 1082 wintoniensis

95 1102 249 1175 episcopus
262 1114 290 1160 et
303 1107 418 1177 quidam
434 1107 595 1177 capellanus
611 1116 678 1161 tunc
696 1107 830 1176 regalium
850 1107 976 1178 prouisor
995 1117 1022 1163 et
1040 1117 1153 1163 exactor
1167 1109 1251 1164 vecti·

96 1185 214 1256 galium,
242 1189 319 1258 regia
345 1189 483 1261 peracturi
512 1189 638 1259 negocia
676 1189 785 1258 Quibus
813 1207 876 1245 cum
906 1190 1065 1246 intimatum
1094 1199 1168 1246 esset
1196 1191 1250 1246 deo

96 1269 234 1339 placitum
247 1272 335 1328 videri
348 1275 372 1328 si
385 1283 498 1328 sanctus
512 1273 681 1328 Edmundus
694 1273 753 1328 sine
765 1289 844 1328 mora
861 1275 889 1329 in
908 1289 1011 1329 nouam
1030 1272 1250 1344 transier[r]etur
1266 1293 1295 1327 10

97 1351 262 1410 basilicam:
288 1357 493 1425 responderunt
506 1371 537 1410 se
549 1358 587 1410 ad
600 1356 654 1410 hoc
668 1373 732 1410 esse
745 1367 867 1426 paratos,
882 1367 910 1412 et
926 1357 1007 1412 huius
1019 1357 1059 1412 rei
1073 1357 1219 1430 negocium
1232 1373 1249 1410 a

97 1451 167 1504 rege
176 1437 333 1506 specialiter
344 1437 397 1494 sibi
411 1439 469 1492 t'ore
477 1438 667 1493 commissum.
694 1439 758 1493 Hec
770 1440 888 1495 audiens
900 1441 998 1506 abbas,
1007 1439 1112 1496 indicto
1120 1441 1250 1495 triduano

97 1515 204 1573 ieiunio
221 1521 323 1590 vigiliis
343 1531 370 1576 et
385 1521 563 1576 oracionibus
575 1539 639 1577 cum
651 1521 782 1578 iratribus
795 1523 937 1588 insistens,
949 1523 1076 1578 diuinam
1090 1524 1249 1593 interpella·

98 1600 151 1657 bat
163 1602 344 1660 clemenciam
357 1605 488 1676 quatinus
504 1603 534 1658 in
548 1605 596 1659 tali
610 1605 742 1675 temporis
759 1603 918 1676 [articulo]¹
929 1607 1017 1662 seruis
1031 1606 1089 1662 suis
1103 1606 1249 1677 propiciari

98 1701 157 1740 non
170 1687 295 1742 desistat
333 1689 381 1744 Set
399 1697 427 1743 et
445 1687 505 1758 ipse
522 1687 644 1757 pontifex
662 1697 727 1744 ante
744 1689 819 1744 beati
833 1689 884 1743 viri
903 1705 1003 1759 corpus
1017 1689 1077 1743 solo
1095 1698 1249 1759 prostratus
1264 1707 1294 1756 ¹5

98 1767 218 1824 deuotas
240 1771 398 1840 transigens
422 1770 562 1838 excubias,
585 1772 746 1841 psalterium
771 1789 805 1826 ex
827 1772 925 1827 ordine
949 1771 1118 1826 decantauit.
1155 1772 1250 1826 Graue

97 1849 153 1904 lert
168 1852 323 1908 Herbertus
335 1853 484 1924 episcopus
501 1854 646 1909 dioceseos
663 1871 698 1910 eo
716 1855 792 1926 quod
808 1857 845 1910 ad
863 1855 916 1909 hoc
934 1871 989 1910 non
1012 1855 1202 1924 interpellatur
1219 1864 1249 1908 ut

99 1931 136 1986 sit
147 1949 182 1988 ex
193 1936 234 1990 eis
246 1951 334 2004 vnus;
348 1937 465 1992 vetitum
478 1937 536 1992 uult
546 1937 654 2006 inferre,
665 1947 708 1993 set
717 1949 845 1993 cassatur
856 1937 920 1993 inde
933 1938 1007 1993 velut
1017 1937 1132 2007 [nomen
1144 1937 1250 1992 Satane

97 2015 136 2070 de
148 2017 219 2073 libro
232 2017 300 2088 vite]
309 2016 326 2073 ¹.
356 2020 544 2074 Hermannus
554 2025 581 2073 et
593 2021 741 2091 Sampson.
772 2020 873 2076 Tercio
886 2021 969 2090 igitur
982 2021 1100 2076 Kalend.
1115 2019 1194 2088 Maii,
1207 2019 1249 2075 in-

98 2107 194 2154 stante
207 2101 262 2155 iam
270 2103 339 2156 hora
349 2103 435 2156 tercia
445 2101 500 2157 diei
511 2100 659 2170 dominice,
670 2103 796 2173 procedit
805 2103 924 2158 antistes
934 2103 960 2156 in
971 2113 1094 2158 veterem
1105 2103 1248 2158 basilicam
1263 2119 1295 2155 ao

98 2184 306 2252 pontificalibus
331 2185 446 2240 indutus
470 2183 571 2251 infulis,
597 2201 699 2256 aquam
724 2197 870 2241 consecrat
891 2197 919 2241 et
936 2185 1067 2255 aspergit,
1089 2195 1118 2239 et
1139 2185 1249 2240 detecto

98 2267 208 2334 locello,
216 2265 481 2338 corpusthurrificat
491 2267 688 2337 incorruptum,
697 2268 833 2323 inchoans
841 2269 1041 2338 antiphonam‘
1053 2269 1109 2323 iste
1119 2271 1249 2323 sanctus!

97 2349 181 2404 Tunc
200 2352 365 2407 accedentes
391 2367 439 2406 sex
462 2351 561 2405 iratres
582 2351 693 2406 adhoc
714 2349 854 2420 preelecti,
875 2353 989 2406 archam
1011 2351 1128 2406 efferunt
1150 2367 1249 2421 corpus

98 2442 229 2488 sanctum
249 2433 518 2488 continentem-cui
538 2432 608 2488 sicut
626 2443 691 2503 post
705 2435 888 2488 ducentorum
905 2433 1001 2504 spacia
1019 2449 1076 2488 non
1095 2433 1193 2504 potuit,
1210 2434 1250 2489 ita

97 2531 153 2569 nec
162 2525 225 2586 post
234 2516 312 2572 milia
322 2517 425 2587 poterit
440 2531 576 2570 annorum
590 2517 733 2588 corrupcio
746 2516 893 2572 dominari.
919 2519 1007 2572 Porro
1020 2535 1083 2572 cum
1096 2519 1133 2572 ad
1147 2518 1249 2573 ostium
1264 2535 1293 2584 25

97 2599 221 2652 australe
239 2598 364 2668 predicte
385 2597 499 2670 antique
515 2599 630 2653 basilice
648 2599 798 2669 venissent,
817 2610 896 2655 tanto
913 2601 1037 2670 pondere
1053 2601 1082 2655 in
1100 2601 1161 2672 ipso
1176 2601 1248 2658 exitu

99 2689 164 2735 sunt
177 2680 312 2752 depressi,
321 2691 352 2736 ut
361 2681 415 2736 nisi
428 2681 561 2736 laicorum
573 2681 736 2737 fulcirentur
744 2682 855 2750 auxilio,
861 2683 1073 2738 succubuissent
1085 2701 1092 2749 3
1111 2684 1249 2756 siquidem

97 2763 218 2833 predicti
236 2781 285 2820 sex
303 2764 403 2818 fratres
421 2779 438 2818 a
457 2765 519 2818 loco
537 2773 633 2818 sancte
649 2764 816 2819 remocionis
830 2782 893 2819 eum
911 2765 1070 2820 baiulantes
1087 2767 1249 2821 asserebant

97 2847 138 2901 nil
151 2847 240 2902 leuius
256 2863 306 2902 eos
318 2847 468 2918 aliquando
484 2855 620 2916 gestasse,
633 2847 817 2916 ponderosius
832 2848 921 2902 eciam
940 2849 1044 2902 nullam
1060 2865 1090 2902 se
1108 2847 1250 2918 unquam⁸
1266 2875 1273 2886 ·

98 2930 222 2986 sensisse
235 2930 373 2986 sarcinam
383 2939 413 2984 vt
426 2930 455 2985 in
468 2929 544 2985 exitu
556 2929 703 2985 meridiani
711 2930 774 2985 ostii
787 2930 910 2999 predicte
921 2929 1021 2985 veteris
1034 2930 1159 2984 ecclesie.
1183 2931 1249 2985 Mos
1262 2948 1294 2997 30

97 3013 175 3070 enim
191 3013 281 3068 luerat
305 3013 391 3084 ipsius
416 3013 505 3068 sancti
531 3013 560 3066 in
583 3013 682 3067 eodem
704 3011 819 3068 ecclesie
840 3013 902 3067 loco
927 3029 957 3067 se
982 3011 1096 3066 maioris
1118 3011 1248 3081 ponderis

98 3097 158 3152 fieri
171 3096 305 3168 quociens
318 3096 484 3152 efferebatur
501 3095 618 3151 alicuius
634 3095 673 3150 rei
688 3095 866 3164 necessitate,
880 3095 955 3166 quod
970 3103 999 3150 et
1016 3094 1134 3164 predicti
1149 3095 1248 3149 iratres

100 3179 247 3251 sepissime
264 3187 330 3236 sunt
349 3178 479 3234 attestati.
519 3180 552 3232 ln
570 3193 627 3249 quo
643 3195 716 3233 nunc
734 3179 816 3247 exitu,
830 3179 1036 3249 multorumque
1053 3186 1247 3246 magnatorum

98 3263 244 3334 impressu,
264 3271 377 3317 sanctus
398 3262 496 3316 martir
515 3269 645 3331 operatus
665 3269 708 3316 est
728 3262 901 3316 miraculum.
940 3262 1015 3315 Dum
1035 3260 1150 3331 quidam
1168 3261 1249 3316 miles

98 3345 322 3416 hamptoniensis
346 3357 459 3399 manum
480 3343 518 3398 ad
539 3345 653 3397 archam
675 3343 851 3414 apposuisset
869 3353 899 3399 ut
922 3345 1038 3399 {nauum
1061 3345 1172 3399 labores
1197 3360 1249 3416 pro
1262 3357 1292 3408 ³5

97 3443 182 3499 posse
206 3441 258 3482 suo
281 3427 433 3497 lenigaret:
468 3435 609 3481 extentum
635 3425 707 3480 illius
731 3426 878 3481 brachium
903 3427 1108 3497 egrediencium
1133 3427 1248 3497 impetu,

97 3527 180 3566 muro
199 3510 262 3565 ostii
279 3509 365 3582 ipsius
381 3507 496 3564 basilice
511 3517 569 3563 tam
583 3509 705 3578 grauiter
721 3508 852 3577 alliditur,
867 3519 897 3564 ut
917 3527 982 3582 pars
1001 3511 1122 3582 quedam
1142 3511 1248 3566 brachii

98 3595 135 3648 ab
148 3593 210 3664 ipsa
223 3609 323 3648 manus
336 3593 463 3647 iunctura
475 3592 613 3647 videretur
625 3607 712 3661 vsque
730 3592 766 3646 ad
782 3609 813 3648 os
833 3593 964 3648 carnibus
980 3594 1120 3649 excoriata
1131 3595 1248 3649 abrasis.

99 3677 188 3732 Lesus
201 3676 294 3748 itaque
308 3676 409 3731 timens
422 3691 458 3730 ne
474 3674 559 3730 fluxio
577 3674 724 3744 sanguinis
743 3675 859 3730 stillaret
876 3676 950 3732 circa
967 3685 1105 3744 sanctum,
1120 3677 1162 3732 vel
1181 3677 1247 3730 noui

98 3759 256 3831 presbiterii
269 3760 386 3814 uiolaret
399 3758 599 3830 pauimentum,
613 3757 748 3812 subtraxit
761 3775 791 3812 se
804 3767 832 3812 et
844 3759 939 3814 statim
958 3759 1111 3813 obuoluens
1128 3758 1248 3814 clamide
1261 3772 1294 3822 40

97 3843 232 3898 lacertum
246 3857 372 3897 seorsum
388 3841 508 3908 diuertit,
521 3840 628 3895 ambitu
647 3841 766 3896 vallatus
779 3841 906 3910 plurium.
946 3839 1074 3896 Prolato³
1087 3857 1152 3897 vero
1165 3857 1248 3911 super

98 3925 186 3980 altare
198 3926 311 3980 martire
328 3935 434 3993 sancto,
448 3923 587 3994 egreditur
600 3923 717 3978 antistes
735 3941 891 3979 sermonem
908 3926 1031 3979 facturus
1051 3924 1087 3979 ad
1105 3925 1245 3993 populum

100 4007 217 4063 Interim
229 4009 352 4079 prelatus
365 4007 446 4062 miles
458 4008 548 4061 lesum
565 4005 700 4076 detegens
720 4007 873 4072 brachium,
886 4005 992 4062 meritis
1010 4007 1085 4062 beati
1103 4006 1246 4061 Edmundi

99 4107 200 4146 sanum
224 4091 344 4162 repperit
368 4102 397 4146 et
420 4089 569 4159 integrum,
594 4089 655 4144 sola
678 4087 808 4144 cicatrice
836 4089 873 4144 ad
902 4089 1092 4146 testimonium
1121 4088 1246 4144 miraculi

98 4186 288 4244 permanente.
327 4175 412 4228 Anno
440 4173 540 4228 eodem
569 4171 691 4227 maxima
721 4173 832 4228 siccitas
860 4171 933 4228 aeris
962 4183 1088 4242 segetum
1117 4171 1247 4239 virorem,
1260 4187 1291 4238 45

98 4256 257 4326 graminum
269 4267 298 4312 et
309 4257 448 4322 arborum,
460 4265 616 4327 terramque
634 4273 719 4325 supra
730 4255 846 4310 modum
858 4265 1002 4324 torruerat,
1015 4265 1043 4310 et
1055 4255 1111 4310 vite
1127 4255 1247 4312 humane

168 4402 177 4433 ¹
194 4419 260 4461 om.;
278 4405 322 4456 but
333 4421 362 4456 so
373 4405 425 4454 Tit.
585 4403 596 4433 ²
615 4403 662 4454 MS
680 4419 814 4470 nunqnam.
976 4403 985 4434 ⁸
1002 4403 1057 4456 MS.
1070 4403 1175 4456 Prelato.

134 4495 201 4540 Ἴθι.
215 4497 245 4537 ll·
651 4493 666 4536 S
679 4498 693 4536 S
