3008 4904
258 319 328 410 238
566 313 1089 420 suessanumque.

254 515 481 589 episcopocum
496 519 583 574 turba
602 518 702 586 multa,
715 517 838 574 inuenta
855 531 902 575 est
919 518 956 574 ab
975 518 1020 576 eis
1031 519 1116 591 virgo
1134 527 1237 575 sancta
1254 534 1346 575 orans
1366 518 1411 574 ad

255 604 409 661 dominum
423 623 524 677 prona.
560 605 698 677 Cumque
714 605 794 662 illam
812 606 912 662 omnia
928 605 1070 680 prestigia
1086 617 1116 663 et
1133 607 1291 680 ydolorum
1307 608 1411 663 cultu·

255 708 320 747 ram
333 693 473 749 detestari
487 702 518 749 et
529 693 662 750 conuicia
678 694 760 766 genti
776 693 945 750 incredule¹
958 695 1070 752 inferre
1082 695 1226 764 viderent,
1240 695 1411 768 episcopus

255 779 298 835 sic
316 797 382 836 earn
402 780 577 854 alloquitur:
598 781 712 838 ‘Credo
730 791 769 848 te,
782 782 874 854 virgo,
889 781 1026 855 apprime
1038 783 1086 839 dei
1100 783 1250 855 baptismo
1269 784 1411 851 obedire,

226 877 344 940 satque
361 867 536 925 christicolis
554 869 601 924 et²
618 869 774 942 prophetis
794 869 1000 927 indesinenter
1016 871 1156 926 credere!
1194 870 1282 940 Quod
1302 871 1409 926 statim

254 965 285 1010 vt
307 955 356 1011 illa
377 955 496 1023 audiuit,
516 955 608 1012 dixit:
638 957 710 1012 nihil
737 957 766 1012 in
792 959 905 1013 mundo
930 975 964 1015 se
988 958 1084 1030 magis
1106 975 1195 1030 quam
1218 957 1408 1030 baptismum

219 1063 227 1081 ·
254 1043 402 1099 affectare.
438 1042 523 1101 Tunc
543 1043 664 1116 gauisus
682 1044 843 1117 episcopus
863 1047 901 1102 de
919 1044 1118 1118 responsione
1136 1045 1223 1111 illius,
1242 1045 1301 1102 ait:
1329 1045 1408 1103 ‘Dei

254 1132 400 1202 templum
409 1131 573 1200 Osmanna,
582 1132 639 1187 deo
649 1141 679 1187 et
692 1132 756 1189 eius
770 1131 884 1205 angelis
897 1142 986 1206 atque
999 1131 1187 1205 archangelis
1200 1133 1408 1206 omnibusque

254 1219 344 1274 deum
362 1219 554 1289 diligentibus
573 1221 667 1276 amica
686 1221 756 1291 eris,
769 1221 942 1277 lauachmm
959 1219 1129 1292 suscipiens
1146 1221 1408 1293 regenerationis'

210 1317 241 1354 10
255 1306 390 1378 Cumque
413 1307 618 1362 cathecumina
639 1308 725 1364 lieret
743 1309 829 1381 virgo
850 1317 960 1378 sancta,
979 1307 1026 1364 vir
1045 1308 1166 1380 quidam
1187 1325 1276 1364 cecus
1298 1308 1407 1364 lumen

254 1394 407 1449 oculorum
421 1393 542 1466 recepit.
580 1394 714 1452 Tradidit
733 1405 833 1453 autem
846 1395 874 1451 ei
889 1395 1050 1468 episcopus
1063 1395 1215 1468 quendam
1228 1395 1406 1468 agricolam,

252 1481 305 1554 qui
324 1480 478 1537 edificaret
496 1480 553 1537 sibi
571 1492 669 1538 ortum
686 1484 766 1540 vnde
782 1483 866 1555 virgo
885 1482 1010 1541 haberet
1027 1483 1065 1539 ad
1080 1483 1275 1540 vescendum.
1312 1482 1405 1553 Quod

252 1569 360 1624 videns
369 1567 514 1638 diabolus,
524 1569 652 1641 agricole
662 1571 791 1642 quodam
805 1587 892 1626 mane
901 1570 1038 1643 apparuit
1047 1570 1169 1628 dicens:
1191 1569 1318 1638 ‘Homo,
1328 1571 1406 1642 quid

254 1655 364 1728 queris,
378 1655 469 1726 [vel]⁸
486 1657 533 1712 cui
553 1658 669 1714 seruis?
688 1657 758 1730 quid
775 1657 908 1714 vtilitatis
926 1657 965 1715 de
983 1667 1034 1714 tua
1050 1657 1172 1714 domina
1187 1657 1406 1730 consequeris?

210 1755 239 1806 15
255 1743 288 1800 Si
301 1743 373 1799 mihi
383 1744 513 1800 volueris
526 1744 657 1814 obedire,
668 1746 720 1801 tibi
733 1763 838 1802 aurum
849 1755 878 1801 et
891 1755 1051 1818 argentum
1059 1753 1089 1801 et
1098 1745 1238 1818 quicquid
1249 1745 1406 1802 desiderat

253 1833 352 1887 anima
376 1841 425 1887 tua
447 1832 541 1888 dabo.'
580 1832 617 1888 Et
641 1833 707 1890 ille:
735 1832 793 1902 ‘Si,
816 1832 919 1906 inquit,
942 1833 997 1889 hec
1018 1849 1090 1890 vera
1112 1849 1181 1888 esse
1206 1832 1325 1900 scirem,
1346 1833 1405 1890 tibi

253 1919 407 1975 obedirem
427 1927 456 1975 et
476 1921 649 1977 crederem!
687 1919 757 1976 Hiis
778 1921 866 1976 dictis
888 1921 1037 1977 accedens
1058 1929 1228 1992 temptator,
1249 1921 1405 1978 osculatus

253 2015 299 2062 est
321 2007 490 2079 agricolam,
509 2008 660 2080 precando
678 2017 710 2064 vt
732 2007 826 2064 alter*
844 2008 930 2064 alteri
952 2007 1042 2064 iidem
1062 2009 1165 2078 daret;
1193 2007 1311 2081 sibique
1330 2025 1405 2064 con·

254 2094 357 2150 sulens
378 2103 409 2150 vt
434 2094 607 2167 frequenter
631 2112 685 2152 sue
709 2096 831 2152 domine
853 2095 986 2152 conuicia
1007 2094 1173 2166 inserend0,
1193 2113 1261 2151 eam
1284 2097 1321 2151 ad
1343 2097 1403 2153 ira-

210 2197 240 2232 ao
253 2182 391 2239 cundiam
405 2191 591 2255 prouocaret.
628 2182 704 2239 Cum
719 2183 808 2255 igitur
821 2183 1018 2240 recessissent
1037 2199 1071 2240 se
1084 2181 1213 2239 inuicem
1228 2185 1403 2253 osculando,

253 2269 388 2327 dicentes
407 2270 545 2342 sequenti
564 2271 612 2327 die
631 2270 714 2328 iuxta
732 2269 864 2327 fontem⁶
877 2271 948 2327 inde
961 2287 1021 2326 non
1034 2270 1123 2344 longe
1135 2271 1346 2328 decurrentem
1364 2290 1402 2330 se

251 2357 370 2414 visuros
387 2367 416 2415 et
434 2359 542 2414 iterum
559 2367 662 2415 mutuo
677 2359 868 2432 loquuturos;
887 2375 958 2415 mox
971 2357 1099 2430 agricola
1111 2375 1253 2416 reuersus
1265 2361 1401 2432 domum,

252 2447 382 2517 maligno
399 2446 505 2519 spiritu
518 2455 644 2504 vexatus
661 2447 739 2520 cepit
757 2447 893 2503 amittere
910 2445 1018 2503 visum.
1055 2445 1192 2518 Cumque
1209 2463 1325 2504 sacram
1340 2448 1402 2504 vir-

251 2533 354 2605 ginem
379 2550 436 2606 per
459 2535 581 2590 domum
606 2533 751 2590 oberrans
770 2533 873 2591 videre
898 2550 958 2589 non
981 2541 1093 2606 posset,
1114 2532 1245 2590 clamare
1266 2535 1346 2607 cepit
1369 2546 1401 2594 et

209 2635 239 2686 ²5
252 2620 369 2677 dicere:
396 2619 542 2678 ‘Domina
561 2637 636 2691 mea,
655 2621 693 2677 ab
707 2621 834 2676 homine
855 2619 957 2692 iniquo
976 2620 1081 2676 illusus
1104 2637 1172 2677 sum
1191 2630 1221 2678 ct
1240 2632 1310 2679 ante
1329 2639 1401 2680 con-

253 2716 389 2780 spectum
403 2717 486 2764 tuum
499 2708 629 2780 grauiter
641 2726 691 2764 me
704 2725 848 2781 peccasse
860 2708 1021 2764 confiteor!
1059 2706 1113 2763 Cui
1131 2707 1180 2763 illa
1198 2709 1326 2776 miserta,
1340 2713 1399 2769 ait:

252 2795 427 2852 ‘Renuncia
443 2794 605 2851 drachoni⁸
619 2797 761 2868 pessimo,
775 2796 921 2852 mundum
933 2794 1096 2851 circueunti
1108 2804 1138 2851 et
1150 2812 1242 2867 quem
1256 2797 1399 2854 deuoret⁷

251 2884 453 2956 perquirenti;
478 2892 510 2939 vt
529 2883 669 2939 dominus
692 2881 800 2939 lhesus
818 2881 955 2938 Christus
977 2881 1157 2939 misereatur
1175 2883 1234 2939 tui!
1271 2883 1330 2954 Qui
1351 2902 1399 2942 re·

253 2971 374 3043 spondit
385 2990 391 3028 :
407 2969 512 3042 ‘Virgo
522 2972 617 3039 beata,
625 2970 684 3026 tuis
695 2969 809 3026 meritis
819 2979 849 3025 et
859 2969 1041 3025 orationibus
1051 2971 1141 3026 credo
1151 2987 1199 3027 me
1210 2970 1397 3030 liberandum

207 3075 240 3125 30
252 3061 289 3115 ab
303 3058 421 3131 iniquo'
458 3057 543 3114 Tunc
556 3058 656 3114 illaad
670 3059 760 3114 deum
773 3075 880 3130 preces
893 3057 1124 3125 lundens,illum
1134 3057 1267 3131 perfecte
1280 3060 1398 3117 sanitati

252 3147 388 3204 restituit.
426 3145 509 3202 Mute
531 3146 648 3202 cuidam
669 3146 839 3218 loquelam⁸
858 3144 996 3212 reddidit,
1015 3154 1045 3200 et
1066 3145 1155 3202 variis
1177 3145 1398 3206 infirmitatibus

251 3235 314 3291 suis
339 3233 454 3290 meritis
480 3234 629 3290 medelam
654 3233 794 3290 adhibuit.
869 3220 967 3290 Filius
996 3233 1078 3305 regis
1103 3231 1254 3305 Hispanie
1278 3237 1397 3293 nomine

253 3321 453 3390 Eclotomus⁹,
462 3339 497 3376 ea
509 3338 567 3394 que
580 3320 750 3378 necessaria
763 3329 848 3376 erant
861 3319 1043 3392 pauperibus
1056 3322 1221 3392 errogabat,
1230 3321 1397 3379 Christum-

252 3427 310 3482 que
329 3427 347 3465 a
365 3408 493 3481 pueritia
512 3417 541 3465 et
561 3426 666 3465 omnes
686 3408 869 3464 christicolas
886 3407 1034 3480 diligebat.
1071 3407 1159 3478 Quod
1176 3407 1284 3466 videns
1303 3421 1397 3468 mater

196 3545 198 3550 .
205 3512 238 3561 35
253 3499 317 3553 eius
325 3495 488 3552 Aflionisia
497 3495 526 3565 ¹⁰,
534 3514 592 3568 que
603 3506 666 3552 erat
676 3513 800 3568 pagana,
809 3495 883 3552 dixit
893 3496 931 3551 ad
942 3513 1028 3553 eum:
1044 3495 1095 3552 ‘Si
1105 3496 1235 3569 amplius
1244 3496 1394 3556 Christum

252 3583 389 3654 colueris,
410 3593 479 3640 ante
500 3585 580 3640 diem
604 3583 765 3640 crastinam
790 3592 886 3639 morte
911 3583 1066 3639 morieris?
1104 3583 1163 3653 Qui
1186 3584 1241 3641 hec
1264 3587 1395 3656 audiens,

252 3683 351 3729 motus
368 3690 422 3745 pre
437 3673 482 3728 ira
499 3671 614 3728 matri¹¹
627 3689 681 3730 sue
698 3672 938 3728 maledictionem
953 3689 1008 3744 pro
1026 3671 1235 3729 maledictione
1251 3673 1355 3744 intulit,
1367 3686 1395 3731 et

251 3760 388 3835 protinus
406 3761 444 3816 ob
460 3761 516 3816 hoc
535 3760 683 3832 loquelam
702 3760 791 3816 simul
810 3768 840 3817 et
851 3759 950 3816 visum
969 3759 1107 3832 perdidit.
1145 3759 1243 3817 Mater
1254 3778 1328 3817 vero
1343 3780 1396 3834 pro

251 3850 354 3906 dolore
373 3848 427 3904 filii
445 3849 521 3904 adeo
539 3857 642 3904 mente
652 3847 672 3881 ¹²
684 3858 874 3904 consternata
892 3856 948 3916 est,
961 3856 993 3903 vt
1011 3847 1042 3904 in
1062 3847 1210 3904 insaniam
1221 3859 1395 3907 verteretur.

195 3947 239 3999 ¹¹40
253 3937 380 4008 Quidam
400 3935 519 3993 interim
542 3937 681 3992 sacerdos
700 3935 822 3992 nomine
841 3935 1008 4007 Remigius,
1027 3936 1065 3997 de
1084 3935 1220 4008 partibus
1239 3935 1270 3992 in
1289 3936 1395 4009 quibus

251 4033 354 4082 sancta
375 4023 531 4081 Osmanna
552 4025 679 4095 degebat
699 4023 836 4092 veniens,
858 4022 932 4078 dixit
957 4024 994 4079 ad
1017 4022 1101 4081 illos:
1129 4023 1179 4079 ‘Si
1199 4022 1299 4080 iacere
1318 4026 1394 4096 quod

286 4249 290 4277 ¹
310 4249 339 4301 E.
351 4250 484 4301 increduli.
550 4252 560 4282 ¹
577 4267 628 4304 om.
639 4251 666 4301 in
680 4251 746 4300 Boll.
816 4249 826 4280 ³
844 4250 873 4301 E.
885 4258 937 4300 aut.
1003 4251 1013 4280 ⁴
1030 4249 1058 4300 E.
1070 4250 1186 4300 alterum.
1253 4251 1264 4282 ⁸
1281 4250 1337 4302 MS.
1346 4253 1395 4301 An.

250 4318 314 4365 adds
325 4319 368 4378 qui
382 4318 474 4366 Lachis
486 4317 585 4368 dicitur.
664 4316 674 4345 ⁸
689 4317 718 4368 T.
731 4317 843 4366 draconi.
928 4315 937 4344 l
954 4316 983 4367 T.
995 4317 1110 4368 deuoret.
1194 4317 1205 4347 ⁸
1221 4317 1249 4366 E.
1263 4317 1395 4380 loquelam.

249 4383 259 4412 ³
277 4382 332 4432 MS.
346 4383 395 4434 An.
408 4385 554 4434 Clocouius.
621 4381 640 4414 ¹⁰
655 4383 684 4432 T.
696 4383 826 4433 aironisia.
893 4383 911 4412 ²¹
928 4382 957 4432 T.
969 4383 1066 4433 matris.
1130 4380 1151 4412 ¹¹
1166 4381 1197 4434 E.
1209 4390 1332 4435 mentem.
