3008 4904
375 320 465 416 Dc
489 319 653 412 smne
679 322 880 424 natant.
1138 344 1210 421 275

57 520 289 593 monachorum,
314 521 464 580 Minorem
496 523 682 582 Britanniam
714 525 869 592 deserens,
901 522 1055 581 Britannia
1087 522 1211 590 Maioris

57 609 147 664 oras¹
181 619 324 684 appetere
355 611 593 670 meditabantur:
622 612 678 668 hac
706 612 787 668 enim
816 620 995 684 prouocatus
1024 612 1103 668 sama
1132 629 1210 685 puer

60 695 215 754 Paternus
239 715 307 756 cum
332 699 390 756 iliis
416 717 544 773 pergere
569 699 737 756 festinabat.
774 698 1031 756 Conuenientibus
1052 699 1152 772 itaque
1172 700 1210 756 ad

57 783 267 856 nauigandum
287 786 412 857 cunctis,
427 786 574 844 Paternus
592 803 663 844 mox
680 789 824 860 quartus²
841 787 902 842 dux
920 787 1050 844 cohortis
1066 787 1209 850 efficitur:

59 870 139 927 Nam
165 873 337 930 consobrini
361 874 435 942 eius,
455 874 594 932 videntes
618 890 689 930 eum
713 874 751 931 ad
776 874 895 930 culmen
921 874 1115 946 perfectionis
1140 889 1241 956 pro-5

57 975 181 1030 peram,
210 961 367 1020 dixemnt:
400 961 566 1032 ‘Quoniam
597 961 745 1029 dominus,
776 960 924 1034 inquiunt,
954 961 984 1016 in
1015 961 1150 1019 moribus
1180 971 1213 1025 te

58 1046 189 1117 prefecit
198 1045 217 1119 ⁸,
241 1058 359 1121 oportet
379 1058 411 1106 vt
431 1048 570 1122 populis·
590 1049 627 1106 ad
651 1048 825 1122 exemplum
850 1047 910 1105 vite
934 1049 1047 1106 debeas
1070 1053 1213 1122 preesse.²

58 1133 176 1207 Sicque
222 1136 384 1209 octingenti
428 1136 567 1193 monachi
616 1145 646 1192 et
689 1135 1002 1209 quadragintaseptetn
1048 1136 1211 1196 Paternum

60 1221 213 1294 eligentes
238 1224 345 1280 ducem
370 1233 399 1281 et
420 1241 491 1281 eum
510 1233 683 1296 sequentes,
706 1240 851 1296 prospero
871 1223 991 1298 nauigio
1011 1225 1096 1280 oras¹
1116 1225 1214 1284 insule

59 1308 189 1366 Maioris
207 1309 361 1367 Britannis
380 1320 493 1368 tenent.
530 1311 617 1384 Cepit
636 1321 737 1368 autem
756 1319 878 1368 sanctus
897 1329 965 1368 cum
985 1311 1096 1369 sanctis
1114 1313 1212 1369 locum
1229 1336 1259 1382 ro

59 1395 89 1453 in
103 1397 237 1456 ecclesia
249 1407 449 1471 cognomento
464 1397 644 1455 Mauritania
654 1397 674 1466 ⁶,
687 1406 717 1454 et
736 1397 874 1456 edificato
892 1397 1002 1456 ibidem
1021 1400 1213 1470 monasterio,

60 1486 118 1548 sub
139 1486 318 1554 echonomo,
338 1484 493 1560 preposito
514 1494 544 1542 et
566 1485 680 1542 decano
701 1485 820 1542 statuit:
840 1494 871 1542 et
890 1487 1055 1544 benedictis
1073 1487 1214 1545 iratribus

61 1571 246 1631 Hiberniam
271 1573 431 1647 nauigauit,
456 1583 486 1632 et
507 1573 625 1630 visitato
649 1581 735 1647 patre
759 1591 814 1631 suo
839 1591 873 1630 ac
898 1574 1049 1631 consolato
1059 1574 1077 1643 ⁸,
1102 1576 1214 1648 gratias

60 1661 118 1716 deo
138 1660 318 1718 referebant.
358 1661 451 1718 Erant
472 1670 542 1719 tunc
563 1662 594 1718 in
617 1661 765 1718 Hibernia
783 1662 842 1717 duo
861 1677 959 1733 reges,
979 1663 1029 1734 qui
1049 1671 1114 1718 orta
1133 1663 1215 1720 inter

61 1765 95 1812 se
120 1749 310 1806 dissentione
333 1749 460 1806 multum
486 1748 713 1818 discordabant;
739 1747 922 1804 vastationes
946 1749 1030 1816 liunt,
1056 1750 1213 1822 rapiuntur
1230 1773 1258 1826 ¹5

61 1836 168 1909 prede,
188 1836 298 1894 domus
319 1845 499 1906 cremantur,
521 1845 706 1908 consurgunt
727 1836 814 1903 bella,
834 1845 864 1893 et
882 1836 984 1892 multis
1002 1836 1102 1909 gladio
1119 1837 1214 1895 inter·

60 1923 157 1994 sectis,
179 1933 261 1982 terra
282 1924 415 1982 desolata
433 1923 463 1980 in
482 1922 674 1980 solitudinem
692 1924 845 1997 redigitur.
880 1923 1017 1981 Tandem
1041 1923 1215 1988 misericors

62 2011 176 2068 arbiter
201 2012 291 2080 orbis,
316 2011 403 2070 solita
427 2011 569 2068 misertus
590 2009 788 2084 prouidentia,
813 2027 934 2067 causam
954 2010 1107 2084 insperate
1130 2012 1215 2085 pacis

62 2100 99 2156 ad
118 2099 300 2173 episcopum
316 2098 474 2156 cuiuslibet
492 2097 621 2155 ciuitatis
638 2115 694 2171 per
711 2098 850 2171 angelum
871 2115 958 2154 suum
977 2098 1101 2156 mittens
1119 2099 1213 2156 dixit:

64 2186 147 2243 ‘Nisi
174 2195 300 2260 vterque
331 2185 482 2243 exercitus
506 2185 621 2242 vultum
652 2185 747 2243 sancti
774 2185 830 2242 viri
861 2203 960 2259 nuper
989 2204 1029 2244 ex
1061 2186 1214 2244 Britannia
1230 2211 1261 2260 ap

62 2273 255 2332 aduenientis
284 2273 398 2341 viderit,
430 2291 518 2346 reges
549 2273 679 2329 maliuoli
709 2271 877 2330 adinuicem
913 2290 1067 2346 nunquam
1103 2274 1214 2348 placari

64 2363 211 2434 possunt!
250 2361 352 2418 Missis
377 2361 477 2418 statim
503 2360 616 2434 legatis,
637 2361 798 2418 Paternum
820 2360 984 2417 honorifice
1005 2362 1161 2428 adnotant,
1185 2373 1215 2422 et

64 2459 232 2507 conuocato
256 2449 398 2517 exercitu,
424 2448 570 2505 Paternus
595 2448 626 2506 in
650 2448 751 2505 medio
775 2447 921 2505 statuitur.
969 2447 1008 2505 Et
1027 2467 1102 2507 ecce
1121 2449 1216 2522 gratia

63 2537 164 2595 vultus
196 2536 262 2594 eius
292 2535 473 2610 propulsatis
499 2535 621 2609 penitus
645 2552 751 2609 regum
776 2535 941 2606 discordiis,
966 2534 1213 2610 interutrasque

65 2623 238 2695 prouincias
268 2641 328 2696 pax
354 2633 383 2681 et
406 2623 505 2680 vnitas
531 2631 677 2696 perpetua
707 2622 908 2690 confirmatur,
939 2623 997 2680 hiis
1027 2633 1129 2680 autem
1159 2627 1215 2684 rite
1231 2647 1261 2698 ²5

64 2713 198 2782 peractis
219 2728 326 2768 omnes
346 2711 432 2784 quasi
452 2729 513 2770 vno
534 2727 587 2767 ore
607 2711 697 2768 deum
719 2710 750 2766 in
772 2727 861 2768 seruo
886 2727 942 2767 suo
968 2710 1097 2768 Paterno
1122 2713 1213 2770 bene-

66 2800 178 2858 dicunt.
216 2797 365 2856 Paternus
382 2799 481 2871 itaque
493 2797 639 2856 valedicto
656 2805 750 2870 patre,
769 2796 954 2854 Britanniam
969 2797 1042 2854 adiit
1058 2807 1087 2856 et
1105 2798 1215 2857 fratres

65 2885 234 2944 incolumes
261 2886 384 2944 inuenit.
423 2885 506 2942 Inter
530 2903 605 2958 quos
629 2885 879 2957 Nymannaucum
904 2887 1055 2957 quendam
1083 2887 1215 2963 nomine,

67 2991 167 3048 nuper
180 2973 394 3031 aduenientem
408 2973 550 3046 repperit,
563 2972 614 3045 qui
627 2971 657 3028 in
673 2971 783 3028 Minori
796 2971 952 3029 Britannia
964 2983 1033 3046 post
1051 2974 1213 3037 Paternum

66 3062 170 3121 viuere
195 3079 257 3119 non
281 3062 386 3121 valens
410 3062 448 3118 ad
473 3061 555 3117 littus
577 3059 669 3117 maris
693 3059 776 3116 venit
800 3069 830 3116 et
854 3061 1004 3132 quandam
1029 3071 1147 3134 petram
1172 3063 1215 3120 in·
1230 3077 1263 3128 ³0

67 3151 194 3209 ueniens
225 3167 319 3224 super
348 3166 416 3206 eam
447 3148 527 3206 stetit
553 3155 583 3204 et
607 3147 667 3204 ait:
700 3147 751 3203 ‘Si
775 3147 897 3204 domino
921 3147 978 3205 deo
1006 3159 1077 3206 sunt
1108 3150 1217 3222 placita

68 3255 125 3310 que
143 3237 284 3305 meditor,
302 3238 373 3294 etsi
392 3253 463 3293 vere
482 3245 604 3294 sanctus
622 3243 668 3292 est
687 3234 835 3292 Paternus
852 3234 901 3293 ille
921 3253 1012 3308 quem
1031 3238 1117 3310 sequi
1136 3238 1215 3309 volo,

68 3335 171 3398 surgat
184 3334 269 3398 petra
281 3334 311 3381 et
324 3341 416 3397 super
433 3341 545 3396 equora
563 3331 654 3393 natet,
667 3323 833 3380 solidentur
845 3323 933 3391 vnde,
947 3325 1072 3382 obduret
1090 3327 1216 3400 pelagus

70 3429 107 3470 ne
124 3413 258 3487 lapidem
277 3421 402 3485 mergat,
420 3420 451 3468 et
467 3413 504 3468 ad
526 3421 664 3468 sanctum
685 3410 845 3468 Paternum
864 3411 1022 3470 incolumis
1038 3414 1168 3472 vehar’:
1187 3423 1217 3472 et

69 3517 137 3558 ecce
150 3500 252 3558 dicto'
272 3499 358 3556 citius
370 3499 447 3574 lapis
460 3517 555 3572 super
565 3501 663 3555 undas
682 3499 774 3556 maris
786 3499 929 3556 velociter
941 3517 1075 3571 currens,
1088 3503 1217 3560 mirabili
1232 3513 1262 3575 ³5

69 3589 190 3662 nauigio
213 3605 309 3661 vsque
335 3588 372 3645 ad
397 3587 612 3644 monasterium
637 3586 693 3644 viri
718 3587 767 3643 dei
791 3586 891 3660 ipsum
916 3590 1094 3646 transduxit.
1131 3590 1218 3652 Tunc

71 3673 218 3734 Paternus
243 3675 424 3732 monasteria
448 3684 479 3732 et
503 3674 646 3732 ecclesias
666 3691 724 3749 per
741 3683 834 3731 totam
856 3675 1026 3732 Kereticam
1053 3676 1217 3750 regionem,

71 3779 127 3836 que
140 3781 222 3820 nunc
236 3761 484 3836 Cardiganshire⁸
495 3763 672 3836 appellatur,
683 3761 840 3820 edificauit
915 3751 1037 3821 Interea
1047 3765 1218 3839 Mailgunus

72 3865 125 3908 rex
145 3850 310 3908 Borialium
331 3849 496 3921 Britonum‚
515 3851 553 3908 ad
572 3851 768 3908 debellandos
786 3859 816 3906 et
834 3851 1046 3924 depredandos
1058 3851 1217 3912 Australes

73 3935 211 3996 Britones
235 3955 305 3998 cum
329 3955 385 3996 suo
409 3938 543 3996 exercitu
567 3938 670 4000 venit:
696 3947 726 3996 et
750 3937 891 4010 quoniam
913 3955 1037 4010 semper
1057 3949 1265 4013 temptator40

72 4037 134 4086 erat
159 4035 343 4096 sanctorum,
368 4027 445 4084 duos
469 4027 638 4099 predones·
659 4043 694 4086 se
719 4027 883 4100 precedere
908 4025 1003 4098 iussit,
1024 4035 1056 4088 vt
1080 4037 1218 4088 sanctum

103 4208 112 4238 ¹
129 4210 159 4260 T.
172 4211 259 4260 horas.
377 4206 388 4237 ¹
405 4207 471 4258 Boll.
483 4216 595 4261 coactus.
628 4208 686 4258 The
698 4209 775 4258 other
786 4209 860 4258 three
872 4208 973 4258 leaders
984 4225 1029 4259 are
1040 4207 1123 4259 called
1135 4211 1160 4259 in
1173 4213 1218 4262 the

73 4271 145 4326 Vita:
163 4275 297 4336 lletinlau,
310 4273 428 4334 Catman,
439 4275 574 4327 Titechon.
700 4276 710 4306 ⁸
727 4274 792 4324 Boll.
805 4275 921 4338 perfecit
1043 4276 1053 4305 ⁴
1070 4274 1099 4325 Ε.
1113 4277 1219 4340 populo.

74 4337 84 4369 ⁸
97 4340 146 4394 Vit
160 4341 311 4404 llauritana,
323 4341 364 4390 ie.
377 4341 635 4404 Lhnbadamd'awr,
647 4355 713 4390 near
722 4341 908 4404 Aberystwith.
1030 4341 1041 4372 ⁸
1055 4340 1106 4391 Vit
1119 4349 1220 4404 patrem

74 4406 164 4471 visitat,
177 4408 289 4459 invicem
302 4407 450 4462 massaum.
484 4405 494 4436 l
508 4407 537 4458 E.
552 4407 628 4458 dicta
660 4405 671 4436 ⁸
686 4406 716 4458 T.
729 4407 953 4471 Cardigansehlre.
990 4407 1001 4438 ⁰
1016 4407 1068 4458 Vit.
1081 4423 1219 4472 precones.

620 4503 671 4552 12
