3044 4894
297 339 321 408 4
610 313 741 401 uoto
767 311 957 415 tumus
982 309 1134 414 touta

296 515 442 572 Videntes
467 524 566 571 autem
592 515 715 588 spiritus
745 513 868 586 maligni
888 514 968 586 quod
994 512 1067 569 nihil
1093 512 1275 585 proficerent
1301 513 1467 570 aduersus

296 603 492 660 constantiam
517 603 601 672 eius;
633 611 822 660 assumentes
847 619 927 670 eum,
951 600 1078 674 llagellis
1100 600 1215 668 ferreis,
1236 609 1265 657 et
1290 600 1467 658 horrendis

296 691 409 748 alarum
441 691 619 747 stridoribus
643 689 743 762 ipsum
766 697 906 763 torquent
934 697 964 745 et
988 689 1136 758 cruciant;
1164 689 1293 745 eundem
1318 687 1466 760 denique

297 779 491 835 subuectum¹
511 780 548 834 ad
571 779 675 847 nubes,
696 778 726 833 in
746 775 971 850 septentrionali
995 777 1084 848 plaga
1105 775 1160 833 celi
1182 778 1373 832 constituunt.
1418 777 1466 832 Et

267 867 375 938 scepit
400 875 460 922 tota
491 866 546 924 celi
572 865 661 922 iacies
688 867 768 921 nube
790 865 952 937 caliginosa
979 862 1187 936 nigrescere²z
1215 863 1465 920 innumerabiles

297 956 384 1010 turbe
399 954 594 1026 malignorum
614 952 772 1024 spirituum
789 952 949 1020 confluunt,
963 960 1082 1023 captum
1101 951 1229 1024 rapiunt,
1243 960 1273 1008 et
1289 953 1326 1007 ad
1348 951 1464 1008 fauces

298 1041 415 1110 inserui,
429 1041 639 1099 miserabiliter
657 1040 825 1112 affligendo,
844 1042 1018 1112 perducunt.
1056 1039 1184 1096 Sanctus
1198 1056 1269 1095 vero
1283 1037 1462 1096 Guthlacus

297 1129 431 1186 sentiens
453 1127 597 1186 setorem³
616 1127 815 1202 gehennalem
836 1137 865 1184 et
886 1137 1038 1184 esmantes
1057 1127 1136 1199 ignis
1158 1125 1314 1199 sulphurei
1333 1125 1461 1198 globos,

296 1217 395 1273 omnia
404 1235 462 1289 que
472 1233 581 1289 passus
595 1217 690 1272 suerat
703 1223 840 1288 respectu
850 1213 929 1272 illius
937 1217 1074 1288 angustie
1085 1214 1162 1271 leuia
1172 1215 1336 1287 reputabat.
1367 1213 1461 1272 Hinc

254 1321 284 1358 ιο
297 1305 367 1362 inde
380 1305 513 1378 gurgites
524 1304 638 1377 igneos,
647 1304 717 1360 inde
727 1311 877 1360 torrentes
888 1305 1034 1376 grandine
1044 1302 1159 1374 glaciali
1168 1302 1339 1358 teterrimos
1348 1302 1458 1358 celum

297 1403 327 1450 et
349 1403 460 1449 terram
481 1409 627 1464 occupare
649 1389 848 1463 conspiciens,
867 1391 956 1459 videt,
979 1408 1040 1446 non
1061 1390 1127 1447 sine
1149 1390 1253 1446 dolore
1273 1398 1303 1446 et
1322 1389 1457 1461 gemitu,

297 1479 375 1535 inter
388 1479 566 1551 sulphureos
578 1495 707 1551 vapores
720 1477 844 1551 ignium,
857 1477 937 1534 inter
946 1477 1107 1550 uoragines
1120 1477 1288 1534 fauillarum
1297 1477 1459 1535 inauditos

297 1567 451 1624 hominum
473 1567 621 1623 cruciatus
642 1575 672 1622 et
694 1565 890 1622 ineffabilium
912 1565 1004 1622 facies
1022 1575 1252 1622 tormentorum.
1291 1565 1457 1623 Demones

296 1671 369 1710 vero
389 1655 446 1710 hiis
459 1654 509 1726 qui
529 1653 737 1710 cruciabantur
755 1652 937 1709 horribiliter
956 1653 1142 1721 insultantes,
1156 1655 1241 1726 quasi
1261 1653 1299 1708 de
1311 1651 1376 1708 viro
1399 1655 1456 1710 dei

253 1761 283 1814 ¹5
298 1759 353 1815 pro
363 1759 417 1799 suo
428 1740 512 1797 libitu
522 1741 766 1814 triumphassent,
777 1742 907 1812 superbe
919 1749 949 1796 et
956 1741 1124 1814 procaciter
1136 1741 1328 1797 intonabant:
1351 1739 1458 1799 ‘Ecce

297 1829 385 1885 nobis
398 1829 522 1886 traditus
535 1845 569 1884 es
582 1830 619 1884 ad
634 1827 781 1884 cruciatus
794 1836 924 1894 eternos,
938 1847 1007 1885 ecce
1021 1829 1051 1884 in
1065 1828 1122 1885 hiis
1137 1828 1291 1884 doloribus
1306 1827 1372 1884 sine
1386 1829 1457 1886 fine

298 1917 493 1989 torqueberis,
506 1917 576 1989 quia
594 1918 684 1974 sedes
703 1925 823 1973 nostras
842 1916 987 1973 inuadere
1005 1915 1232 1990 presumpsisti.'
1272 1915 1326 1972 llle
1344 1925 1455 1974 autem

296 2005 445 2077 patienter
476 2015 581 2061 cuncta
611 2005 753 2070 tolerans
778 2004 914 2060 dicebat:
941 2003 1088 2061 ‘Domine
1120 2005 1196 2060 deus
1227 2019 1323 2072 meua,
1354 2002 1385 2058 in
1422 2014 1456 2061 te

297 2094 433 2166 speraui:
462 2093 578 2148 saluum
596 2109 646 2149 me
665 2091 710 2148 sac
729 2110 768 2148 ex
787 2091 929 2148 omnibus
950 2091 1203 2163 persequentibus
1223 2108 1281 2160 me,
1301 2100 1332 2148 et
1352 2090 1454 2149 libera

253 2198 284 2233 ao
298 2183 363 2236 me!
407 2179 543 2252 Cumque
564 2197 633 2236 eum
656 2180 687 2235 in
706 2187 855 2236 tormenta
874 2179 1052 2235 detrudere*
1071 2196 1105 2235 se
1129 2177 1297 2251 pararent⁵,
1319 2181 1453 2237 accessit

298 2269 402 2325 beatus
440 2267 669 2324 Bartholomeus
699 2267 863 2338 apostolus,
892 2275 922 2322 et
958 2283 1027 2322 cum
1058 2283 1095 2322 eo
1132 2266 1234 2323 lumen
1273 2266 1454 2324 mirabiliter

297 2355 434 2426 fulgens:
461 2355 545 2412 cuius
565 2356 757 2427 splendorem
784 2371 852 2410 cum
878 2355 1024 2411 demones
1047 2355 1197 2411 sustinere
1224 2371 1284 2409 non
1310 2365 1451 2426 possent,

297 2441 398 2514 sugam
412 2443 556 2514 arripiunt
570 2451 599 2500 et
612 2443 650 2498 ab
664 2443 757 2498 oculis
771 2442 836 2500 eius
849 2450 1043 2498 euanescunt.
1081 2441 1197 2510 Quibus
1217 2441 1301 2498 iussu
1318 2445 1452 2513 apostoli

298 2530 446 2587 reuocatis
471 2529 606 2587 districte
631 2529 759 2602 iniungit
783 2539 814 2586 vt
840 2547 909 2586 eum
942 2531 1007 2586 sine
1035 2528 1116 2584 omni
1145 2531 1279 2602 corporis
1310 2529 1452 2587 molestia

253 2631 283 2682 ²5
298 2618 429 2675 reserant
448 2619 485 2674 ad
502 2618 600 2675 locum
614 2619 694 2674 vnde
707 2626 870 2691 rapuerant
888 2633 967 2674 eum.
1005 2617 1093 2686 Quod
1112 2635 1180 2672 cum
1200 2617 1378 2674 suauissime
1391 2633 1452 2688 per

297 2723 367 2763 aera
392 2705 524 2763 lacerent
547 2716 577 2762 et
601 2705 667 2762 sine
692 2707 838 2772 molestia,
862 2705 981 2761 auditus
1005 2713 1052 2761 est
1074 2704 1184 2761 chorus
1204 2705 1396 2777 psallentium
1419 2707 1452 2764 in

297 2795 435 2852 excelso:
457 2793 564 2850 ‘Ibunt
578 2793 673 2850 sancti
685 2795 724 2850 de
737 2793 848 2850 virtute
861 2794 892 2848 in
906 2793 1056 2862 virtutem,
1069 2792 1219 2848 videbitur
1231 2794 1306 2849 deus
1319 2793 1450 2852 deorum

298 2882 328 2938 in
343 2881 471 2954 Syon.⁸·’
510 2881 655 2938 Hostibus
669 2881 860 2955 triumphatis
878 2879 907 2936 in
923 2880 988 2936 loco
1007 2879 1198 2936 habitationis
1215 2897 1269 2936 sue
1287 2881 1452 2952 repositus,
1514 2829 1517 2972 Ι

298 2987 336 3026 ex
351 2970 417 3042 ipsa
429 2969 589 3026 vexatione
606 2969 702 3026 factus
718 2978 765 3025 est
781 2969 930 3036 humilior,
943 2967 1116 3038 feruentior,
1129 2967 1278 3037 solicitior,
1292 2967 1404 3037 sortior,
1419 2983 1452 3028 et
1515 2995 1517 3096 1

254 3071 285 3120 30
298 3057 418 3114 cautior.
493 3045 579 3114 Dum
593 3058 672 3113 circa
685 3055 846 3112 matutinas
866 3057 970 3112 laudes
989 3055 1119 3111 solicitus
1131 3055 1196 3112 vice
1209 3057 1337 3127 quadam
1355 3074 1453 3115 excu-

297 3147 390 3214 baret,
411 3144 545 3216 respexit
564 3163 582 3200 a
602 3144 722 3201 sinistra
740 3146 817 3199 duos
836 3144 983 3200 demones
1004 3143 1060 3200 sibi
1080 3144 1189 3200 ceteris
1209 3145 1350 3200 notiores.
1388 3145 1452 3214 Qui
1515 3139 1517 3260 l

297 3250 366 3288 cum
387 3231 597 3288 miserabiliter
615 3231 732 3298 sserent,
752 3240 782 3288 et
801 3231 850 3288 ille
870 3248 990 3288 causam
1010 3231 1100 3288 lletus
1127 3231 1300 3304 inquireret,
1320 3249 1451 3303 respon-

298 3322 424 3377 derunt:
445 3319 541 3389 ‘Quia
557 3319 696 3393 preuales
715 3328 819 3376 contra
838 3337 894 3376 nos
907 3319 937 3375 in
955 3319 1103 3386 omnibus,
1116 3328 1206 3392 teque
1220 3329 1378 3376 attrectare
1397 3333 1451 3380 aut

298 3417 422 3480 tangere
436 3425 496 3464 non
516 3409 694 3476 audemus’3
715 3407 852 3479 factoque
871 3407 957 3479 signo
977 3406 1073 3464 crucis
1092 3416 1279 3464 euanuerunt
1296 3409 1334 3463 ab
1352 3411 1451 3468 oculis

253 3509 283 3559 35
299 3495 370 3551 suis.
443 3483 587 3568 Quadam
597 3504 683 3550 nocte
690 3496 756 3551 viro
764 3495 813 3550 dei
825 3494 1069 3566 contemplationi
1080 3503 1110 3550 et
1120 3495 1304 3551 orationibus
1312 3505 1449 3564 vacante,
1515 3435 1517 3558 i

298 3582 431 3654 undique
443 3583 597 3638 turbarum
611 3583 753 3654 strepitus
765 3591 795 3638 et
814 3582 933 3650 clamor,
947 3581 1032 3655 quasi
1046 3582 1196 3639 exercitus
1209 3581 1350 3639 irruentis
1363 3585 1449 3641 audi·
1514 3603 1517 3708 1

298 3670 446 3726 tur—lllis
471 3671 552 3726 enim
578 3669 683 3727 diebus
707 3669 846 3726 Britones
865 3670 1033 3742 Anglorum
1054 3679 1176 3743 gentem
1198 3671 1298 3727 hostili
1318 3671 1449 3729 crudeli-

298 3768 358 3815 tate
373 3759 597 3814 vastabant-et
617 3758 723 3814 cellam
738 3757 785 3816 vir
805 3758 854 3814 dei
876 3757 1044 3830 egrediens,
1062 3767 1091 3814 et
1112 3774 1200 3814 aures
1223 3759 1350 3831 erigens,
1364 3761 1448 3818 audit

297 3846 383 3920 quasi
397 3845 539 3918 populum
553 3846 802 3903 innumerabilem
820 3845 922 3919 lingua
940 3845 1115 3913 britannica,
1128 3861 1219 3917 quam
1238 3847 1308 3901 olim
1328 3845 1448 3907 iuuenis

252 3950 285 4000 40
298 3935 327 3990 in
348 3934 438 3990 exilio
457 3933 609 4000 didicerat,
625 3933 805 4006 loquentem.
844 3933 974 3990 Demum
993 3933 1127 3989 certatim
1146 3933 1263 3988 irruunt
1281 3933 1394 4004 populi,
1417 3947 1448 3994 et

298 4021 465 4079 habitaculo
493 4022 559 4078 eius
589 4023 690 4093 ignem
715 4021 882 4091 subiiciunt,
905 4021 988 4077 illum
1014 4020 1143 4093 rapiunt,
1168 4018 1263 4075 acutis
1292 4021 1445 4082 hastarum
1512 4041 1516 4152 4

298 4109 421 4181 spiculis
434 4109 463 4165 in
477 4126 547 4166 aera
560 4110 668 4178 leuant,
682 4109 770 4181 eique
789 4126 868 4165 nunc
887 4108 956 4180 igne
976 4125 1055 4164 nunc
1073 4107 1153 4163 serro
1172 4117 1300 4164 mortem
1317 4107 1448 4184 intemp-

219 4196 222 4204 ’
298 4205 369 4252 tant.
416 4197 486 4271 lpse
505 4214 587 4267 vero,
606 4198 769 4254 demonum
797 4196 852 4252 has
880 4212 949 4252 esse
973 4195 1126 4252 illusiones
1147 4193 1327 4268 intelligens,
1352 4197 1446 4260 dixit:
1511 4195 1516 4298 Ι

330 4310 384 4360 ¹E.
397 4311 546 4362 subiectum.
649 4306 706 4360 ¹E.
720 4312 874 4372 ingressere.
976 4309 1030 4362 ΙΤ.
1043 4309 1151 4360 fetorem
1162 4311 1286 4362 sentiens.
1388 4311 1446 4369 ’Β
1515 4313 1516 4322 ’

297 4378 442 4428 detradero.
542 4377 598 4428 ³13.
609 4383 763 4440 sperareut;
779 4376 809 4428 T.
822 4392 851 4426 se
863 4383 992 4439 pararent.
1091 4375 1161 4428 ⁸1²⁵.
1173 4377 1272 4427 lxxxiv.
1284 4393 1307 4439 7.
1511 4343 1516 4484 *
