3054 4904
299 311 349 382 94
520 251 524 262 ’
609 289 740 376 nona
766 285 956 391 taam
980 289 1133 394 annu.

300 487 397 546 Dauid
416 490 447 545 in
466 487 671 546 confessorem
688 500 718 548 et
730 490 790 547 vite
808 479 865 548 sue'
883 501 951 563 post
969 493 1060 548 deum
1078 493 1242 550 custodem
1280 493 1318 552 Et
1337 495 1455 550 mansi-
1504 495 1505 500 ’

298 578 422 634 unculas
447 595 522 650 quas
548 577 684 650 eligebat,
709 587 770 634 tam
795 579 829 638 in
852 578 950 635 insula
974 597 1065 651 quam
1089 591 1176 636 extra
1200 579 1339 650 insulam,
1364 583 1398 638 ei
1426 593 1455 638 et

299 665 440 722 fratribus
458 666 496 721 ad
515 666 614 738 ipsum
637 665 857 722 confluentibus
879 666 1036 724 concessit
1108 655 1252 744 Quadam
1271 678 1374 728 autem
1395 671 1457 736 die,

299 771 368 810 cum
381 753 411 808 in
426 752 523 810 insula
536 752 661 810 orationi
679 762 709 809 et
726 753 846 812 lectioni
859 771 983 826 operam
996 755 1089 826 daret,
1103 756 1280 829 nauigantes
1295 757 1456 829 quinque¹

271 841 330 911 5in
355 841 454 897 lembo
476 842 605 913 quodam
629 842 826 908 aduenerunt,
852 851 882 897 et
907 840 1084 900 festinantes
1108 843 1268 916 adipsum
1287 843 1456 902 dixerunt:

300 929 403 996 ‘Ecce‚
416 945 506 1002 quem
519 945 612 998 amas,
626 927 802 998 infirmatur,
814 928 963 986 mandans
975 939 1007 986 vt
1019 931 1057 986 ad
1070 929 1169 1002 ipsum
1182 931 1351 1004 postposita
1367 932 1456 988 omni

299 1034 383 1072 mora
402 1016 568 1073 acceleres.⁹
607 1015 660 1072 llle
680 1024 788 1086 autem,
802 1015 901 1072 audita
916 1015 976 1073 cari
996 1017 1051 1074 sibi
1073 1017 1102 1074 in
1123 1018 1244 1075 Christo
1264 1019 1456 1085 infirmitate,

298 1106 335 1161 ad
361 1104 494 1163 lembum
518 1102 698 1180 properauit,
723 1112 753 1160 et
777 1105 912 1176 psalmos
935 1105 1064 1176 psallere
1090 1105 1208 1178 incepit
1245 1106 1322 1163 Cum
1347 1117 1456 1164 autem

299 1191 473 1264 remigando
498 1191 536 1247 ad
561 1190 651 1246 maris
676 1191 866 1248 medietatem
888 1192 1031 1260 venisset,
1052 1202 1122 1250 tunc
1147 1193 1268 1250 demum
1294 1212 1349 1250 eos
1374 1194 1455 1251 facie

255 1280 413 1336 roeleuata
444 1279 602 1352 conspexit
632 1277 830 1335 deformiores
860 1297 950 1352 quam
982 1279 1119 1337 homines
1144 1299 1221 1353 quos
1246 1281 1348 1338 videre
1380 1301 1453 1338 con-

299 1375 447 1436 sueuerat,
475 1374 505 1422 et
535 1366 613 1423 clare
643 1365 709 1422 illos
740 1365 887 1438 malignos
917 1365 1040 1439 spiritus
1066 1385 1136 1425 esse
1160 1367 1314 1425 intellexit
1360 1369 1451 1426 Tunc

298 1455 553 1526 septuagesimum
574 1471 687 1510 nonum
709 1454 859 1526 psalmum
882 1454 1020 1511 manibus
1042 1455 1194 1528 oculisque
1214 1457 1245 1512 in
1267 1457 1368 1512 celum
1390 1458 1455 1514 ele·

298 1541 383 1610 uatis,
414 1540 525 1598 scilicet
550 1539 652 1597 ‘Deus
683 1540 713 1596 in
743 1541 940 1610 adiutorium,'
965 1541 1084 1616 incepit.
1122 1543 1159 1599 Et
1183 1560 1251 1600 cum
1279 1547 1454 1602 secundum

299 1629 435 1685 eiusdem
452 1628 560 1701 psalmi
577 1627 758 1685 versiculum
771 1628 1014 1686 ‘Confundantur
1029 1640 1059 1686 et
1078 1632 1290 1688 reuereautur’
1309 1632 1362 1703 qui
1375 1651 1453 1705 que·

256 1733 284 1784 ¹5
299 1725 367 1773 runt
397 1716 528 1773 animam
559 1717 672 1772 meam'
704 1717 885 1786 decantaret,
916 1727 1058 1790 tanquam
1088 1718 1169 1774 corui
1200 1717 1277 1792 nigri
1306 1720 1450 1776 volantes

298 1813 493 1862 euanuerunt.
520 1803 629 1876 Sicque
646 1803 695 1861 dei
712 1803 806 1861 fretus
822 1805 976 1875 adiutorio,
993 1805 1023 1862 in
1041 1815 1125 1878 petra
1136 1807 1266 1879 quadam
1282 1807 1321 1862 ab
1337 1807 1448 1864 infimo

299 1893 391 1950 maris
407 1891 549 1948 diuinitus
564 1891 682 1948 eleuata
700 1893 738 1948 ad
752 1901 863 1948 terram
881 1902 1003 1949 euectus
1023 1903 1078 1962 est,
1092 1905 1228 1951 sanctum
1244 1912 1318 1950 vero
1336 1895 1452 1962 Dauid,

298 1999 388 2055 quem
414 1979 535 2054 maligni
557 1979 681 2052 spiritus
705 1979 858 2036 infirmum
880 1982 1063 2049 asserebant,
1084 1998 1190 2038 sanum
1215 1991 1244 2038 et
1264 1982 1449 2040 incolumem

297 2067 422 2125 inuenit.
495 2055 615 2123 Videns
640 2067 728 2138 igitur
752 2066 874 2124 humani
899 2067 1020 2140 generis
1041 2069 1137 2126 hostis
1158 2087 1175 2125 a
1196 2069 1260 2126 viro
1284 2081 1390 2127 sancto
1416 2089 1449 2127 se

254 2183 285 2218 20
298 2157 417 2226 uictum,
433 2157 473 2227 (et
492 2157 583 2228 quod)
594 2153 605 2185 ³
617 2173 673 2212 nec
690 2153 804 2212 crebris
823 2156 984 2212 assultibus
1002 2165 1208 2229 attemptatum
1222 2175 1377 2230 superare,
1390 2176 1447 2216 nec

298 2243 436 2318 malignis
448 2242 689 2315 suggestionibus
699 2260 717 2298 a
726 2243 827 2298 diuino
840 2243 961 2300 seruitio
974 2243 1074 2316 ipsum
1083 2244 1230 2314 (valuerit)
1241 2244 1251 2276 ⁸
1261 2263 1443 2318 segregare3

297 2333 370 2388 alias
394 2332 466 2388 artis
490 2348 545 2388 sue
569 2330 673 2387 dolose
697 2329 932 2388 machinationes
957 2331 1108 2400 confinxit,
1133 2333 1275 2405 virusque
1299 2351 1390 2390 suum
1414 2333 1445 2389 in

297 2419 353 2476 viri
375 2417 469 2476 sancti
494 2435 600 2474 seruos
620 2427 683 2474 tres
704 2417 820 2474 infudit.
858 2417 971 2475 Furore
992 2419 1101 2476 deinde
1122 2420 1202 2476 serui
1222 2421 1363 2494 correpti,
1386 2439 1445 2478 non

299 2508 395 2564 solum
409 2505 542 2579 magistri
559 2505 604 2562 sui
620 2505 732 2562 monita
746 2504 886 2562 salutaria
898 2516 1148 2579 contempnentes
1157 2507 1176 2578 ³,
1190 2509 1297 2581 quibus
1310 2507 1395 2581 ipsos
1407 2510 1444 2569 ad

255 2619 285 2669 ²5
299 2594 431 2652 laborem
444 2594 648 2650 exercendum
662 2593 841 2664 hortabatur,
855 2611 894 2650 ne
907 2593 999 2650 vitam
1013 2595 1157 2652 ducerent
1173 2594 1321 2666 ociosam3
1342 2615 1447 2653 verum

298 2683 328 2739 in
345 2684 447 2756 ipsum
465 2683 615 2738 inuentes
635 2682 672 2737 ad
691 2690 801 2738 terram
822 2691 1025 2754 prosternunt,
1048 2691 1077 2738 et
1097 2693 1186 2755 caput
1204 2685 1269 2740 eius
1289 2685 1449 2742 crudeliter

298 2780 453 2844 amputare
485 2787 545 2826 non
576 2769 743 2826 formidant.
791 2768 869 2826 Loco
893 2786 967 2826 vero
991 2788 1050 2842 quo
1075 2780 1211 2828 sanctum
1239 2781 1326 2845 caput
1355 2789 1448 2846 super

297 2869 409 2916 terram
434 2857 548 2928 cecidit,
570 2858 637 2913 fons
662 2857 792 2931 irriguus
815 2874 892 2930 aque
917 2857 1127 2930 limpidissime
1148 2860 1187 2916 de
1209 2876 1284 2932 rupe
1306 2861 1445 2932 protinus

298 2947 463 3004 scaturiens
488 2945 655 3003 emanauit:
676 2944 768 3002 Cuius
792 2962 870 3018 aqua
894 2945 932 3000 ab
958 2946 1162 3017 egrotantibus
1186 2947 1291 3004 hausta
1315 2948 1445 3005 salutem

254 3061 285 3111 30
298 3052 458 3108 corporum
482 3032 596 3090 confert
620 3031 777 3089 uniuersis.
863 3019 998 3106 Quidam
1028 3033 1149 3090 nomine
1176 3033 1272 3102 lonas
1297 3033 1328 3091 in
1354 3036 1449 3093 lacteo

298 3133 370 3198 potu
390 3125 459 3179 dato
478 3120 536 3178 sibi
551 3138 677 3192 veneno,
691 3129 828 3177 ventrem
848 3120 1022 3176 mirabiliter
1043 3121 1074 3177 in
1094 3131 1243 3179 tumorem
1263 3139 1445 3181 conuersum

300 3211 417 3268 habuit:
444 3219 473 3266 et
494 3217 614 3281 sumpta
632 3225 708 3280 aqua
727 3207 785 3276 illa,
802 3225 906 3264 ranam
926 3207 1024 3264 viuam
1046 3210 1146 3266 statim
1162 3209 1303 3280 euomuit,
1319 3220 1350 3267 et
1368 3221 1448 3270 totus

298 3311 397 3358 tumor
409 3297 523 3354 ventris
536 3295 665 3353 euanuit.
740 3284 787 3352 llli
800 3314 872 3352 vero
885 3295 1047 3368 iniquitatis
1066 3297 1117 3353 filii
1138 3307 1206 3370 post
1222 3298 1321 3354 scelus
1338 3298 1445 3374 iniqui·

298 3388 367 3448 tatis
387 3385 591 3454 commissum,
613 3401 646 3441 se
666 3383 750 3457 lepra
770 3401 940 3455 percussos,
961 3392 991 3440 et
1013 3384 1145 3441 diuinam
1165 3385 1195 3440 in
1216 3403 1250 3442 se
1269 3404 1448 3444 conuersam

254 3506 284 3556 35
299 3475 455 3534 euidenter
483 3472 624 3529 vltionem
655 3482 862 3545 perceperunt.
906 3471 1062 3544 Progressi
1088 3473 1159 3530 inde
1185 3491 1252 3530 eum
1279 3475 1395 3547 gemitu
1420 3487 1448 3532 et

298 3565 418 3638 planctu
449 3563 487 3617 ad
512 3561 662 3632 quendam
687 3559 843 3632 scopulum
868 3560 980 3632 pariter
1004 3561 1197 3629 deuenerunt,
1222 3561 1273 3634 qui
1297 3579 1396 3636 vsque
1420 3564 1448 3620 in

299 3651 478 3709 hodiernum
509 3648 589 3704 diem
621 3648 779 3721 ‘scopulus
810 3647 1015 3720 leprosorum’
1047 3659 1242 3721 nuncupatur.
1292 3649 1338 3705 lbi
1370 3662 1449 3724 post·

299 3740 423 3797 modum
437 3736 496 3810 ipsi
513 3736 664 3808 lugubres,
681 3743 711 3792 et
728 3752 853 3807 corpora
870 3753 925 3791 sua
937 3735 1080 3808 grauibus
1096 3737 1244 3809 supplitiis
1263 3745 1449 3811 torquentes,

299 3838 328 3886 et
360 3827 470 3884 mutuis
493 3823 671 3882 verberibus
702 3823 896 3896 flagellantes,
921 3824 953 3878 in
979 3823 1082 3879 dolore
1112 3824 1223 3896 pariter
1246 3833 1277 3880 et
1302 3843 1449 3900 erumpna

252 3915 440 4003 40quamdiu
470 3913 608 3971 vixerant
635 3911 726 3967 vitam
757 3913 788 3966 in
819 3910 950 3967 maxima
981 3911 1143 3983 penitentia
1173 3913 1394 3984 concluserunt,
1422 3926 1449 3972 et

299 4006 474 4062 delictorum
498 4001 618 4060 veniam
644 3997 776 4055 meritis⁸
800 3999 894 4055 sancti
922 3998 1066 4055 lustinani
1095 4000 1238 4071 consequi
1266 4014 1447 4060 meruerunt.

302 4081 429 4166 Magnis
442 4090 523 4148 enim
536 4087 650 4146 maiora
661 4087 826 4144 succedunt
839 4085 988 4143 miracula.
1015 4087 1092 4144 Nam
1105 4105 1215 4160 corpus
1228 4089 1306 4146 beati
1319 4093 1450 4148 martiris

332 4317 340 4345 ¹
358 4315 387 4365 E.
400 4331 509 4378 quoque.
597 4312 653 4363 ’Β
668 4319 826 4364 reuerantur.
915 4315 968 4364 ⁸et
980 4316 1048 4377 quod
1061 4331 1103 4364 om
1123 4315 1149 4363 in
1161 4313 1191 4365 T.
1291 4313 1301 4344 ⁴
1320 4331 1371 4367 um.
1385 4317 1411 4366 in
1423 4317 1450 4366 Τ.

299 4383 309 4416 ¹
326 4399 347 4434 r.
359 4382 561 4445 contempnuntf
628 4379 638 4409 ⁸
654 4379 684 4429 Ε.
698 4379 791 4428 meriti.
