3046 4902
276 297 350 374 570
707 272 910 377 flppcttnit
938 278 989 354 11.

272 477 414 532 videbant
451 477 607 548 stupefacti
620 487 713 534 autem
725 487 754 534 et
772 476 876 548 gaudio
891 477 980 533 nimio
995 477 1051 546 leti,
1064 478 1250 534 landauerunt
1268 478 1369 550 ipsum
1382 477 1428 550 qui

271 577 322 616 eos
335 570 445 616 tantum
457 561 552 617 dilexit
565 563 641 631 quod
653 561 695 616 eis
712 561 872 618 ostenderet
885 562 914 616 in
936 561 1147 618 similitudinem
1163 563 1298 633 pauperis
1311 581 1429 618 carnem

272 643 321 698 filii
340 643 393 700 dei
432 647 537 700 Beatus
557 644 745 700 winwaloeus
763 645 819 702 ait:
849 645 932 700 ‘Hoc
951 647 1007 700 tuis
1028 645 1142 713 meritis,
1163 647 1301 712 Ethbine,
1322 647 1429 702 accidit

273 727 363 792 nobis,
376 727 424 799 qui
443 737 521 784 tante
534 745 565 785 es
580 727 745 784 humilitatis
764 739 793 784 et
812 727 976 784 obediencie
988 738 1019 784 ut
1035 729 1168 800 quicquid
1184 730 1313 785 humana
1330 731 1429 800 lingua
1511 715 1515 742 ⁴

244 810 416 881 sprecipere
437 820 538 882 potest,
558 821 589 867 tu
608 811 693 866 corde
714 811 894 866 deuotissimo
913 811 1066 883 adimples.¹
1101 815 1140 866 At
1159 822 1259 868 contra
1280 813 1429 868 Ethbinus

271 893 328 949 ait:
349 895 433 949 ‘Non
447 893 487 950 ita
498 906 550 963 est,
565 905 652 965 pater,
666 905 710 950 set
722 905 752 950 tu
768 893 816 966 qui
829 893 932 951 cotidie
951 912 1065 952 carnem
1080 905 1109 951 et
1128 897 1298 965 sanguinem
1315 897 1427 952 domini

272 977 361 1032 nostri
389 979 473 1032 lbesu
499 976 603 1034 Christi
626 977 766 1044 immolas,
787 976 913 1034 meruisti
937 977 1029 1047 ipsum
1049 978 1146 1034 videre
1168 979 1197 1034 in
1218 997 1270 1034 suo
1295 997 1428 1050 corpore,

272 1077 356 1131 quem
364 1061 477 1116 assidue
487 1070 566 1117 tenes
576 1059 605 1116 in
615 1061 725 1116 animo.¹
751 1059 1427 1129 Dehincreuertentesadmonasterium,nemini

271 1143 379 1198 factum
403 1141 623 1214 [innotuerunt];
648 1154 691 1200 set
715 1161 796 1200 suam
818 1145 1049 1201 consuetudinem
1074 1145 1177 1201 deuote
1198 1147 1428 1216 compleuerunt.

230 1245 260 1283 ιο
273 1225 283 1296 ΙΙ
304 1227 374 1282 Erat
395 1227 512 1298 quidam
533 1228 575 1282 vir
597 1229 791 1296 Catbmaglus,
814 1226 858 1282 cui
880 1228 929 1283 filii
948 1239 1005 1284 tres
1025 1237 1105 1284 erant
1126 1229 1252 1299 maligni,
1272 1229 1313 1284 rei
1333 1229 1428 1284 aliene

272 1319 407 1379 raptores,
420 1320 448 1365 et
460 1311 537 1382 quod
549 1310 697 1366 manifeste
709 1310 818 1365 arnone
829 1310 991 1382 nequibant,
1005 1313 1077 1367 clam
1093 1329 1144 1382 per
1158 1313 1263 1366 furtum
1275 1313 1427 1368 tollebant.

273 1391 322 1446 isti
335 1409 404 1461 ergo
415 1393 548 1462 pecunias
560 1403 589 1448 et
601 1394 748 1448 thesauros
758 1393 887 1450 uniuerse
900 1395 1020 1464 regionis
1033 1395 1088 1450 illic
1100 1411 1163 1451 esse
1174 1396 1250 1466 apud
1263 1395 1428 1465 predictum

272 1484 401 1529 sanctum
414 1475 559 1546 depositos
568 1476 745 1542 arbitrantes,
754 1476 823 1532 inito
834 1477 952 1532 oonsilio
965 1477 1055 1532 sancti
1069 1478 1122 1532 loci
1132 1487 1216 1533 nocte
1224 1495 1294 1534 ceca
1305 1477 1428 1547 nauigio

272 1555 435 1612 inuaserant
459 1568 577 1628 septum
615 1560 743 1630 Cumque
774 1559 936 1629 introgressi
966 1559 1093 1630 fuissent,
1117 1563 1247 1616 horreum
1278 1560 1427 1630 reperiunt

228 1662 258 1714 ¹⁵
271 1649 408 1710 apertum,
432 1651 516 1712 atque
542 1641 570 1696 in
594 1642 690 1697 medio
713 1643 830 1698 ordeum
854 1642 984 1713 positum
1021 1644 1230 1699 lntroeuntibus
1249 1653 1348 1700 autem
1370 1643 1427 1698 illis

271 1723 401 1794 apparuit
412 1726 458 1780 lux
469 1725 697 1796 splendidissima
709 1725 788 1796 quasi
801 1727 847 1782 lux
859 1726 942 1782 solis:
960 1735 1074 1798 propter
1084 1729 1136 1782 hoc
1145 1728 1263 1782 multum
1272 1727 1426 1782 confortati
1514 1761 1515 1788 ι

272 1807 402 1864 dixerunt
419 1807 492 1864 inter
508 1823 556 1864 se:
575 1808 623 1864 ‘Si
637 1809 691 1864 deo
703 1808 866 1880 displiceret
879 1811 932 1865 boc
949 1809 1026 1880 quod
1041 1809 1160 1880 agimus,
1172 1827 1229 1864 non
1245 1820 1328 1866 tanta
1340 1809 1426 1866 nobis

272 1889 318 1945 lux
331 1891 399 1946 data
410 1891 525 1960 luisset;
546 1907 599 1946 nec
616 1891 717 1947 ostium
735 1892 814 1948 istius
831 1893 931 1947 domus
943 1893 1070 1948 clausum
1084 1909 1118 1948 ac
1134 1893 1204 1949 seris
1221 1893 1426 1948 munitissimis

272 1973 412 2030 firmatum
425 1977 495 2030 vitro
508 1991 539 2030 se
552 1975 681 2046 aperiret.
717 1975 793 2031 Ecoe
804 1977 902 2046 quales
918 1977 1048 2031 tenebras
1065 1993 1116 2046 per
1127 1985 1218 2031 totum
1235 1975 1425 2032 sustinuimus

227 2069 259 2106 ιο
272 2059 455 2128 quoadusque
463 2059 518 2114 buc
525 2057 695 2125 venerimus,
703 2067 732 2113 at
742 2058 827 2113 modo
836 2058 1337 2129 splendidissimaluxadministratur.
1358 2060 1423 2128 Eia,
1514 2085 1515 2108 ι

271 2139 348 2210 agite
361 2159 368 2207 3
388 2139 411 2196 si
424 2140 510 2196 nichil
520 2151 646 2212 preterea
660 2141 825 2210 innotuimus,
835 2143 936 2197 saltem
949 2141 1002 2198 de¹
1015 2141 1098 2198 buius
1112 2141 1227 2212 [horrei]
1241 2141 1347 2197 ordeo¹
1358 2159 1423 2198 sec-

271 2225 350 2278 culos
363 2224 531 2294 impleamus
543 2234 664 2280 nostros.
690 2226 717 2279 N
721 2241 758 2279 on
771 2225 847 2280 enim
859 2241 911 2280 nos
925 2226 1060 2281 condecet
1073 2225 1174 2282 reuerti
1186 2226 1309 2280 uacuos.¹
1339 2227 1422 2280 Hora

270 2315 365 2361 autem
378 2317 438 2362 erat
454 2307 534 2379 quasi
550 2309 642 2364 noctis
659 2308 761 2364 media.
799 2309 875 2364 Dum
892 2325 959 2364 vero
974 2309 1028 2364 hec
1046 2308 1086 2364 ita
1101 2309 1266 2378 agebantur,
1278 2309 1364 2364 huius
1381 2310 1421 2365 rei

270 2390 381 2445 nescius
393 2390 422 2445 in
435 2391 552 2446 basilica
563 2407 627 2446 cum
639 2389 698 2445 suis
709 2392 897 2446 nocturnabat
904 2391 1102 2447 winwaloeus.
1128 2393 1256 2462 Cumque
1266 2402 1421 2448 nocturnas

227 2482 257 2533 ²5
270 2470 365 2527 debite
377 2473 616 2543 percelebrassent
628 2473 746 2543 vigilias,
758 2473 891 2530 fratribus
904 2491 959 2530 vna
975 2474 1150 2544 congregatis
1167 2475 1222 2530 hoc
1233 2475 1322 2530 modo
1335 2476 1419 2531 inter-
1514 2473 1515 2476 ’

270 2554 345 2625 rupit
363 2555 517 2623 silencium,
530 2557 647 2612 dicens:
667 2556 795 2625 ‘Videte
807 2557 916 2624 iratres,
937 2567 1065 2614 utrumne
1083 2567 1159 2614 recte
1177 2556 1271 2627 agitur
1288 2575 1358 2628 erga
1375 2577 1421 2615 res
1514 2573 1515 2578 ’

269 2637 450 2694 monasterii.¹
487 2639 526 2694 Et
550 2655 635 2695 manu
660 2657 770 2695 rursum
794 2639 921 2695 indicens
945 2637 1002 2696 ait:
1033 2640 1146 2696 ‘Nolite
1170 2650 1306 2709 metuere,
1332 2641 1420 2697 nolite

269 2721 438 2776 conturbari.
476 2721 599 2791 Quidam
612 2721 688 2778 enim
700 2723 826 2778 urbinati
844 2723 979 2794 pecunias
998 2741 1029 2778 se
1044 2724 1168 2794 recipere
1181 2725 1293 2792 multas,
1306 2723 1420 2781 inuase-

269 2814 332 2860 runt
351 2804 481 2860 borreum
500 2815 635 2872 nostrum,
647 2815 675 2861 et
691 2823 765 2861 nunc
781 2823 895 2862 marsna
907 2817 1014 2875 nostra,
1026 2824 1063 2862 ne
1079 2807 1159 2862 vacui
1173 2808 1298 2873 redeant,
1311 2805 1421 2864 sadre³
1514 2843 1515 2848 κ

225 2900 257 2952 ³0
270 2887 439 2959 disponunt:
457 2899 501 2944 set
517 2899 612 2944 tamen
632 2888 714 2945 sinite
732 2889 800 2958 illos,
814 2899 915 2960 potens
932 2900 975 2946 est
993 2891 1067 2946 enim
1086 2892 1155 2946 deus
1174 2901 1202 2946 et
1221 2890 1332 2946 illorum
1351 2908 1419 2947 con-

269 2981 379 3027 uertere
399 2973 494 3040 corda,
516 2981 546 3028 vt
566 2989 624 3026 non
644 2972 738 3028 minus
757 2973 890 3028 celestem
909 2972 1023 3043 cupiant
1043 2973 1207 3028 thesaurum
1225 2973 1311 3028 iurari
1333 2991 1420 3044 quam

269 3063 417 3112 terrenum.
455 3057 530 3110 Nam
543 3055 682 3127 siquidem
695 3055 750 3112 hiis
763 3073 819 3111 non
837 3055 1003 3126 indigerent,
1015 3056 1134 3112 forsitan
1148 3073 1209 3112 rem
1221 3065 1282 3110 tarn
1293 3057 1418 3113 detesta-

268 3138 355 3194 bilem
384 3155 564 3211 nequaqnam
593 3139 734 3195 iacerent!
771 3139 820 3194 Nil
849 3141 930 3209 plura
960 3141 1077 3207 locutae,
1101 3156 1200 3196 omnes
1227 3139 1304 3196 iubet
1328 3158 1418 3200 orare.
1514 3141 1515 3154 ¹

270 3220 488 3290 Egredientibus
509 3221 676 3278 autemillis
696 3222 732 3277 de
751 3223 923 3279 monasterio
940 3223 1062 3292 grauiter
1079 3222 1210 3290 oneratis,
1230 3233 1325 3278 vtrum
1343 3224 1419 3280 hoc⁴

224 3311 254 3361 35
268 3303 340 3358 sicut
364 3306 492 3360 dixerant
516 3306 570 3361 deo
591 3306 760 3376 displiceret,
780 3305 907 3362 innotuit.
944 3307 1021 3360 Nam
1044 3306 1151 3376 primus
1174 3323 1271 3362 eonun
1296 3309 1417 3378 superbe
1514 3345 1515 3348 η

268 3387 412 3454 recedens,
432 3389 560 3458 protinus
578 3389 607 3443 in
626 3399 729 3444 terram
751 3399 906 3459 prostratus
928 3397 980 3457 est,
1000 3401 1135 3460 costaque
1153 3388 1213 3446 eius
1231 3391 1373 3460 perfracta
1389 3401 1418 3446 et

162 3511 168 3524 .
268 3468 452 3540 comminuta,
471 3482 499 3527 et
517 3472 603 3526 miser
621 3473 770 3543 depressus
790 3489 874 3528 onere
892 3472 1012 3528 iacebat.
1047 3473 1128 3528 Alter
1146 3490 1212 3528 vero
1231 3473 1418 3545 subsequens,

268 3551 328 3607 fixis
341 3552 370 3608 in
383 3563 486 3609 terram
499 3555 619 3626 pedibus
632 3557 708 3610 nullo
721 3556 806 3611 modo
824 3556 890 3612 hinc
904 3556 948 3610 vel
963 3555 1029 3612 inde
1045 3573 1160 3611 mouere
1176 3573 1207 3611 se
1217 3559 1324 3626 valens,
1337 3558 1417 3629 quasi

267 3637 375 3706 lignum
395 3638 537 3707 plantatus
556 3638 742 3709 equanimiter
760 3639 826 3694 licet
845 3639 948 3695 inuitus
970 3640 1072 3694 stabat.
1109 3639 1224 3696 Tercius
1244 3651 1339 3696 autem
1359 3659 1417 3698 non

221 3733 254 3784 4ο
268 3721 349 3790 longe
361 3721 398 3775 ab
410 3721 465 3778 hiis
478 3721 594 3788 distans,
609 3721 698 3777 densa
711 3739 859 3792 percussus
872 3723 990 3778 cecitate
1002 3723 1058 3778 huc
1065 3733 1149 3793 atque
1159 3723 1224 3778 illuc
1232 3723 1417 3780 discurrendo

266 3815 454 3876 anteponam
473 3805 635 3860 monasterii
651 3806 764 3860 errabat
783 3822 832 3875 per
849 3806 932 3861 litora
947 3806 1140 3875 vagabundus
1178 3807 1227 3862 Set
1245 3817 1273 3862 et
1292 3819 1415 3879 quartus,

267 3892 363 3963 quiin
386 3893 492 3965 scapha
513 3892 699 3948 custodienda
722 3903 907 3963 spectauerat,
925 3894 1006 3964 quasi
1027 3893 1194 3949 insaniendo
1214 3911 1278 3948 mm
1296 3895 1415 3950 stridore

266 3993 372 4046 magno
390 3977 495 4032 trustra
513 3976 542 4032 in
559 3975 676 4046 remigio
693 3977 823 4044 gestiens,
842 3977 902 4032 sine
921 3977 1126 4032 intermissione
1143 3977 1284 4032 clamabat
1308 3979 1414 4044 dioens,

267 4057 393 4127 ‘Venite,
406 4059 538 4116 surriserit
558 4059 652 4114 venite
663 4059 805 4130 pestiferi!
832 4060 907 4132 Quid
918 4060 1021 4115 morati
1033 4060 1109 4128 estis,
1123 4059 1283 4116 maleficii?
1318 4061 1412 4116 Nicbil
1514 4137 1515 4140 Ἰ

221 4151 253 4204 45
267 4140 296 4197 in
305 4141 412 4198 iuribus
420 4159 520 4199 sanum
528 4143 669 4214 nichilque
677 4143 860 4214 preualidum,
868 4143 954 4199 nichil
963 4143 1148 4200 nisistulnrm.
1168 4143 1306 4200 Thesauri
1318 4141 1411 4213 magni

299 4269 387 4322 ¹Ms.
405 4271 461 4323 deo.
573 4267 655 4323 ’Ms
668 4271 745 4332 ordei,
757 4272 900 4324 boneium.
1009 4270 1409 4338 ’Thisprssegeisnntelligible

486 4345 574 4390 tome.
672 4336 819 4392 wishes
917 4338 1194 4408 &manducem
