3028 4894
271 283 344 378 384
510 389 515 398 ,
582 279 712 373 nna
736 275 927 382 tumba
951 277 1103 384 atala

271 481 369 550 brosa,
393 497 545 554 occupans
569 481 674 540 faciem
699 490 788 550 terre,
810 497 901 554 quam
925 481 1107 554 sequebatur
1130 478 1230 540 imber
1256 484 1432 558 sangumls
1488 556 1489 570 χ

272 566 399 626 Diuertlt
417 579 517 626 autem
536 587 591 626 rex
607 569 638 628 ir:
656 569 754 627 aulam
767 570 927 642 quandam,
940 579 970 626 et
985 570 1064 626 sedit
1082 569 1113 626 in
1132 587 1177 640 ea,
1193 571 1326 630 indutus
1346 585 1433 632 veste
1489 574 1490 580 '

270 656 398 714 candida
410 657 488 714 linea
499 665 529 714 et
540 657 606 726 lata,
619 657 781 730 caudisque
792 657 924 730 vulpinis
935 667 1078 730 tanquam
1090 659 1180 714 sertis
1192 669 1287 732 caput
1300 661 1434 718 cinctus
1489 639 1498 971 S

272 742 341 803 Nou
366 745 504 802 cessabat
532 755 632 802 autem
661 744 784 820 sanguis
808 761 994 818 supereum
1019 744 1161 802 distdlare
1169 747 1189 816 ¹,
1214 747 1290 820 quia
1316 749 1434 806 domus
1499 749 1500 758 ’

241 840 371 910 5vtpote
389 833 510 890 deserta
527 841 668 906 cooperta
685 849 746 890 nou
765 841 838 902 erat,
851 833 905 889 sed
924 849 980 905 per
995 833 1206 906 dependentes
1224 837 1348 893 caudas
1366 838 1434 893 vul-

270 919 357 993 pinas
373 921 522 978 defluebat
540 923 571 978 in
590 921 689 980 sinum
708 938 805 978 suum.
841 919 967 994 Cuuque
985 919 1084 978 sinum
1101 921 1273 994 implesset,
1293 925 1434 982 relinere

269 1010 348 1083 cepit
364 1017 394 1064 et
411 1027 446 1066 os
461 1011 525 1066 eius
542 1009 750 1068 habundanter
765 1007 908 1080 impleuit
981 995 1100 1066 Eadem
1117 1026 1237 1082 quoque
1258 1021 1357 1069 nocte
1373 1029 1435 1085 qua
1496 1000 1497 1004 ¹

269 1095 316 1152 vir
333 1107 455 1154 sanctus
474 1096 574 1171 lugam
592 1097 666 1166 iniit,
678 1097 800 1170 quidam
812 1097 851 1153 de
867 1095 982 1154 clericis
998 1097 1029 1152 in
1047 1096 1184 1168 sompnis
1198 1115 1314 1156 sonum
1329 1101 1435 1156 mani·
1501 1129 1502 1150 t

269 1182 345 1242 teste
357 1183 459 1242 vocis’
470 1185 583 1242 audiuit
593 1185 761 1244 dicentem:
781 1185 910 1242 ‘Anima
921 1192 1023 1241 nostra
1036 1184 1112 1242 sicut
1124 1201 1233 1256 passer
1250 1197 1368 1260 erepm
1386 1197 1434 1244 εἰ

227 1297 258 1334 ιο
271 1273 309 1328 de
328 1272 434 1346 laqueo
452 1273 644 1330 venantium:
667 1273 791 1346 laqueus
806 1272 952 1330 contritus
969 1281 1016 1328 est
1033 1280 1064 1329 et
1083 1289 1139 1328 nos
1158 1272 1278 1330 liberati
1299 1278 1433 1332 sumus*

270 1347 387 1418 Audita
402 1369 502 1418 autem
521 1361 737 1434 archiepiscopi
756 1360 834 1434 suga,
851 1377 905 1416 rex
918 1359 1079 1433 plurimum
1092 1361 1228 1418 turbatus
1241 1361 1433 1438 solempnes

271 1449 397 1506 nuncios
418 1465 487 1506 cum
509 1451 685 1506 muneribus
706 1450 744 1506 ad
764 1465 873 1522 papam
892 1447 983 1518 misit,
995 1447 1047 1522 qui
1066 1447 1310 1522 archipresulem
1332 1468 1434 1525 super

270 1536 353 1610 pacis
365 1537 587 1610 perturbatione
600 1545 629 1594 et
642 1545 725 1594 reatu
738 1535 860 1610 periurii
872 1544 1056 1594 accusarent.
1081 1535 1135 1592 Vir
1144 1547 1244 1592 autem
1254 1539 1310 1596 dei
1320 1541 1365 1597 de
1378 1541 1433 1596 die

271 1625 367 1684 latens
380 1635 410 1683 et
423 1625 452 1682 in
467 1633 554 1684 nocte
567 1623 756 1690 iterfaciens,
769 1639 852 1680 mare
864 1625 1011 1691 transiuit,
1024 1632 1062 1694 et,
1075 1623 1197 1681 indutus
1209 1625 1281 1682 alba
1294 1638 1388 1685 veste
1402 1638 1432 1684 et

228 1737 256 1788 ¹5
271 1713 438 1771 monachali
448 1731 531 1788 capa,
544 1714 638 1786 pedes
649 1711 709 1770 iuit
740 1711 957 1785 Quesitumque
970 1720 1017 1768 est
1026 1713 1054 1767 ei
1075 1711 1156 1768 lasso
1165 1713 1292 1770 tandem
1307 1715 1433 1772 iumen·

269 1811 333 1860 tum
348 1819 449 1872 vnum,
463 1819 523 1858 non
544 1801 661 1858 frenum
681 1802 735 1858 sed
754 1800 882 1874 plectam
901 1799 979 1856 circa
991 1800 1100 1856 collum
1113 1799 1247 1858 habens:
1266 1813 1302 1860 et
1316 1805 1431 1878 positis

271 1907 363 1965 super
380 1891 504 1948 dorsum
522 1889 665 1960 vestibus,
678 1906 747 1946 eunt
764 1889 896 1962 desuper
908 1889 1015 1945 sedere
1027 1888 1172 1945 lecerunt
1209 1888 1248 1947 Et
1260 1891 1431 1950 obuiantes

270 1981 298 2036 ei
316 1979 421 2036 armati
441 1979 572 2052 quidam,
587 1977 760 2050 quesierunt
779 1993 817 2033 an
834 1977 900 2049 ipse
918 1985 1000 2033 esset
1021 1975 1267 2050 archiepiscopus
1291 1980 1430 2037 Cantua-

271 2068 388 2126 riensis.
411 2067 447 2124 Et
459 2065 563 2140 [ille]':
579 2065 714 2123 ‘Siccine
722 2064 947 2122 Cantuariensis
956 2063 1129 2136 phaleratus
1139 2064 1431 2126 incedas-Tertia

226 2179 258 2216 πο
271 2173 342 2214 vero
352 2155 425 2214 feria
435 2154 535 2230 lugam
545 2154 627 2212 iniit:
640 2155 728 2212 tertia
735 2153 808 2210 feria
818 2153 847 2211 in
856 2153 1065 2210 transmarinis
1074 2153 1231 2226 applicuit:
1244 2157 1340 2214 tertia
1352 2158 1429 2215 seria

271 2254 427 2302 reuertens
446 2243 475 2300 in
495 2241 636 2316 Angliam
654 2242 813 2316 applicuit:
832 2251 862 2298 et
874 2241 979 2297 tertia⁴
996 2242 1118 2299 demum
1133 2241 1206 2299 feria
1218 2243 1323 2316 gladio
1336 2264 1428 2304 occu·

270 2333 341 2390 buit.
412 2319 548 2390 Vocatus
574 2329 663 2404 [est]'
684 2337 784 2386 autem
801 2347 820 2386 a
839 2328 928 2386 sociis
950 2329 1056 2386 ‘frater
1078 2328 1303 2401 Christianus';
1331 2344 1365 2390 et
1389 2351 1430 2390 ne
1501 2395 1502 2421 ¹

270 2419 392 2494 agnosci
406 2420 490 2477 facile
506 2427 617 2492 posset,
630 2417 739 2490 vbique
756 2418 854 2474 locum
867 2417 956 2474 etiam
969 2417 1000 2472 in
1013 2433 1119 2474 mensa
1130 2418 1225 2474 tenuit
1239 2428 1428 2480 extremum.
1500 2475 1501 2484 ,

272 2509 392 2567 Notauit
411 2509 490 2564 enim
513 2509 578 2564 vice
599 2507 727 2579 quadam
751 2505 863 2578 hospes
885 2522 958 2562 suus
981 2504 1047 2562 eius
1072 2505 1254 2578 singularem
1275 2511 1428 2568 vescendi
1500 2513 1501 2520 ’

227 2601 255 2652 ²5
270 2599 393 2654 modum
413 2605 443 2652 et
467 2597 498 2654 in
521 2594 729 2652 distributione
750 2593 909 2651 effectum:
929 2594 967 2649 de
989 2593 1040 2648 illo
1061 2595 1141 2666 quod
1160 2593 1189 2650 ei
1207 2599 1429 2667 apponebatur

270 2685 396 2759 singulis
409 2685 447 2742 de
463 2686 553 2741 domo
565 2684 663 2740 dabat.
700 2681 874 2738 lntuebatur
886 2681 1094 2754 proceritatem
1110 2682 1272 2754 egregiam,
1287 2682 1428 2743 frontem

269 2774 409 2847 amplam,
420 2781 574 2845 aspectum
590 2787 730 2828 seuerum
741 2769 760 2840 ⁸,
773 2769 879 2826 faciem
890 2769 1050 2842 oblongam
1068 2778 1097 2825 et
1109 2779 1278 2838 venustam,
1290 2771 1428 2830 sormam

269 2877 422 2930 manuum,
432 2868 461 2917 et
469 2859 657 2916 articulorum
668 2874 829 2930 congruam
837 2867 867 2914 et
879 2855 965 2930 quasi
975 2856 1153 2930 exquisitam
1162 2859 1426 2930 protensionem⁷3
1499 2869 1500 2920 l

269 2949 300 3006 in
325 2949 414 3006 modo
436 2947 555 3016 edendi,
576 2945 607 3002 in
627 2945 760 3018 corporis
780 2945 921 3018 qualitate
942 2954 971 3001 et
991 2953 1076 3018 gestu
1099 2944 1206 3002 ceteris
1226 2946 1426 3007 dissimilem.

225 3063 257 3114 30
272 3035 430 3094 Estimauit
448 3051 482 3092 se
502 3051 642 3108 magnum
663 3033 760 3090 virum
779 3032 960 3106 suscepisse,
973 3041 1004 3088 et
1022 3032 1230 3106 suspicabatur
1247 3033 1331 3092 hunc
1352 3055 1427 3094 can-
1499 3089 1500 3096 ,

270 3127 452 3183 tuan'ensem
478 3139 547 3180 esse
571 3119 863 3194 archiepiscopum⁸3
892 3138 928 3178 eo
952 3121 1031 3193 quod
1056 3121 1289 3194 circumquaque
1315 3141 1426 3182 mmor
1499 3159 1500 3235 q

269 3215 458 3272 increbuerat
479 3209 725 3268 Cantuariensem
746 3227 764 3265 a
788 3208 1004 3281 Nonhampton
1025 3209 1101 3266 clam
1126 3209 1292 3268 recessisse
1313 3221 1347 3270 et
1370 3233 1424 3288 ap-

269 3301 397 3376 plicasse
421 3300 453 3358 in
478 3307 579 3374 partes
603 3297 678 3362 illas,
703 3297 751 3354 vel
776 3297 807 3353 in
832 3297 969 3370 proximo
994 3297 1203 3369 applicandum
1228 3297 1302 3356 fore.
1342 3301 1424 3359 Cum

269 3390 350 3448 enim
371 3399 439 3462 post
460 3404 566 3446 cenam
588 3385 680 3443 frater
701 3385 888 3442 Christianus
909 3384 1058 3457 hospitem
1077 3383 1159 3441 iuxta
1178 3403 1211 3442 se
1229 3403 1349 3458 ponere
1370 3409 1423 3448 vo-

224 3500 256 3552 35
270 3478 385 3546 luisset,
396 3483 568 3534 constanter
583 3473 690 3544 renuit,
706 3482 734 3530 et
751 3473 875 3530 interra
891 3489 979 3529 secus
995 3472 1089 3545 pedes
1106 3471 1171 3528 eius
1188 3475 1309 3544 sedens,
1323 3477 1423 3535 dixit:

270 3567 403 3625 ‘Gratias
421 3582 478 3638 ago
496 3562 708 3620 domine’deo
723 3562 802 3634 quod
819 3561 929 3634 dignus
945 3559 987 3616 sui
1000 3569 1031 3617 vt
1050 3561 1106 3616 sub
1122 3568 1233 3618 tectum
1254 3579 1358 3622 meum
1378 3567 1423 3622 in-
1498 3629 1499 3638 2

268 3656 381 3714 trares.'
418 3652 474 3710 Cui
495 3651 563 3708 ille:
593 3649 717 3706 ‘Nonne
742 3667 798 3720 ego
823 3647 914 3706 frater
938 3664 1054 3720 pauper
1077 3663 1153 3716 sum,
1175 3657 1205 3704 et
1228 3649 1423 3712 Christianus

270 3743 388 3800 dicori’
432 3740 546 3806 ‘Certa
568 3737 663 3810 inquit
687 3737 808 3810 hospes,
833 3735 974 3809 quicquid
998 3735 1115 3806 dicaris,
1134 3735 1196 3792 scio
1219 3745 1250 3794 te
1274 3755 1423 3812 magnum

270 3832 368 3890 virum
390 3844 468 3896 esse,
490 3836 520 3884 et
541 3825 781 3883 cantuariensem
801 3823 1077 3896 archiepiscopum!
1116 3821 1216 3896 igitur,
1236 3842 1305 3882 cum
1328 3830 1422 3886 nullis

224 3945 259 3998 40
269 3921 430 3978 verborum
448 3913 609 3972 inuolucris
629 3915 666 3970 ab
685 3913 803 3986 hospite
820 3929 854 3968 se
871 3920 974 3985 posset
986 3911 1094 3981 celare,
1107 3910 1264 3970 confessus
1276 3919 1421 3988 estquod

269 4009 336 4084 ipse
355 4013 427 4073 erat,
447 4013 476 4060 et
499 4019 559 4060 non
581 4001 710 4074 negauit.
783 3987 866 4059 Cum
890 4008 991 4056 autem
1015 3999 1062 4055 ad·
1076 4000 1292 4058 monasterium
1314 4002 1420 4061 Sancti

302 4227 482 4305 ¹E.stillare;
498 4225 528 4276 T.
542 4223 674 4320 distillans.
751 4221 858 4316 ¹so·T.‚
871 4221 900 4271 E.
912 4236 978 4270 man
991 4219 1174 4317 vocissonum.
1256 4221 1337 4318 ἐξω.
1350 4225 1378 4273 in
1391 4225 1420 4274 E,

267 4297 461 4414 iefftictsiiecriift
486 4287 713 4420 ‘nep‘isnioffi
776 4287 1194 4421 'Tzlosmffigu}.’d}miit¹oe.nm
1318 4290 1418 4354 Em
