3048 4884
441 311 516 408 vt
540 307 704 400 &uitta
729 309 942 398 wilfrido.
1192 331 1267 406 427

110 514 337 586 sequebantur3
356 531 472 586 verum,
490 514 561 588 quia
580 515 623 571 illi
648 515 842 588 postmodum
860 513 983 587 optione
1007 512 1075 570 data
1096 512 1267 570 maluerunt

110 599 181 657 loco
193 603 312 672 cedere,
320 619 410 676 quam
424 603 537 676 pascha
546 603 723 660 catholicum
734 611 910 675 ceterosque
922 603 998 658 ritus
1010 601 1170 658 canonicos
1182 601 1266 658 iuxta

111 703 242 745 romane
254 699 285 746 et
299 689 461 762 apostolice
474 690 600 748 ecclesie
612 689 861 747 consuetudinem
873 688 1018 762 recipere,
1030 689 1197 745 dedemnt¹
1209 689 1266 745 hoc

110 773 156 831 illi
169 793 261 848 quem
273 777 447 836 melioribus
459 779 607 836 imbutum
619 777 785 852 disciplinis
797 795 831 834 ac
844 775 978 833 moribus
990 774 1164 846 viderunt¹;
1182 785 1212 833 et
1227 777 1266 833 ab

112 862 262 935 Ailberto,
288 864 503 936 Gewissorum,
526 865 557 922 id
588 875 634 923 est
660 863 898 923 occidentalium
924 863 1087 930 Saxonum,
1113 863 1295 937 episcopo,5

111 951 317 1023 presbiterum
330 955 500 1012 consecrari
512 953 656 1011 lecerunt.
728 941 839 1010 ’Mota
850 961 897 1010 est
910 969 946 1008 ea
957 959 1136 1024 tempestate
1148 953 1266 1024 questlo

111 1038 154 1093 de
168 1039 379 1097 obseruatione
396 1042 526 1114 pasche:
546 1058 615 1098 nam
629 1040 720 1110 Scoti,
733 1049 763 1098 et
781 1039 870 1098 etiam
883 1039 1021 1096 Aidanus
1040 1047 1071 1096 et
1084 1038 1108 1094 F
1108 1038 1217 1096 inanus
1235 1046 1266 1096 et

112 1123 219 1198 plures
232 1125 333 1200 Angli,
346 1139 450 1186 contra
466 1145 582 1187 rnorem
595 1129 776 1186 uniuersalis
791 1127 919 1186 ecclesie
936 1126 1050 1200 pascha
1066 1126 1264 1184 celebrabant.

113 1211 206 1268 Vnde
219 1230 433 1290 nonnunquam
446 1217 568 1290 contigit
579 1225 611 1274 vt
622 1217 670 1274 bis
682 1216 713 1273 in
726 1233 806 1273 anno
818 1215 929 1290 pascha
941 1213 1143 1272 celebraretur
1152 1222 1184 1270 et
1195 1231 1264 1270 cum

112 1315 171 1356 rex
189 1299 274 1358 Oswi
292 1303 404 1376 pascha
422 1303 528 1361 solutis
545 1303 664 1362 ieiuniis
682 1304 801 1374 iaceret,
814 1311 884 1361 tunc
904 1301 1008 1374 regina
1025 1317 1094 1360 cum
1113 1301 1177 1360 suis
1195 1318 1262 1374 per·
1280 1318 1310 1355 ro

112 1386 229 1446 sistens
250 1389 348 1448 adhuc
372 1391 403 1448 in
427 1391 538 1449 ieiunio
561 1393 643 1449 diem
667 1392 834 1465 palmarum
860 1390 1032 1448 celebraret.
1070 1389 1137 1448 Hec
1162 1399 1262 1447 autem

110 1474 299 1534 dissonantia
329 1480 480 1552 paschalis
514 1479 714 1550 obseruantie,
743 1479 865 1538 viuente
895 1477 1023 1547 Aidano,
1047 1479 1197 1551 patienter
1225 1480 1264 1536 ab

111 1565 256 1621 omnibus
279 1566 467 1639 tolerabatur,
492 1567 543 1648 qui
567 1577 706 1642 patenter
728 1566 939 1624 intellexerant
962 1564 1040 1637 quia,
1065 1563 1123 1622 etsi
1151 1566 1264 1638 pascha

111 1660 219 1708 contra
254 1669 371 1711 morem
401 1671 505 1712 eorum
535 1654 587 1728 qui
621 1655 720 1729 ipsum
756 1653 901 1711 miserant
937 1651 1035 1709 iacere
1067 1669 1128 1708 non
1159 1652 1263 1725 potuit,

111 1755 208 1811 opera
219 1749 320 1798 tamen
334 1741 413 1813 fidei,
422 1743 540 1815 pietatis
552 1751 582 1800 et
595 1741 762 1800 dilectionis
774 1742 857 1798 iuxta
870 1755 986 1797 morem
999 1739 1138 1795 omnibus
1151 1741 1263 1798 sanctis
1280 1761 1308 1810 ¹5

111 1837 291 1885 consuetum
303 1830 463 1904 diligenter
472 1831 581 1903 exequi
595 1833 717 1900 curauit,
729 1829 809 1888 vnde
825 1829 863 1885 ab
876 1827 1023 1896 omnibus,
1037 1827 1127 1884 etiam
1140 1827 1198 1885 hiis
1211 1828 1262 1901 qui

111 1913 151 1969 de
164 1916 278 1986 pascha
289 1917 376 1975 aliter
390 1919 568 1990 sentiebant,
581 1919 688 1976 merito
704 1917 882 1990 diligebatur
890 1915 910 1984 ⁴,
924 1932 979 1972 nec
998 1915 1096 1971 solum
1112 1933 1130 1971 a
1147 1916 1262 1973 medio·

111 2000 224 2072 eribus,
235 2020 341 2061 verum
354 2005 392 2061 ab
405 2007 555 2080 episcopis
568 2006 705 2064 Honorio
717 2002 954 2073 cantuariorum,
967 2011 998 2060 et
1011 2002 1110 2060 Felice
1124 2003 1262 2063 Orienta-

111 2087 187 2144 lium
205 2089 383 2164 Anglorum,
398 2092 601 2151 venerationi⁶
619 2093 738 2152 habitus
757 2101 812 2150 est.
858 2091 948 2148 Vnde
967 2089 1075 2148 merito
1094 2091 1187 2148 mouit
1205 2091 1261 2150 hec

110 2177 231 2248 questio
256 2195 364 2237 sensus
387 2191 417 2239 et
446 2184 537 2239 corda
567 2181 738 2252 multorum,
762 2181 931 2238 timentium
962 2196 1001 2238 ne
1032 2178 1108 2236 sorte
1137 2189 1262 2254 accepto
1277 2202 1309 2237 ιο

111 2263 336 2325 christianitatis
348 2269 493 2326 vocabulo
505 2269 535 2326 in
547 2286 675 2328 vacuum
692 2277 847 2326 currerent
859 2277 909 2325 aut
922 2266 1133 2326 cucurrissent
1171 2267 1261 2325 Facta

113 2359 161 2408 cst
173 2353 274 2426 itaque
286 2357 421 2428 synodus
434 2357 465 2414 in
479 2358 663 2414 monasterio
678 2357 771 2414 Hilde
782 2356 933 2413 abbatisse
948 2355 1027 2428 apud
1045 2353 1260 2414 Streneshalch

111 2440 228 2512 —quod
239 2441 695 2519 modoWhitebyvocatur-vbi
703 2442 977 2517 questioventilari⁶
985 2443 1108 2500 deberet
1117 2451 1148 2499 et
1158 2443 1261 2501 termi-

111 2529 186 2585 nari.
217 2527 275 2586 Vbi
293 2541 499 2588 conuenenrnt
517 2550 606 2606 reges
624 2532 709 2589 Oswi
728 2541 758 2589 et
776 2531 935 2592 filiuseius
947 2531 1091 2602 Aliridus,
1104 2531 1260 2589 Ailbertus

110 2613 273 2689 episcopus
296 2634 365 2675 cum
389 2620 477 2676 beato
497 2619 655 2678 Wilsn'do:
686 2629 790 2677 contra
811 2637 888 2693 quos
912 2618 1075 2677 Colmanus
1099 2619 1260 2694 episcopus
1277 2641 1306 2693 ²3

111 2719 181 2760 cum
194 2703 258 2761 suis
271 2706 386 2765 clericis
397 2709 489 2778 venit,
501 2717 531 2766 et
551 2709 676 2766 Hildam
694 2708 876 2766 abbatissam
890 2718 972 2766 secte
985 2727 1040 2766 sue
1053 2708 1218 2777 fautricem,
1231 2719 1261 2767 et

112 2790 289 2865 episcopum
302 2794 444 2866 Ceddam,
457 2814 526 2854 cum
539 2797 604 2854 aliis
616 2797 752 2869 pluribus
765 2798 874 2855 habuit
895 2796 1008 2853 Habito
1019 2805 1120 2854 autem
1132 2796 1260 2867 silentio,

112 2895 169 2935 rex
177 2879 262 2937 Oswi
272 2882 321 2938 tali
335 2885 425 2940 modo
438 2884 578 2957 loquutus
591 2893 655 2941 est:
670 2883 850 2955 ‘Hactenus,
859 2893 960 2957 patres
969 2885 1142 2954 venerandi,
1150 2885 1260 2942 scisma

111 2967 143 3022 in
156 2968 291 3026 ecclesiis
303 2969 415 3029 Christi
428 2981 567 3028 exortum
579 2971 725 3045 quosdam
743 2971 842 3028 minus
854 2971 1033 3042 veritati[s]⁷
1045 2972 1203 3029 studentes
1221 2974 1260 3030 ad

110 3061 227 3111 tantum
246 3073 380 3116 errorem
403 3061 552 3132 perduxit,
569 3068 600 3116 vt
622 3059 669 3117 bis
690 3059 720 3116 in
740 3075 820 3116 anno
840 3060 931 3134 (quod
951 3060 1030 3118 dictu
1052 3059 1169 3132 nephas
1190 3077 1260 3118 esse
1274 3081 1306 3130 30

110 3141 266 3216 probatur)
286 3153 422 3202 sanctum
442 3147 554 3221 pascha
573 3147 611 3204 sit
629 3147 813 3204 celebratum
822 3146 840 3204 ⁸.
877 3147 936 3217 Qui
955 3145 1035 3203 enim
1054 3146 1133 3204 viam
1151 3147 1259 3205 indiui-

110 3229 202 3286 duam
218 3233 414 3304 perueniendi
431 3236 469 3292 ad
481 3236 573 3292 vitam
589 3235 778 3292 solummodo
795 3233 947 3292 Christum
960 3243 1126 3292 noscuntur
1137 3236 1259 3306 habere,

109 3317 275 3376 absurdum
294 3321 382 3380 valde
403 3321 467 3381 sore
488 3322 661 3392 dinoscitur,
682 3322 782 3396 ipsum
807 3321 960 3380 Christum
980 3321 1010 3378 in
1032 3321 1095 3380 suis
1117 3323 1259 3382 misteriis

109 3405 189 3463 velle
207 3407 329 3466 dissona
344 3409 554 3468 obseruatione
569 3409 711 3467 diuidere.
749 3408 793 3466 Ea
811 3428 844 3468 re
863 3409 894 3467 in
914 3412 991 3467 hanc
1010 3427 1059 3468 me
1078 3413 1258 3468 sententiam

110 3493 178 3566 ipsa
197 3495 320 3554 rationis
338 3499 504 3556 necessitas
523 3499 712 3572 potissimum
731 3499 824 3567 duxit,
837 3498 978 3572 quatinus
990 3501 1145 3572 utriusque
1163 3499 1257 3573 partis
1273 3522 1303 3574 3⁵

109 3581 287 3641 defensores
309 3601 369 3642 vna
392 3587 497 3644 uenire
521 3587 614 3644 iussio
639 3595 742 3644 nostra
766 3587 1002 3660 constringeret3
1027 3604 1087 3660 quo
1107 3588 1257 3662 utrimque

109 3669 227 3728 ratione
245 3671 353 3742 audita,
365 3675 436 3746 quid
455 3676 652 3748 sequendum,
665 3675 736 3748 quid
749 3673 923 3748 fugiendum
938 3675 986 3745 sit,
1000 3675 1135 3732 discusso
1152 3693 1256 3734 errore

108 3775 257 3832 queamus
267 3759 435 3833 inspicere!
472 3761 557 3819 Tunc
571 3761 736 3820 Colmanus
748 3762 908 3836 episcopus
920 3762 978 3820 ait:
998 3761 1141 3834 ‘Pascha
1152 3762 1258 3836 inquit,

107 3863 126 3902 a
139 3847 360 3919 quartadecima
373 3848 443 3906 luna
452 3865 548 3924 vsque
561 3850 599 3906 ad
611 3849 785 3907 vicesimam
799 3849 995 3920 celebramus,
1003 3857 1033 3908 et
1046 3849 1257 3908 celebrandum

108 3934 332 4005 confirmamus,
350 3944 380 3993 et
399 3938 439 3993 ita
458 3935 524 3994 fieri
542 3945 682 4011 oportere
699 3937 798 3995 valida
819 3937 994 3995 auctoritate
1015 3937 1256 4011 comprobamus.
1270 3967 1304 4017 4⁰

109 4019 308 4080 Beatissimus
320 4025 401 4081 enim
416 4023 568 4082 lohannes
582 4024 774 4098 Euangelista
787 4025 903 4096 eodem,
913 4043 973 4098 quo
986 4041 1051 4095 nos,
1064 4025 1169 4082 ordine
1182 4024 1255 4083 illud

106 4109 270 4168 celebrauit
282 4119 312 4171 et
326 4111 434 4186 quibus
447 4111 556 4186 prehrit
569 4111 703 4172 ecclesiis
715 4112 931 4172 celebrandun
943 4111 1077 4170 instituit
1114 4112 1182 4171 Hoc
1199 4130 1256 4187 per

140 4299 199 4353 ¹13.
211 4303 289 4352 dedit.
357 4301 499 4354 ’uadit
566 4303 633 4357 ¹Cs.
647 4304 729 4365 Beda,
742 4303 790 4354 111.
802 4317 842 4368 as.
908 4303 1133 4367 ‘Ediligibatun
1201 4303 1255 4354 ⁸T.

109 4367 324 4422 Eveneraticne.
381 4368 586 4423 ‘Eventulari
643 4369 699 4423 ¹2.
712 4371 822 4422 veritati.
877 4368 990 4434 'soT.;
1007 4370 1203 4423 E.celebratum
1214 4371 1255 4423 sit
