3012 4898
414 312 488 407 De
511 309 676 400 &mtto
702 310 903 413 lituum.
1160 315 1231 406 287

69 515 172 588 pallia
185 513 319 572 demissa
330 523 401 572 sunt
413 515 466 572 eis.
540 501 696 572 Nunciata
708 523 779 572 sunt
791 523 895 572 sancto
909 513 1036 570 Patricio
1049 513 1127 570 mala
1139 529 1233 587 opera

70 603 239 660 cuiusdam
258 603 339 676 regis
359 601 513 659 Britonum
533 603 656 659 nomine
676 601 795 659 Ceritici
805 602 824 671 ¹,
842 602 972 658 crudelis
990 601 1110 668 tiranni,
1128 617 1233 675 perse·

70 690 220 764 quutoris
232 699 262 747 et
274 689 473 746 interfectoris
485 689 724 747 christianorum.
757 689 794 745 Et
807 689 953 763 cogitabat
962 688 1108 746 Patricius
1117 698 1149 747 vt
1162 705 1232 744 con·

71 787 216 834 uerteret
228 778 330 835 illum:
350 777 490 850 misitque
502 779 540 834 ad
554 795 624 834 eum
637 777 811 849 epistolam,
833 794 922 850 quam
935 777 985 834 ille
998 777 1161 844 deridebat,
1174 794 1233 834 vna

71 883 149 921 cum
158 865 296 922 doctrina
306 865 379 920 eius.
411 863 449 920 Et
459 864 554 921 orauit
565 864 710 921 Patricius
720 864 921 920 addominum
931 873 961 922 et
971 864 1045 923 dixit
1057 884 1063 920 :
1077 863 1232 933 ‘Domine
1246 879 1261 936 5

71 953 104 1010 si
118 952 189 1009 fieri
203 961 310 1025 potest,
319 952 439 1024 expelle
451 953 532 1008 hunc
544 953 710 1025 pessimum
720 953 758 1008 de
769 951 904 1024 presenti
917 952 1019 1009 seculo
1028 961 1058 1008 et
1067 953 1105 1009 de
1116 951 1232 1008 futuro!

74 1040 118 1096 Et
132 1057 216 1110 ecce,
229 1057 297 1096 cum
311 1057 365 1096 rex
377 1042 555 1096 constitutus
568 1049 649 1096 esset
666 1040 695 1096 in
709 1039 809 1096 medio
822 1039 894 1109 soro,
908 1039 986 1095 illico
998 1049 1130 1096 mutatus
1142 1047 1189 1096 est
1202 1040 1232 1094 in

73 1128 212 1184 sormam
224 1127 373 1199 vulpeculi
386 1144 487 1184 coram
500 1127 648 1196 omnibus,
661 1135 692 1184 et
710 1128 748 1183 ab
766 1126 816 1183 illa
834 1127 908 1183 hora
927 1126 957 1183 in
976 1127 1066 1183 terris
1084 1143 1231 1199 nusquam

72 1214 259 1288 comparuit.
333 1203 411 1271 Erat
428 1215 550 1287 quidam
569 1213 600 1270 in
618 1217 740 1287 regione
753 1214 873 1270 Vltonie
890 1213 1012 1270 nomine
1026 1214 1146 1288 Maguil,
1159 1230 1233 1286 gen·

72 1302 149 1370 tilis,
165 1301 316 1374 malignus
333 1301 421 1359 valde
437 1311 468 1359 et
485 1302 630 1358 tirannus.
668 1300 726 1358 Hic
745 1319 813 1358 cum
832 1301 956 1358 vidisset
975 1301 1144 1368 Patricium,
1158 1300 1233 1357 dixit
1248 1317 1279 1356 ro

73 1389 172 1446 sociis
186 1389 266 1446 suis:
286 1388 382 1446 ‘Ecce
394 1391 536 1448 seductor
548 1389 615 1446 ille:
635 1405 740 1446 eamus
752 1398 782 1446 et
798 1397 983 1462 temptemus
997 1406 1076 1458 eum,
1089 1397 1120 1444 vt
1132 1387 1232 1444 videa·

74 1495 151 1534 mus
170 1476 337 1550 potentiam
357 1476 454 1533 illius!
492 1476 578 1533 Tunc
598 1485 764 1550 posuerunt
782 1493 875 1532 vnum
894 1493 1001 1532 sanum
1020 1476 1076 1532 sub
1089 1493 1171 1548 sago,
1187 1475 1232 1532 in·

76 1564 256 1621 firmitatem
269 1565 374 1621 mortis
391 1563 593 1631 simulantem,
607 1573 637 1620 et
649 1563 790 1620 dixerunt
803 1571 924 1620 sancto:
945 1562 1082 1620 ‘Accede
1099 1571 1129 1619 ot
1146 1574 1234 1620 canta

75 1669 177 1724 super
200 1669 270 1708 eum
294 1651 409 1724 aliquas
432 1651 651 1708 incantationes
675 1659 750 1717 tuas,
775 1660 807 1707 vt
832 1667 924 1707 sanus
949 1649 1004 1708 sit!
1050 1650 1109 1721 Qui
1133 1649 1232 1708 sciens

75 1739 209 1795 fallatiae
221 1755 334 1807 eorum,
347 1739 439 1796 dixit:
460 1738 540 1795 ‘Nec
553 1740 661 1794 mirum
678 1737 704 1794 si
722 1737 859 1794 infirmus
876 1739 939 1794 est’
975 1737 1061 1794 Tunc
1077 1736 1149 1794 socii
1168 1737 1232 1794 eius
1248 1755 1277 1806 15

74 1827 166 1882 illum
189 1835 339 1882 mortuum
361 1826 559 1883 inuenerunt:
588 1833 618 1882 et
640 1825 888 1898 obstupescentes
913 1824 991 1882 inter
1015 1842 1049 1882 se
1074 1825 1231 1884 dixerunt:

76 1913 180 1971 ‘Vere
199 1913 246 1970 hic
265 1915 356 1970 homo
374 1913 424 1970 dei
442 1915 505 1970 est’
544 1913 611 1970 Hoc
629 1913 737 1969 videns
756 1913 867 1986 Maguil
886 1912 1011 1969 credidit
1031 1914 1096 1982 deo,
1110 1922 1140 1968 et
1160 1913 1232 1984 bap·

75 2001 190 2058 tizatus
208 2011 264 2058 est.
302 2001 340 2058 Et
359 2001 433 2058 dixit
454 2000 597 2058 Patricio:
618 1999 754 2058 ‘Penitet
772 2017 821 2056 me
841 2001 911 2072 quia
929 1999 1074 2072 temptaui
1092 2008 1142 2056 tei
1162 2016 1231 2058 ecce

75 2106 162 2145 nunc
193 2088 294 2145 omnia
323 2106 501 2161 quecunque
532 2088 646 2146 dixeris
680 2089 753 2145 mihi
789 2087 912 2144 faciam!
963 2087 1108 2144 Patricius
1139 2087 1230 2146 dixit:

75 2181 85 2210 ⁸
98 2176 169 2232 Non
182 2193 308 2248 possum
322 2174 452 2233 iudicare
464 2187 502 2244 te,
517 2177 571 2234 sed
584 2177 659 2233 deus
672 2175 821 2233 iudicabit.
858 2175 1002 2232 Attamen
1015 2192 1094 2231 nunc
1104 2176 1180 2231 vade
1192 2176 1230 2232 ad
1247 2198 1278 2242 ao

75 2279 175 2332 mare,
187 2262 261 2319 nihil
274 2264 383 2320 tollens
396 2273 495 2321 tecum
510 2264 548 2320 de
565 2275 617 2321 tua
634 2263 800 2321 substantia
816 2272 920 2336 preter
930 2261 988 2320 vile
1000 2263 1230 2321 vestimentum:

76 2351 213 2410 ascende
230 2350 261 2406 in
281 2367 390 2408 nauem
404 2350 493 2408 vnius
509 2350 606 2424 pellis,
620 2351 686 2408 sine
705 2351 906 2424 gubernaculo
925 2359 955 2407 et
971 2367 1064 2420 remo,
1083 2358 1113 2407 et
1126 2350 1232 2423 colliga

78 2439 179 2513 pedes
198 2449 265 2496 tuos
284 2438 430 2512 compede
449 2439 547 2496 ferreo
566 2449 596 2496 et
619 2439 729 2512 proiice
748 2440 864 2496 clauem
884 2437 951 2495 eius
969 2438 1002 2495 in
1021 2455 1120 2495 mare:
1146 2447 1176 2494 et
1194 2439 1231 2494 ad

75 2543 292 2600 quamcunque
309 2535 420 2584 terram
432 2536 541 2584 ventus
558 2536 588 2584 te
608 2527 780 2600 portauerit,
792 2535 857 2584 esto
873 2526 912 2582 ibi
931 2526 1069 2583 seruiens
1082 2526 1155 2583 deo!
1195 2525 1232 2582 Et

75 2614 149 2671 ille:
169 2613 238 2670 ‘Sic
256 2613 362 2670 faciam
381 2615 458 2670 sicut
476 2614 596 2672 dixisti!
631 2615 717 2671 Tunc
736 2613 889 2671 suscitauit
904 2613 1049 2670 Patricius
1065 2613 1163 2670 virum
1180 2613 1231 2686 qui
1246 2635 1276 2686 ²⁵

74 2710 218 2760 mortuus
230 2700 353 2759 iacebat.
390 2701 428 2758 Et
445 2701 476 2758 in
493 2703 544 2759 illa
555 2702 605 2758 die
618 2702 757 2775 migrauit
771 2701 882 2774 Maguil
898 2702 935 2758 ad
948 2718 1040 2772 mare,
1055 2709 1085 2759 et
1097 2700 1232 2758 ascendit

76 2790 110 2845 in
135 2806 264 2847 nauem:
294 2798 324 2845 et
343 2799 451 2846 ventus
474 2791 605 2862 portauit
629 2808 698 2847 eum
723 2791 761 2846 ad
783 2789 913 2848 insulam
934 2789 1075 2846 Mannan.
1114 2788 1231 2844 Inuenit

76 2887 181 2938 autem
197 2875 237 2932 ibi
256 2877 333 2933 duos
350 2887 470 2934 sanctos
487 2877 663 2950 episcopos:
683 2877 734 2950 qui
746 2877 884 2934 videntes
903 2893 982 2945 eum,
996 2875 1094 2933 mirati
1113 2885 1182 2932 sunt
1201 2886 1231 2932 et

77 2963 196 3021 miserti
204 2973 276 3021 sunt
284 2963 370 3020 illius.
392 2963 730 3037 Eleuaueruntqueeum
739 2966 777 3020 de
787 2965 938 3020 maricam
946 2963 1067 3036 gaudio:
1081 2972 1110 3019 et
1121 2962 1230 3019 mansit

75 3052 120 3109 ibi
133 3069 202 3109 curn
215 3052 285 3119 illis,
298 3059 329 3109 et
340 3061 446 3125 postea
458 3054 584 3125 gradum
597 3052 799 3126 episcopalem
812 3050 945 3125 accepit;
965 3060 996 3108 et
1012 3052 1043 3106 in
1058 3050 1116 3107 illis
1134 3049 1231 3122 regio·
1244 3069 1278 3120 30

76 3139 170 3196 nibus
189 3140 317 3195 habetur
334 3155 443 3210 magna
461 3139 566 3196 ciuitas
580 3138 691 3213 Maguil
706 3139 840 3213 episcopi
855 3156 950 3212 vsque
968 3137 1066 3195 hodie.
1140 3125 1230 3196 Sedit

77 3227 210 3300 quadam
229 3225 278 3284 die
299 3225 444 3284 Patricius
462 3227 493 3283 in
512 3227 602 3300 agrn’
622 3227 721 3300 plebei
744 3227 913 3284 cuiusdam:
940 3225 990 3299 qui
1010 3225 1117 3283 videns
1135 3243 1231 3298 equos

79 3314 201 3372 Patn'cii
214 3313 245 3370 in
259 3331 332 3386 agro
345 3331 408 3384 suo,
421 3315 545 3370 minauit
562 3331 616 3372 eos
628 3332 738 3388 aspere
749 3316 789 3371 de
801 3331 882 3386 agro.
919 3313 1007 3384 Quod
1020 3331 1087 3370 cum
1103 3312 1231 3370 Patricio

76 3400 294 3475 displicuisset,
306 3400 434 3473 repleuit
452 3401 574 3473 copiosa
592 3419 684 3459 arena
702 3419 808 3474 agrum
826 3401 921 3468 illurn,
934 3409 963 3456 et
981 3399 1076 3457 sactus
1091 3409 1138 3458 est
1154 3400 1231 3457 sicut

77 3488 173 3546 maris
198 3488 290 3558 littus,
312 3488 379 3545 sine
404 3488 501 3546 fructu
525 3489 556 3546 in
582 3498 729 3547 eternum.
800 3477 896 3545 Venit
921 3505 1027 3560 magus
1048 3487 1169 3560 quidam
1192 3489 1229 3544 ad
1244 3505 1275 3562 35

76 3576 287 3636 altercandum
305 3586 410 3633 contra
429 3577 590 3634 Patricium
612 3587 642 3634 et
666 3577 723 3634 ait:
753 3577 830 3633 ‘Fac
852 3575 939 3633 nobis
960 3575 1058 3649 aliqua
1083 3575 1177 3648 signa,
1199 3585 1231 3633 vt

76 3665 237 3722 videamus
255 3663 396 3720 virtutem
415 3663 464 3721 dei
482 3665 543 3721 tui!
580 3664 665 3722 Tunc
689 3673 811 3721 sanctus
831 3663 976 3720 Patricius
994 3664 1033 3720 de
1051 3680 1111 3720 vno
1130 3662 1230 3735 lapide

76 3751 150 3809 fecit
169 3765 301 3808 massam
321 3751 538 3822 mollissimam,
557 3751 642 3824 quasi
660 3752 732 3808 illud
751 3768 820 3808 cum
840 3768 900 3824 quo
924 3751 969 3808 lac
990 3749 1122 3823 copulari
1144 3749 1229 3806 solet

78 3839 128 3898 De
141 3839 317 3912 duabusque
330 3839 439 3896 massis
455 3838 541 3896 lactis
555 3839 625 3896 fecit
637 3840 713 3896 duos
727 3839 863 3913 lapides:
881 3846 910 3894 et
925 3837 957 3894 in
974 3847 1080 3894 natura
1097 3837 1229 3910 lapidum

76 3935 260 4001 permanent
279 3925 311 3982 in
323 3935 470 3984 eternum.
509 3925 576 3983 Hoc
594 3935 695 3984 autem
707 3927 815 3984 videns
834 3942 939 3998 magus
958 3924 1091 3992 credidit,
1110 3932 1140 3980 et
1159 3925 1229 3996 bap·
1242 3950 1276 4002 ⁴0

77 4015 188 4074 tizatus
212 4023 268 4070 est.
342 4001 420 4071 Erat
444 4013 566 4087 quidam
590 4031 645 4070 rex
667 4013 787 4087 gentilis
810 4013 975 4078 Britonum,
997 4011 1112 4068 habens
1137 4009 1229 4067 filiam

78 4102 247 4160 Munessan
260 4099 390 4170 nomine,
398 4119 488 4174 quam
498 4100 563 4160 viro
575 4101 647 4158 dare
656 4101 766 4158 voluit:
786 4102 840 4158 sed
853 4099 904 4158 illa
917 4097 1087 4155 consentire
1100 4097 1228 4154 nolebat.

80 4189 166 4248 Licet
184 4189 267 4247 enim
285 4187 405 4262 gentilis
423 4198 496 4260 erat,
508 4205 564 4262 per
580 4188 679 4263 legem
695 4197 797 4246 tamen
814 4197 919 4245 nature
936 4185 1075 4259 cognouit
1091 4185 1182 4242 deum
1199 4194 1230 4246 et

241 4382 251 4414 ¹
270 4383 298 4436 T.
312 4382 432 4448 Ceritici;
450 4383 479 4435 E.
493 4383 611 4436 Ceretici.
785 4381 796 4412 ¹
813 4384 840 4434 in
851 4397 915 4446 agro
925 4396 975 4432 om.
988 4381 1015 4432 iu
1027 4381 1058 4436 t.
