3046 4902
117 317 346 386 russonum]
467 302 543 395 Du
567 299 627 390 θ.
652 301 929 390 ffliilluulssw·
1197 327 1266 402 571

117 515 186 561 sunt
205 504 306 576 quibus
324 503 433 560 onerati
451 505 538 561 estis:
564 523 615 560 vos
633 505 751 575 portatis
770 523 864 571 onera,
883 522 937 574 ego
956 505 1081 561 diuidam
1100 505 1155 561 illa
1192 504 1269 574 Quid

118 587 217 643 enimi
254 586 393 658 Nunquid
411 588 516 657 putatis
534 605 584 642 voe
600 589 737 643 maiorem
753 599 918 658 accepturos
935 589 1060 644 sortem?
1098 591 1183 643 Mene
1201 605 1270 660 ergo

118 671 158 726 ad
174 669 228 726 ista
243 670 309 726 ideo
326 670 501 739 prouocastis
519 670 601 726 litora
616 683 646 726 ut
665 671 729 726 istic
745 669 911 726 irritaretis?
947 673 1014 726 Non
1034 688 1134 727 sanum
1152 670 1182 725 in
1195 670 1270 726 viros

118 752 168 824 qui
181 751 287 806 nullum
300 751 386 807 micbi
398 752 489 808 eciam
503 753 654 822 dignantur
665 755 836 824 respondere
846 755 950 810 verbo!
989 753 1032 809 llli
1046 765 1142 809 autern
1154 763 1270 824 urgente

118 844 198 890 metu
215 843 243 890 et
260 835 365 902 dolore,
378 836 512 891 tenebant
528 837 683 892 silencium.
721 837 786 892 Hiis
805 837 890 906 igitur
905 836 946 891 ita
957 836 1053 906 gestis,
1069 845 1133 906 post
1150 837 1298 906 primam5

119 918 293 972 celebratam
313 919 413 972 horam
437 918 533 973 omnia
557 935 612 989 que
636 919 691 974 hiis
711 919 778 974 viris
799 919 959 974 acciderant
984 919 1027 973 vir
1050 918 1095 974 dei
1121 920 1270 974 enarrabat

119 1004 261 1061 fratribus.
300 1004 358 1059 illis
379 1021 447 1060 vero
471 1004 526 1060 deo
545 1006 655 1076 gracias
679 1007 838 1076 agentibus,
858 1024 916 1061 non
941 1006 1031 1062 solum
1056 1017 1171 1077 propter
1194 1005 1270 1062 viros

119 1096 284 1158 prostratos,
296 1105 394 1142 verum
407 1087 498 1144 eciam
517 1100 632 1160 propter
642 1090 759 1159 gloriam
776 1090 821 1145 dei
840 1090 869 1144 in
882 1107 963 1144 sento
976 1105 1027 1144 suo
1044 1089 1268 1145 manifestatam:

120 1169 245 1235 ‘Nolite,
264 1169 353 1240 inquit
372 1181 486 1226 sanctus
504 1171 701 1241 winwaloeus,
714 1173 743 1227 in
762 1190 829 1228 casu
847 1173 1022 1228 inimicorum
1038 1182 1195 1227 vestrorum
1207 1189 1269 1241 gra·

119 1253 211 1318 talari,
229 1269 320 1324 neque
335 1253 454 1323 gloriam
471 1254 510 1308 ad
526 1254 647 1310 inuicem
663 1266 706 1310 set
723 1272 777 1326 que
796 1273 814 1310 a
832 1255 886 1310 deo
900 1265 943 1311 est
960 1256 1091 1327 queratis.
1128 1253 1269 1325 Scriptum
1286 1271 1316 1307 ro

120 1335 225 1405 quippe
243 1345 304 1390 est:
325 1335 407 1404 “Qui
425 1337 567 1406 gloriatur,
583 1337 612 1392 in
629 1339 745 1393 domino
766 1339 924 1408 glorietur.”
962 1338 1037 1407 Quin
1055 1338 1144 1394 eciam
1164 1337 1270 1392 domini

120 1418 286 1473 mandatum
298 1419 452 1475 voluntarie
460 1420 576 1491 implere
585 1421 728 1476 debemus
763 1420 940 1476 Festinernus
949 1438 1025 1490 ergo,
1034 1422 1080 1488 ait,
1091 1421 1128 1476 ad
1137 1420 1269 1476 miseros:

121 1517 189 1554 narn
207 1499 296 1571 pene¹
315 1502 473 1573 consumpti
492 1503 521 1557 in
540 1504 636 1558 dolore
654 1493 682 1559 et
700 1503 792 1559 cordis
806 1504 937 1573 angustia
953 1504 1035 1558 sunt!
1073 1505 1161 1558 Fncta
1176 1512 1271 1558 tamen

121 1583 214 1654 primo
233 1584 426 1654 sollempniter
443 1586 582 1654 oracione,
596 1596 782 1657 perrexerunt.
817 1589 857 1642 At
872 1605 937 1642 curn
955 1595 1068 1642 sanctus
1081 1585 1271 1641 Winwaloeus

121 1674 150 1721 et
164 1675 262 1722 sancta
275 1683 372 1722 secum
388 1668 471 1723 simul
486 1669 671 1739 congregacio
689 1679 755 1726 ante
771 1669 832 1724 illos
850 1669 1040 1740 apparuisset:
1061 1677 1191 1741 quantus,
1206 1669 1269 1724 lesu
1285 1687 1314 1737 15

121 1750 206 1815 bone,
224 1748 390 1806 miserorum
409 1751 437 1806 in
455 1769 529 1822 pena
546 1752 727 1808 existencium
746 1752 774 1806 iu
793 1753 878 1807 corde
897 1753 977 1807 dolor
995 1768 1060 1808 cum
1078 1752 1270 1822 trepidacione

120 1834 285 1888 tenebatur!
323 1834 464 1889 Putabaut
485 1835 560 1890 enim
580 1836 626 1890 vel
646 1836 683 1890 ad
705 1845 823 1890 mortem
845 1836 890 1890 vel
912 1835 949 1890 ad
969 1834 1121 1890 vindictam
1141 1836 1270 1905 penalem

121 1914 210 1970 cicius
223 1932 254 1970 se
266 1933 329 1971 esse
341 1917 503 1973 trahendos.
541 1917 650 1988 Quibus
669 1928 802 1973 sanctus:
822 1916 933 1987 ‘Quam
952 1918 1035 1973 stulte
1051 1917 1165 1987 egistis!
1204 1919 1270 1972 Non

121 1997 198 2052 euim
211 1999 303 2068 magis
315 2000 499 2055 condecuerat
509 2002 665 2056 exiratmm
675 2001 768 2056 labore
776 1999 881 2070 aliquid
891 2017 954 2055 cum
964 2000 1112 2056 hillaritate
1120 2001 1270 2070 postulare,

122 2090 150 2136 et
169 2099 204 2136 ex
221 2081 405 2152 permissione
423 2084 498 2154 quod
516 2084 644 2139 sufficere
662 2095 758 2154 posset
776 2083 925 2154 suscipere,
937 2100 1022 2155 quam
1041 2082 1069 2137 in
1088 2082 1133 2137 dei
1150 2083 1317 2139 famulosne
1413 2091 1416 2096 ‘

121 2164 250 2220 fraudem
261 2164 386 2221 illicitam
398 2170 577 2236 perpetrare?
604 2167 653 2222 Set
666 2183 741 2221 nunc
753 2167 814 2236 ipse
826 2167 873 2237 qui
882 2167 979 2236 ligauit
987 2181 1037 2220 vos
1052 2166 1132 2221 lesus
1143 2165 1271 2222 Christus

123 2247 256 2302 dominus
274 2257 372 2302 noster
388 2250 425 2304 ab
443 2249 497 2304 hac
515 2249 600 2319 plaga
617 2248 731 2305 liberet'
769 2252 833 2304 Hec
850 2259 945 2304 autem
962 2264 996 2304 eo
1014 2247 1054 2303 ita
1065 2258 1190 2318 rogante,
1203 2265 1271 2303 cou-

122 2329 216 2385 festim
229 2331 267 2384 ab
279 2332 356 2385 omni
373 2333 456 2402 plaga
472 2332 609 2403 corporali
628 2333 709 2388 soluti
727 2342 800 2388 sunt.
836 2334 875 2388 Et
893 2332 996 2387 adiecit
1013 2331 1131 2387 dicens:
1151 2331 1272 2388 ‘Videte

122 2429 160 2467 ne
183 2413 256 2467 vltra
279 2414 332 2468 hec
352 2412 477 2482 faciatis;
498 2415 586 2470 tollite
606 2415 673 2470 hinc
693 2425 788 2470 vestra
807 2415 952 2470 vobiscum
971 2430 1065 2484 onera,
1087 2425 1114 2470 et
1135 2415 1271 2486 quociens

123 2511 239 2551 necesse
251 2495 332 2551 fuerit
346 2496 433 2568 petite
445 2516 463 2553 a
475 2497 557 2553 nobis
570 2507 598 2553 et
614 2515 667 2553 nos
684 2497 861 2554 incuntanter
879 2499 933 2552 deo
952 2507 1094 2568 prestante
1109 2499 1270 2566 tribuemus,
1285 2511 1315 2562 ²5

123 2587 151 2632 et
164 2577 251 2633 nolite
263 2591 377 2649 propter
388 2597 433 2636 res
446 2581 620 2636 transitorias
637 2593 665 2637 et
681 2583 805 2636 caducas
819 2581 928 2636 animas
941 2593 1049 2636 vestras
1062 2581 1196 2652 perdere*
1231 2583 1270 2637 At

123 2659 162 2715 illi
175 2661 276 2716 mirum
289 2662 317 2716 in
329 2663 445 2718 modum
457 2663 595 2732 conuersi,
608 2675 636 2720 et
648 2683 682 2720 ex
694 2664 767 2734 lupis
782 2663 847 2734 agni
864 2665 958 2719 statim
971 2665 1080 2720 effecti:
1101 2665 1271 2736 ‘Nunquam

122 2761 141 2799 a
153 2754 191 2812 te,
201 2745 337 2815 inquiunt,
346 2748 474 2802 volumus
484 2747 617 2818 separari,
627 2757 669 2802 set
679 2747 735 2802 tuis
746 2746 902 2818 perpetuo²
912 2747 1101 2818 obsequemur
1111 2747 1250 2818 imperiis!
1260 2746 1271 2818 li

123 2828 175 2883 Set
187 2828 242 2883 boc
254 2845 289 2883 ne
301 2847 434 2900 umquam
452 2830 585 2885 obliuioni
602 2831 736 2898 tradatur,
749 2831 827 2901 quod
843 2847 926 2886 nemo
941 2831 970 2884 in
987 2831 1087 2885 eodem
1105 2829 1169 2885 loco
1183 2829 1272 2900 potuit

123 2910 196 2964 mori
214 2911 267 2966 nisi
286 2921 428 2968 senectute
445 2923 617 2983 grauaretur,
629 2913 697 2968 libet
713 2913 766 2969 hoc
783 2913 944 2969 interserere
961 2914 1031 2968 loco.
1074 2913 1158 2968 Vnde
1172 2914 1271 2967 fratres
1285 2923 1317 2972 30

124 2993 235 3062 longeui
247 2994 331 3064 longo
344 2995 501 3065 pergrauati
515 2996 594 3052 senio
606 3007 635 3052 et
647 2996 763 3052 dissolui
776 2997 831 3051 isto
843 2995 921 3067 graui
933 3013 1050 3066 corpore
1060 2995 1116 3050 iam
1126 2995 1271 3065 cupientes

123 3087 153 3132 et
165 3076 293 3132 laborum
306 3095 418 3134 suorum
430 3079 483 3134 sibi
497 3081 613 3135 reddere
627 3081 735 3151 premia
747 3091 904 3151 poscentes,
919 3089 947 3134 et
960 3079 1028 3150 quid
1040 3095 1125 3148 agere
1136 3079 1272 3133 deberent

124 3169 238 3231 propter
249 3159 493 3230 ingrauescentem
509 3172 538 3218 et
554 3164 726 3235 decrepitam
744 3173 850 3220 etatem
865 3163 922 3218 iam
937 3161 1107 3229 nescientes,
1121 3171 1271 3230 coegerunt

124 3241 204 3296 illum
227 3244 378 3300 transferre
398 3246 542 3315 paululum
566 3246 620 3302 loci
642 3247 725 3302 huius
747 3245 858 3302 edificia
877 3255 905 3300 et
931 3244 1151 3316 suppellectilem
1175 3260 1271 3298 secum

125 3335 237 3395 portare
249 3337 346 3382 contra
359 3327 425 3383 solis
437 3339 537 3398 ortum,
550 3341 578 3385 et
591 3330 628 3385 ibi
641 3329 743 3385 deinde
761 3330 831 3385 citra
847 3329 913 3383 litus
930 3327 985 3398 figi.
1022 3325 1191 3382 Multocieus
1203 3341 1270 3397 quo
1285 3338 1315 3390 35

124 3425 179 3478 que
192 3427 209 3464 a
222 3410 407 3466 sanctissimis
419 3411 485 3467 viris
497 3413 680 3469 referentibus
692 3413 819 3468 auditum
832 3423 883 3480 est,
896 3421 924 3466 et
941 3410 1056 3466 eosdem
1070 3410 1184 3466 audisse
1196 3409 1272 3480 apud

126 3492 340 3562 predecessores
353 3504 382 3549 et
393 3494 499 3550 vidisse
511 3513 567 3567 que
584 3496 729 3551 verissime
741 3495 879 3550 vidissent
890 3504 919 3550 et
931 3493 1082 3550 dixissent:
1103 3501 1132 3548 et
1144 3504 1272 3564 apertum

125 3591 189 3630 esse
212 3585 323 3631 tantum
345 3579 398 3633 celi
422 3580 550 3648 spacium
575 3597 661 3650 supra
683 3579 761 3633 illum
786 3579 878 3634 locum
904 3577 932 3632 in
956 3577 1017 3632 celo
1041 3587 1176 3649 quantum
1199 3587 1273 3632 terre

125 3669 320 3729 occupauerat,
333 3669 361 3717 et
377 3663 539 3732 angelorum
556 3661 622 3732 illic,
635 3671 734 3716 sancto
749 3661 922 3716 Winwaloeo
935 3661 1153 3726 demonstrante,
1166 3659 1273 3715 visione

124 3740 224 3797 fruitos
241 3742 328 3798 fuisse
346 3745 564 3800 ascendencium
582 3755 610 3800 et
628 3744 863 3800 descendencium
882 3743 911 3799 in
930 3743 1137 3798 similitudinem
1157 3743 1272 3798 visionis
1285 3747 1318 3798 4ο

129 3826 214 3880 Iacob
227 3827 401 3896 patriarche;
426 3836 455 3883 et
467 3829 505 3882 ob
517 3831 571 3884 hoc
584 3827 621 3882 ibi
635 3828 773 3898 putabant
791 3845 823 3883 se
840 3843 898 3882 non
913 3844 997 3898 posse
1013 3843 1129 3897 corpore
1147 3825 1272 3893 dissolui,

125 3908 173 3962 vbi
186 3909 315 3964 stabilem
332 3919 360 3965 et
377 3910 553 3968 insolubilem
567 3911 651 3966 erecti
668 3911 764 3966 animo
779 3910 915 3966 vidissent
929 3910 1025 3964 vitam.
1036 3908 1047 3979 ll
1056 3911 1133 3963 Dum
1149 3909 1272 3979 quadam

125 4001 208 4046 nocte
219 4003 333 4048 sanctus
343 3993 530 4050 Winwaloeus
540 4005 603 4065 post
611 3994 824 4065 completorium
833 3995 908 4050 solus
916 3993 944 4048 in
955 3991 1077 4048 oratorio
1086 4001 1272 4062 pernoctaret,

125 4085 265 4130 astantem
278 4076 332 4132 sibi
343 4077 413 4132 vidit
425 4079 558 4148 angelum
570 4077 676 4133 domini
690 4076 956 4148 splendidissimum,
970 4075 1048 4131 cuius
1060 4075 1150 4144 fulgor
1161 4074 1272 4130 lucebat

126 4168 156 4214 vt
168 4158 221 4228 sol,
233 4177 268 4214 ex
279 4161 358 4216 cuius
375 4162 523 4231 splendore
542 4172 569 4218 et
587 4162 673 4217 odore
688 4171 764 4216 totus
780 4161 918 4216 sufficeret
933 4159 1055 4214 muudus
1074 4157 1231 4225 illuminari,
1245 4168 1272 4214 et
1284 4164 1317 4216 4⁵

126 4241 268 4300 dicentem
281 4243 352 4299 sibi:
372 4244 493 4301 ‘Sancte
506 4244 551 4301 dei
564 4243 736 4302 Winvraloee
750 4243 862 4301 Christo
872 4242 1061 4311 dilectissime,
1071 4241 1171 4314 vigilas
1181 4241 1208 4298 i'
1232 4243 1272 4298 At

322 4363 331 4395 ²
348 4363 403 4415 MS.
414 4379 496 4430 penes
848 4360 860 4396 ¹
878 4362 933 4413 MS.
945 4362 1077 4429 perpetuis
