3052 4896
309 310 380 402 562
739 299 941 402 appennis·
968 303 1021 380 11.

305 517 469 576 ceptumm:
489 514 532 560 set
543 503 589 560 ille
602 521 646 560 me
659 520 754 560 secum
767 521 818 575 per
828 521 944 560 manum
956 504 1101 560 attrahens
1112 511 1271 574 putantem
1284 503 1461 560 elemosinam

305 605 336 644 se
354 590 493 655 datumm,
509 605 575 642 cum
593 605 625 644 se
642 587 791 658 pecuniam
809 587 892 642 huius
910 587 1008 642 mundi
1021 597 1183 642 excusasset
1200 604 1265 642 non
1287 589 1409 652 habere,
1420 589 1461 640 hot
1501 599 1502 654 f

305 671 390 727 michi
415 672 515 726 melios
540 687 591 741 pro
614 671 691 727 dono
715 670 853 726 concessit
880 671 973 726 lumen
997 671 1159 726 oculomm’
1207 671 1315 726 Senex
1340 672 1382 726 ad
1405 671 1462 724 her:

304 753 422 827 ‘Qualis
437 764 481 810 est
498 755 544 810 ilie
560 753 608 824 qui
626 753 686 822 tihi,
702 770 767 809 cum
784 771 841 808 non
856 754 991 822 habebas,
1004 754 1095 809 visum
1107 753 1186 808 dedit
1197 755 1223 807 i'
1267 757 1303 810 ls
1316 764 1416 810 autem
1426 750 1463 822 qui

276 851 290 900 5
304 854 387 894 cecus
395 839 501 894 iuerat:
522 838 647 904 ‘Talem
656 837 810 908 respondit,
819 852 876 891 non
886 837 969 892 video
980 837 1128 892 intervos!
1152 837 1192 891 At
1206 853 1323 893 senex:
1345 839 1464 896 ‘Posses

304 921 402 993 inquit,
418 919 496 976 illum
515 919 538 976 si
556 920 675 990 videres,
688 923 876 990 agnoscerei'
911 919 979 976 Ait:
999 922 1007 951 ⁴
1017 920 1126 986 Eciarn,
1144 919 1287 974 domine!
1329 922 1372 974 At
1391 935 1465 973 senex

304 1003 385 1061 iussit
393 1021 493 1060 ornnes
505 1021 675 1074 congregare
683 1003 855 1059 scolasticos.
887 1003 952 1058 liiis
964 1021 1031 1058 vero
1043 1002 1230 1072 congregatis,
1243 1003 1464 1074 prospectisque

303 1089 430 1144 omnium
442 1105 530 1160 voque
541 1097 656 1143 veritum
674 1097 717 1142 est
733 1087 770 1142 ad
788 1095 916 1143 mactum
932 1086 1135 1142 winwaloeum
1150 1087 1306 1142 uultibus:
1330 1089 1410 1141 ‘Iste
1420 1095 1463 1148 est,

304 1172 395 1244 inquit
413 1188 526 1243 pauper,
543 1171 591 1242 qui
607 1187 652 1226 me
668 1187 768 1227 sanum
788 1171 872 1226 iecit!
919 1169 985 1226 Hiis
1002 1169 1115 1237 auditis,
1134 1186 1220 1224 senex
1241 1181 1277 1224 et
1298 1172 1347 1225 sui
1369 1169 1464 1240 paritet

260 1270 291 1307 ro
304 1254 432 1327 discipuli
448 1253 596 1310 confestim
611 1253 693 1324 proni
712 1253 740 1308 in
757 1263 861 1310 terram
876 1254 1070 1309 adorauerunt.
1109 1255 1160 1308 ille
1177 1263 1280 1308 autem
1295 1255 1389 1308 valde
1406 1268 1463 1306 oon·

303 1355 410 1405 comus,
429 1349 458 1394 et
477 1337 627 1410 prohibens
649 1354 667 1392 a
687 1337 792 1392 talibus
813 1337 933 1405 adorari,
948 1338 1068 1393 multum
1085 1337 1238 1405 deplorans
1256 1336 1422 1407 indignum
1438 1349 1462 1388 se

302 1419 384 1476 huius
395 1421 518 1476 muneris
531 1438 594 1476 esse
607 1421 726 1487 dicebat,
736 1437 770 1476 ac
782 1437 819 1476 ne
832 1417 900 1476 suol
913 1430 955 1476 set
968 1437 1064 1474 eorum
1076 1419 1166 1488 tnagis
1179 1436 1236 1474 vna
1248 1435 1326 1475 curn
1340 1415 1463 1488 magistri

301 1503 401 1559 merito
413 1504 487 1559 hanc
502 1503 640 1568 virtutem,
653 1503 716 1558 licet
730 1521 781 1574 per
797 1503 873 1558 illum
891 1513 1006 1558 ostensa
1020 1502 1126 1569 suisset,
1140 1501 1341 1558 ascriberetur
1355 1505 1461 1562 lacman

300 1585 394 1642 cordis
413 1587 509 1642 dolore
530 1595 713 1657 compunctus
731 1585 815 1642 nimis
837 1587 964 1656 rogabat.
1009 1586 1149 1656 Magister
1167 1587 1205 1640 ad
1227 1585 1295 1654 hec,
1317 1585 1461 1642 continens

258 1686 287 1738 ¹5
301 1669 378 1725 illum
387 1687 423 1725 ne
432 1669 550 1726 nimium
559 1669 620 1726 eius
630 1669 816 1725 inflecteretur
825 1670 954 1726 animus:
974 1669 1079 1736 ‘Caue
1089 1669 1192 1735 aiebat,
1202 1669 1250 1735 fili,
1261 1685 1306 1724 ne
1319 1671 1460 1724 luoeman
1501 1721 1502 1726 ,

300 1768 386 1824 quarn
399 1753 469 1810 deus
482 1754 541 1824 ipse
554 1753 684 1810 accendit
700 1753 860 1823 extinguere
879 1751 984 1809 nitaris
1022 1753 1100 1808 Caue
1115 1769 1151 1808 nc
1167 1753 1265 1807 talenti
1278 1752 1374 1808 vnius
1386 1749 1459 1823 quasi

300 1852 402 1892 auarus
415 1846 540 1892 sentator
556 1835 728 1907 dampnatis,
740 1846 769 1892 et
781 1853 817 1891 ne
831 1836 907 1892 dona
924 1837 969 1892 dei
988 1851 1043 1908 que
1058 1835 1109 1890 tibi
1127 1834 1223 1904 optaui
1243 1837 1361 1892 habere
1377 1845 1460 1905 gnta,

300 1921 381 1992 quasi
391 1937 563 1990 supervacua
571 1920 770 1992 contempnas'
786 1920 843 1989 (cs
857 1919 918 1989 8¹³).
936 1919 947 1989 ΙΙ
960 1921 1005 1975 Ex
1016 1919 1071 1974 hoc
1083 1929 1209 1988 tempore
1215 1935 1329 1988 magne
1341 1917 1458 1976 auctori·

301 2003 367 2060 tatis
385 2015 499 2059 saneim
517 2004 707 2059 winwaloeus
726 2003 755 2058 in
773 2003 871 2058 diuino
892 2004 968 2058 culto
986 2002 1062 2072 cepit
1082 2019 1152 2072 esse,
1169 2011 1199 2057 et
1217 2003 1338 2058 celebre
1359 2017 1457 2057 nomeu

256 2107 287 2142 no
300 2103 350 2157 pre
363 2086 492 2142 omnibus
505 2086 647 2142 coetaneis
659 2085 719 2142 eius
736 2085 837 2141 meruit
852 2085 964 2142 habere·
986 2089 997 2152 ΙΙ
1019 2087 1150 2155 Quadam
1169 2084 1223 2152 die,
1236 2087 1311 2140 dum
1331 2103 1369 2140 ex
1385 2098 1457 2138 more

300 2169 413 2226 leuioris
427 2171 521 2225 adhuc
538 2179 567 2225 et
583 2169 763 2225 instabilioris
782 2168 864 2224 etatis
886 2185 964 2224 soror
985 2168 1045 2224 eius
1065 2169 1155 2233 vnica,
1175 2167 1314 2224 Cheiriua
1337 2169 1454 2230 nomine,

299 2253 417 2324 paruula
439 2253 533 2308 adhuc
557 2253 658 2323 puella,
683 2267 749 2307 curn
772 2251 835 2307 aliis
858 2253 965 2308 luderet
989 2251 1192 2324 puellis.iorte
1215 2253 1326 2306 accidit
1352 2262 1384 2306 ut
1406 2264 1455 2317 oga

299 2335 455 2392 transeunti
475 2335 559 2392 obuia
579 2345 736 2392 occurreret
755 2336 923 2408 oculumque
945 2335 1081 2405 diripiens
1103 2335 1214 2405 penitus
1234 2345 1352 2391 muerct
1376 2345 1452 2403 atque

299 2418 355 2475 cito
376 2419 544 2476 absorberet.
590 2419 702 2474 Dehinc
725 2419 826 2490 puella,
850 2418 923 2474 facie
942 2433 1041 2473 cruore
1062 2417 1209 2488 pertincte,
1230 2417 1372 2473 deformis
1392 2431 1450 2471 cum

255 2523 285 2574 ag
299 2503 413 2572 planctu
426 2502 588 2572 regreditur,
597 2511 664 2557 tunc
677 2499 841 2558 miserorum
850 2501 970 2557 exoritur
979 2501 1086 2558 clamor
1098 2502 1284 2572 planctusque
1297 2511 1449 2572 parentum

300 2585 377 2640 Ecce
395 2601 469 2652 vero,
489 2585 556 2640 dum
574 2585 628 2640 hec
645 2595 802 2654 agerentur,
821 2586 936 2654 angelus
953 2584 1060 2640 domini
1079 2585 1108 2639 in
1126 2584 1253 2654 sompnis
1272 2578 1448 2654 subsequenu'

298 2677 381 2722 nocte
393 2668 523 2739 apparuit
536 2678 637 2724 sancto
646 2667 828 2734 Winwaloeo,
841 2667 957 2723 dicens:
978 2668 1098 2724 ‘Sancte
1111 2667 1157 2722 dei
1170 2667 1366 2722 Winwaloee’
1392 2667 1449 2734 Quo

299 2751 485 2820 respondente
505 2752 620 2807 ‘Presto
636 2751 717 2819 sum,'
736 2749 792 2806 sit:
813 2751 928 2820 ‘Surge
944 2749 1055 2818 festina,
1068 2751 1155 2805 corda
1173 2758 1325 2820 parentum
1343 2760 1448 2804 tuorum

298 2833 400 2901 reieua,
428 2851 495 2889 narn
525 2833 614 2890 nimia
644 2833 731 2889 modo
761 2843 980 2904 coangustantur
1003 2833 1136 2900 tristicia;
1167 2849 1225 2888 non
1249 2833 1304 2888 des
1328 2831 1447 2902 requiem

253 2939 286 2990 30
299 2917 441 2988 palpebris
461 2917 525 2986 tuis,
550 2933 605 2971 nec
622 2917 695 2972 oculi
717 2917 831 2987 capiant
851 2933 1010 2986 sompnum,
1031 2917 1122 2971 donec
1142 2915 1192 2970 tibi
1213 2916 1324 2970 iussum
1349 2910 1445 2970 Christi

299 2999 458 3071 impleueris
475 3001 649 3055 mandatum.
686 3001 763 3054 Nam
780 2999 874 3068 hodie,
893 3015 947 3069 oga
965 2999 1040 3068 gallo
1058 2999 1196 3066 trahente,
1215 2998 1300 3053 mica
1317 3012 1445 3069 germana

298 3093 347 3138 tua
359 3082 480 3154 perdidit
492 3084 603 3138 oculum
617 3099 705 3147 suum,
720 3092 762 3137 set
778 3082 855 3138 locus
872 3083 900 3137 in
919 3098 975 3153 quo
990 3092 1035 3137 est
1053 3081 1211 3136 reconditus
1224 3093 1325 3136 venter
1334 3098 1389 3150 oge
1400 3087 1443 3134 est

298 3167 362 3222 Nec
385 3165 436 3221 tibi
461 3165 489 3220 in
508 3167 660 3222 cordetuo
678 3165 804 3222 hesitans
822 3175 865 3220 set
884 3181 995 3235 semper
1018 3164 1107 3220 fidens
1128 3164 1164 3219 de
1188 3163 1233 3220 dei
1258 3161 1444 3220 misericordia

298 3249 346 3321 qui
367 3266 450 3321 opem
466 3249 538 3306 ferre
554 3249 699 3306 consueuit
717 3257 792 3304 recte
809 3247 1021 3318 postulantibus,
1040 3248 1108 3303 dum
1125 3248 1162 3302 ad
1174 3248 1267 3304 locum
1290 3244 1443 3318 peruenuis

252 3353 284 3406 ³5
298 3332 476 3398 destinatum,
496 3333 577 3388 tolles
598 3348 679 3388 auem
701 3331 949 3402 predictam—non
972 3331 1047 3386 enim
1066 3331 1118 3386 erit
1138 3330 1188 3386 tihi
1207 3330 1325 3386 omnino
1344 3332 1441 3401 ignota,

297 3431 364 3469 nam
389 3415 447 3470 alta
468 3417 539 3471 alias
562 3414 768 3486 supereminet:
798 3424 827 3470 et
851 3413 1011 3470 euiscerans
1036 3414 1218 3470 uentriculum
1243 3414 1312 3482 eius,
1331 3412 1442 3482 recipies

297 3498 410 3552 oculum
423 3499 525 3554 sororis
538 3508 603 3554 tue:
623 3514 770 3553 cesanum
787 3497 1012 3568 incolumemque
1029 3497 1058 3552 in
1070 3499 1133 3552 loco
1151 3495 1269 3567 pristino
1287 3493 1441 3552 collocabis

299 3580 440 3636 Dominus
458 3582 541 3648 enim,
554 3580 598 3637 cui
618 3597 675 3636 non
694 3580 857 3651 inpossibile
874 3590 917 3635 est
934 3580 1020 3634 vllum
1038 3581 1162 3646 verbum,
1176 3582 1231 3636 hoc
1249 3597 1302 3650 per
1319 3592 1347 3635 te
1364 3578 1442 3634 faciet

298 3663 419 3734 signum,
431 3682 465 3720 ac
477 3676 554 3721 tuam
571 3681 621 3735 per
638 3674 667 3719 te
684 3679 809 3720 sororem
826 3663 988 3734 parentibus
1005 3663 1104 3720 vestris
1121 3663 1220 3718 reddet
1238 3680 1348 3718 sanam
1384 3663 1442 3716 Nec

252 3770 286 3821 4ο
297 3747 348 3802 tibi
361 3765 449 3818 parua
460 3749 574 3819 quidem
591 3747 738 3803 adherebit
751 3747 779 3801 in
791 3747 953 3802 excusando
968 3747 1112 3816 cogitacio,
1126 3747 1264 3802 dicendo:
1283 3747 1300 3774 ‘¹
1311 3745 1439 3816 Egiptum

296 3831 395 3903 reliqui
416 3849 468 3887 nec
488 3833 551 3886 volo
570 3831 679 3901 regredi
699 3832 737 3886 ad
757 3829 856 3897 illam,''
875 3839 904 3886 et
922 3830 1100 3900 euangelium
1118 3829 1310 3886 recordando:
1331 3827 1440 3885 “Sinite

297 3925 422 3972 mortuos
438 3914 555 3985 sepelire
572 3924 696 3969 mortuos
712 3913 803 3968 suos.”
839 3913 870 3969 Si
882 3913 958 3968 enim
971 3915 1025 3970 hec
1037 3912 1087 3969 tihi
1100 3913 1225 3968 humana
1237 3909 1439 3983 suaderentur

297 3997 416 4070 loquela,
436 3997 580 4054 verissime
598 3996 850 4066 congruentissima
868 3997 969 4052 eadem
990 4015 1008 4052 a
1027 4006 1055 4052 te
1075 3996 1240 4066 proferende
1257 4005 1351 4052 essent
1369 3992 1438 4049 testi·

297 4081 400 4137 monia.
436 4081 467 4137 Si
488 4098 554 4136 vero
573 4080 669 4136 diuina
686 4090 736 4135 aut
754 4079 845 4136 eciam
861 4080 933 4135 sicut
950 4090 980 4135 tu
998 4080 1079 4135 audis
1097 4080 1233 4150 angelica,
1251 4079 1437 4151 quomodote

251 4185 282 4237 4⁵
297 4164 457 4234 parentibus
470 4165 527 4220 tuis
546 4163 669 4234 inpertin'
686 4163 841 4234 denegabis
856 4179 912 4234 que
928 4165 1020 4218 contis
1039 4162 1067 4218 in
1085 4179 1236 4218 commune
1254 4157 1436 4233 prestiterisi’

296 4247 417 4303 Sanctus
435 4248 473 4304 ad
490 4248 544 4303 hec
562 4247 751 4303 Winwaloeus
769 4247 911 4302 inmobilis
929 4257 1015 4314 stans,
1035 4246 1200 4314 ‘Omnibus
1220 4246 1317 4318 inquit,
1336 4239 1436 4299 nebulis

296 4328 398 4398 quibus
416 4329 586 4401 prohibebar
598 4349 616 4386 a
628 4341 655 4386 te
668 4331 764 4401 procul
780 4327 925 4396 euolutis¹,
937 4346 1002 4386 ecoe
1015 4345 1112 4384 seruus
1124 4345 1180 4384 non
1192 4329 1282 4384 solum
1294 4325 1397 4383 domini
1408 4331 1433 4377 et

492 4440 503 4471 ²
519 4441 574 4492 MS.
587 4456 640 4492 sua.
1032 4439 1043 4469 ⁵
1059 4439 1113 4490 MS.
1125 4439 1248 4491 euolotus.
