3044 4894
272 278 346 372 ha
369 277 533 366 sanas
559 278 732 382 bunna
757 277 952 380 namna.
1167 303 1215 371 49

62 478 139 535 tium
152 479 266 536 valeret
277 479 441 553 imponere.
477 480 527 537 Ad
540 497 630 554 quam
643 497 711 537 cum
725 479 902 536 accessisset
914 488 1034 536 sanctus
1048 478 1217 553 episcopus,

62 565 151 640 quasi
164 585 232 624 cum
245 567 448 642 indignatione
467 568 630 640 obiurgans
646 566 829 623 habitantem
848 565 878 622 in
898 585 934 623 ea
950 568 1110 623 demonem
1124 567 1215 623 dixit:

62 742 201 798 clausum
225 761 370 816 pugnum,
391 743 611 800 extremitatem
633 742 710 799 stole
735 759 790 798 sue
811 741 842 797 in
863 761 899 798 eo
918 741 1015 810 tenuit
1032 742 1216 815 implicitam,

62 828 190 885 dicens:
210 829 295 900 ‘Dic,
309 829 469 903 siquidem
482 829 569 897 nosti,
578 827 649 902 quid
663 830 772 886 habeat
784 829 933 887 inclusum
947 847 1054 886 manus
1065 830 1140 886 ista!
1178 831 1216 888 Et
1230 853 1244 904 5

62 916 168 972 statim
186 917 267 974 velut
287 918 435 975 exanimis
452 917 563 974 corruit
583 919 621 974 ad
643 918 738 991 pedes
758 918 823 974 eius
846 917 1026 987 muliercula,
1040 918 1130 991 paulo
1146 928 1217 976 ante

63 1021 179 1077 procax
187 1013 217 1060 et
227 1005 387 1062 ceruicosa.
412 1005 596 1078 Aufugerat¹
607 1005 688 1061 enim
699 1004 825 1078 agitator
832 1004 969 1061 internus
979 1004 1030 1076 qui
1040 1005 1118 1061 male
1125 1023 1216 1062 vexa-

63 1090 171 1147 uerat’
189 1109 263 1148 eam.
302 1093 340 1149 Et
352 1110 420 1149 cum
439 1093 547 1150 debilis
564 1092 745 1165 aliquamdiu
763 1091 912 1160 iacuisset,
925 1091 1078 1164 inquisiuit
1090 1093 1218 1165 qualiter

62 1179 257 1236 diuinationis
278 1181 415 1253 peritiam
434 1180 608 1253 accepisset.
646 1181 713 1251 Que
732 1180 906 1253 respondit:
926 1179 1052 1236 ‘Nescio
1067 1180 1216 1250 diuinare;

63 1267 120 1323 sed
142 1267 375 1324 misericordiam
393 1269 501 1342 iugiter
519 1268 668 1341 imploro!
706 1268 843 1340 Cumque
861 1267 1003 1339 imposita
1017 1285 1108 1324 manu
1129 1267 1218 1340 capiti
1234 1290 1265 1326 ro

62 1355 131 1411 eius
146 1373 199 1428 pro
213 1372 249 1412 ea
261 1357 393 1413 breuiter
404 1365 529 1427 orasset,
542 1356 678 1430 precepit
692 1356 719 1412 ei
732 1357 770 1412 de
783 1356 921 1412 omnibus
938 1356 1068 1428 peccatis
1081 1357 1218 1429 peniten-

62 1442 152 1498 tiario
170 1461 278 1517 puram
299 1443 398 1502 facere
413 1444 641 1515 consessionem,
655 1454 685 1500 et
704 1445 773 1500 data
791 1443 998 1500 benedictione
1011 1443 1122 1500 dimisit
1141 1463 1218 1501 eam.

66 1519 224 1587 Intimauit
234 1539 334 1588 autem
343 1532 518 1589 exoniensis
527 1532 688 1605 episcopus
701 1539 805 1587 sancto
816 1530 939 1604 Hugoni
949 1533 1028 1603 quod
1037 1533 1147 1587 demon
1155 1532 1217 1605 qui·

63 1620 135 1674 dam
150 1619 181 1674 in
195 1619 297 1692 specie
307 1619 424 1676 iuuenis
432 1619 513 1676 abuti
523 1628 721 1676 consueuerat
731 1620 860 1692 quadam
878 1618 988 1675 infelici
1001 1619 1175 1676 muliercula
1186 1620 1217 1675 in

63 1723 120 1762 sua
128 1705 257 1763 diocesi³
265 1707 431 1775 constituta,
440 1726 498 1780 que
508 1717 570 1764 tam
580 1706 637 1764 sibi
646 1723 737 1779 quam
747 1706 812 1763 aliis
823 1708 932 1762 deuote
942 1706 1089 1777 consessa,
1099 1707 1218 1764 ieiuniis
1235 1727 1264 1777 ¹5

62 1803 94 1852 et
106 1794 198 1850 variis
210 1794 308 1852 carnis
321 1795 528 1852 afflictionibus
541 1795 678 1851 membra
690 1812 745 1851 sua
757 1794 820 1850 sere
832 1811 929 1866 vsque
942 1795 979 1849 ad
992 1794 1216 1852 internitionem

63 1883 270 1956 perdomabat,
280 1884 336 1940 sed
348 1883 422 1939 nihil
435 1891 538 1940 contra
551 1883 721 1956 improbum
730 1891 893 1938 amatorem
903 1899 1027 1953 prorsus
1038 1881 1217 1939 conserebat.

63 1969 120 2026 Cui
131 1969 319 2027 sanctusait:
334 1970 379 2027 ‘Si
388 1971 470 2027 enim
480 1971 536 2027 iste
545 1970 556 2002 ⁴
566 1979 668 2027 contra
677 1978 833 2042 peceatum
841 1967 1019 2025 contritione
1029 1969 1137 2038 cordis,
1147 1987 1218 2026 con-

62 2057 200 2115 sessione
212 2057 282 2127 oris,
290 2067 321 2115 et
333 2059 468 2133 corporis
481 2059 641 2116 afflictione
655 2057 786 2114 deletum
794 2056 813 2125 ⁵,
824 2056 956 2129 erigitur,
965 2056 1006 2112 nil
1019 2055 1099 2112 aliud
1112 2075 1218 2130 super-

63 2163 135 2203 esse
146 2144 237 2202 video
250 2145 308 2203 nisi
317 2155 349 2203 vt
361 2155 464 2203 oretur
476 2165 532 2220 pro
545 2165 581 2203 ea
598 2145 758 2202 instantius
777 2145 856 2218 apud
876 2144 1065 2200 clementiam
1078 2146 1217 2218 redemp-
1236 2167 1266 2202 πο

61 2233 154 2290 toris?
192 2234 280 2303 Quod
312 2252 380 2291 cum
405 2234 578 2292 exoniensis
604 2251 671 2290 cum
704 2231 871 2289 innumeris
897 2249 932 2288 se
961 2231 1070 2289 fecisse
1096 2234 1218 2300 diceret,

63 2330 204 2378 sanctum
216 2322 314 2378 virum
326 2340 381 2395 pro
395 2341 431 2380 ea
443 2323 617 2396 suppliciter
633 2338 760 2378 exorare
776 2320 934 2392 flagitabat.
971 2320 1027 2376 Cui
1043 2320 1094 2376 ille
1106 2341 1113 2378 :
1134 2326 1140 2351 ‘
1151 2321 1218 2378 Hoc

64 2409 148 2466 enim
157 2427 218 2465 non
231 2427 288 2482 ego
301 2418 425 2480 tantum,
438 2412 493 2467 sed
507 2410 634 2483 quisque
644 2409 778 2465 fidelium
791 2407 985 2465 deuotissime
998 2407 1097 2464 facere
1110 2410 1216 2466 debet.¹

67 2496 139 2552 Post
152 2496 209 2552 hec
221 2497 366 2570 digressis
379 2499 417 2554 ab
430 2497 559 2555 inuicem
572 2497 732 2570 episcopis,
745 2503 774 2552 et
786 2513 846 2552 non
862 2496 954 2551 multo
971 2504 1040 2570 post
1059 2514 1217 2554 occurren·

66 2584 155 2653 tibus,
169 2583 322 2656 inquisiuit
334 2594 455 2642 sanctus
467 2585 596 2658 qualiter
607 2600 657 2640 res
670 2601 703 2640 se
717 2583 841 2640 haberet
858 2581 937 2639 circa
950 2583 1099 2639 ouiculam
1116 2585 1218 2657 gregis
1234 2602 1264 2654 ²5

65 2671 113 2727 sui
127 2688 218 2743 quam
230 2671 355 2744 pestifer
367 2672 417 2728 ille
435 2673 525 2745 lupus
539 2671 711 2728 immaniter
728 2670 862 2727 laniarat.
899 2669 954 2726 Cui
972 2670 1023 2726 ille
1041 2689 1101 2726 non
1121 2671 1219 2728 solum

64 2758 263 2831 ereptionem,
277 2761 332 2816 sed
344 2759 502 2816 ordinem⁰
515 2759 588 2816 satis
604 2757 773 2814 mirabilem
787 2758 926 2830 exposuit
938 2757 969 2813 in
983 2758 1062 2815 hunc
1075 2761 1197 2816 modum
1211 2779 1217 2816 :

64 2845 202 2915 ‘Adiuta
212 2846 317 2919 inquit,
325 2847 511 2904 orationibus
519 2846 637 2916 vestris,
648 2846 761 2901 dudum
769 2845 819 2901 illa
826 2847 922 2902 euasit
929 2846 1108 2917 probrosum
1116 2846 1218 2919 iugum

64 2934 231 2992 seruitutis.
268 2935 344 2992 Cum
364 2935 446 2992 enim
471 2935 520 2992 die
541 2936 671 3009 quadam
696 2934 829 2990 incestus
849 2934 899 2990 ille
919 2934 1029 2990 demon
1051 2935 1219 2992 incredibili

64 3039 136 3080 eam
159 3031 302 3079 vexasset
331 3022 453 3080 libidine
484 3031 513 3080 et
538 3040 617 3096 pene
648 3021 820 3079 exanimem
850 3021 1041 3091 reddidisset,
1065 3024 1218 3082 abcedens
1233 3043 1265 3094 30

64 3108 197 3178 euanuit,
206 3117 236 3166 et
249 3109 300 3166 illa
312 3110 407 3167 dolori
420 3120 450 3168 et
463 3109 574 3166 merori
586 3109 702 3166 addicta
712 3109 776 3166 sola
784 3108 937 3166 remansit.
969 3109 1005 3165 Et
1018 3128 1089 3166 ecce
1097 3111 1219 3184 quidam

64 3198 98 3254 in
112 3196 215 3268 specie
227 3195 346 3254 iuuenis
358 3199 397 3254 ad
410 3215 477 3254 eam
490 3197 672 3270 ingrediens,
682 3213 803 3253 causam
816 3205 897 3254 tante
910 3197 1044 3254 mesticia
1057 3199 1219 3272 inquisiuit.

65 3285 136 3355 Qua
155 3284 196 3340 nil
215 3287 428 3358 respondente,
441 3285 493 3342 ille
508 3286 568 3342 ait:
588 3289 606 3317 “
616 3283 686 3342 Scio
699 3302 831 3357 vereque
850 3285 920 3340 noui
933 3285 1002 3358 quia
1021 3303 1150 3358 nequam
1169 3287 1219 3344 ille

64 3372 173 3429 afflixit
183 3381 221 3439 te,
234 3374 288 3429 sed
302 3391 358 3430 nec
371 3373 479 3430 mirum
492 3393 499 3430 ι
521 3381 567 3430 est
577 3373 659 3429 enim
673 3373 1007 3445 peruersusadmodum
1020 3383 1050 3429 et
1062 3375 1219 3448 malignus.

64 3459 184 3517 Verum
192 3459 218 3516 si
225 3460 376 3517 consiliis⁷
385 3460 461 3517 meis
471 3461 662 3534 acquiescere
669 3459 809 3529 volueris,
819 3476 973 3533 nunquam
982 3461 1021 3517 de
1029 3471 1130 3518 cetero
1139 3465 1177 3520 ad
1188 3471 1218 3520 te
1233 3487 1264 3537 3⁵

64 3564 225 3606 accessum
233 3549 344 3605 habere
352 3549 485 3622 poterit.”
518 3548 568 3604 Ad
577 3548 633 3605 hec
642 3547 691 3602 illa
700 3547 861 3620 plurimum
872 3547 1036 3605 exhilarata
1045 3551 1200 3624 respondit
1211 3571 1217 3608 :

65 3633 177 3690 “Nihil
193 3644 249 3700 est,
264 3635 369 3708 inquit,
385 3636 442 3692 sub
460 3635 524 3692 celo
539 3635 618 3709 quod
640 3652 701 3690 non
724 3634 822 3692 libens
843 3634 982 3706 facerem,
1001 3637 1164 3694 dummodo
1182 3639 1220 3694 ab

65 3722 134 3781 eius
153 3738 278 3778 accessu
297 3723 406 3779 saluari
426 3724 574 3795 possem.”
612 3721 760 3779 “Mecum
779 3739 860 3796 ergo,
873 3723 913 3779 ait
932 3723 990 3791 ille,
1003 3723 1089 3780 fedus
1108 3725 1220 3782 amoris

65 3809 146 3868 inire
159 3826 199 3866 ne
211 3809 346 3867 dubites:
365 3827 544 3883 quecunque
556 3809 708 3882 optaueris
718 3809 771 3865 tibi
781 3810 929 3882 prestabo,
943 3810 1016 3867 nihil
1029 3811 1088 3868 tuis
1101 3811 1219 3885 exigam

65 3897 146 3954 votis
166 3897 359 3966 contrarium,
382 3897 456 3954 nihil
478 3915 539 3954 non
561 3897 738 3955 delectabile
763 3915 817 3955 seu
845 3897 972 3954 amabile
994 3898 1046 3954 tibi
1065 3899 1219 3956 inseram.”
1233 3913 1267 3964 40

66 3985 157 4056 Quod
177 4003 246 4041 cum
270 3985 320 4043 illa
339 3985 470 4042 fideliter
492 3988 663 4060 sponderet,
680 3986 806 4042 herbam
827 3986 978 4059 quandam
998 4003 1059 4042 non
1078 3986 1183 4060 procul
1202 4006 1221 4044 a
1255 4015 1259 4024 ·

66 4073 159 4140 domo
172 4089 228 4130 sua
240 4082 426 4130 crescentem
440 4073 617 4130 monstrauit
628 4075 666 4143 ei,
675 4073 796 4131 dicens:
818 4072 928 4130 “Tolle
946 4073 1070 4130 herbam
1086 4073 1174 4130 istam
1190 4085 1221 4133 et

65 4160 97 4218 in
112 4160 181 4216 sinu
194 4169 246 4216 tuo
256 4162 395 4230 reconde,
405 4179 440 4217 ac
452 4160 643 4218 circumcirca
654 4160 686 4217 in
698 4162 787 4217 domo
800 4169 850 4217 tua
864 4177 975 4235 sparge
983 4159 1002 4216 ⁸.
1029 4160 1109 4217 Dum
1119 4173 1219 4220 autem

96 4307 341 4370 ¹T.E.Ail'ugerat.
382 4305 460 4358 *vu
472 4313 647 4369 vegetanerat.
681 4307 737 4358 ¹13.
750 4308 862 4360 deocesi.
895 4307 1036 4358 ⁴Vit.ista.
1103 4309 1180 4362 ⁸om.
1193 4310 1219 4360 in

61 4376 114 4426 Vit.
182 4369 262 4424 ‘Vin
273 4375 414 4437 ereptionis
426 4373 551 4424 ordinem.
619 4370 850 4436 'Vitdesideriis
864 4380 913 4426 etc.
980 4373 1150 4439 ⁸E.sperge.

98 4454 213 4498 vos-11.
635 4453 653 4494 Ε
