3064 4882
294 313 361 385 118
604 309 734 396 litum
760 304 949 410 menda
973 303 1124 407 fingite.

288 509 440 565 uiuentem
464 508 574 566 ibidem
594 507 751 564 ordinauit.
788 506 1017 563 Extendebatur
1037 515 1137 562 autem
1159 503 1288 562 diocesis
1309 521 1363 560 sua
1390 521 1441 561 se·

289 599 419 653 cundum
431 597 540 653 limites
550 595 737 652 cambrensis
748 584 868 666 regula
880 611 966 650 muro
977 593 1089 650 scilicet
1099 594 1149 649 illo
1162 593 1275 650 famoso
1284 594 1322 649 ad
1332 610 1441 649 arcen-

288 684 361 740 dum
374 684 477 740 hostes
492 701 509 740 a
523 683 695 740 Britonibus
708 701 725 739 a
738 683 812 738 mari
828 683 865 738 ad
881 699 964 737 mare
981 682 1133 753 quondam
1148 690 1326 750 constructo,
1339 698 1440 753 vsque

290 772 327 828 ad
347 771 459 827 flumen
479 771 629 840 fordense‚
651 770 681 826 id
701 779 756 838 est,
776 770 814 826 ad
833 785 917 824 mare
938 770 1089 826 scoticum.
1161 757 1257 826 Anno
1275 769 1363 824 etatis
1383 785 1441 824 sue

261 858 431 927 svicesimo
453 859 556 932 quinto
577 867 770 915 consecratus
793 866 839 913 est
861 856 1038 928 episcopus:
1067 866 1097 913 et
1118 856 1200 912 omni
1222 864 1358 928 tempore
1378 855 1440 911 vite

289 964 344 1003 sue
359 956 428 1020 post
442 948 582 1014 triduum,
597 956 627 1003 et
641 944 819 1002 multociens
835 944 1026 1017 quatriduum
1035 941 1053 1012 ¹,
1065 943 1163 1000 cibum
1176 943 1313 1016 sumpsit,
1326 960 1439 1016 panem

291 1034 403 1090 scilicet
418 1042 448 1091 et
464 1035 517 1104 lac,
530 1035 577 1090 vel
595 1050 726 1101 caseum,
740 1040 790 1088 aut
806 1031 945 1088 butirum.
982 1031 1011 1086 A
1024 1031 1164 1087 carnibus
1177 1042 1208 1089 et
1219 1031 1298 1097 vino,
1311 1040 1341 1086 et
1355 1031 1439 1086 omni

290 1122 370 1194 quod
387 1121 536 1178 inebriare
548 1131 655 1195 potest,
669 1119 791 1176 omnino
806 1119 954 1175 abstinuit
994 1119 1026 1174 Si
1043 1136 1116 1174 vero
1129 1117 1158 1174 in
1176 1118 1289 1188 itinere,
1302 1126 1351 1174 aut
1369 1134 1439 1173 cum

290 1227 362 1282 rege
375 1219 463 1280 esset,
477 1227 494 1264 a
507 1217 650 1266 consueto
663 1208 760 1280 rigore
773 1207 951 1264 abstinendo
966 1223 999 1262 se
1012 1207 1206 1278 temperabat.
1245 1205 1440 1262 Postmodum

248 1321 277 1355 ιο
290 1306 392 1352 tamen
411 1297 448 1352 ad
468 1313 522 1352 sua
540 1313 707 1368 regressus,
720 1295 804 1367 quasi
823 1293 932 1366 graue²
951 1293 1065 1350 crimen
1085 1294 1157 1350 illud
1176 1294 1205 1350 in
1225 1311 1258 1350 se
1276 1292 1440 1361 vindicans,

290 1383 502 1440 abstinentiam
526 1383 693 1456 ampliabat.
765 1371 916 1440 Vtebatur
936 1383 974 1436 ad
997 1398 1118 1437 carnem
1140 1383 1307 1454 asperrimo
1326 1381 1439 1448 cilicio;

290 1471 400 1527 deinde
419 1471 534 1528 melote·
547 1489 586 1527 ex
605 1471 733 1544 pellibus
751 1469 881 1542 caprinis
898 1468 1040 1536 confecto,
1056 1477 1085 1525 et
1098 1469 1212 1525 cuculla
1224 1469 1333 1538 stricta,
1347 1485 1440 1540 super

290 1575 380 1631 quam
399 1558 466 1614 alba
485 1559 611 1615 candida
624 1566 787 1626 contectus,
802 1558 908 1613 stolam
922 1555 1030 1628 iugiter
1042 1558 1193 1630 gestabat3
1215 1565 1245 1613 et
1257 1557 1439 1629 pastoralem

289 1645 414 1718 virgam,
434 1663 495 1701 non
517 1648 665 1718 spericam
690 1653 720 1701 et
741 1654 874 1701 auratam
900 1661 934 1700 ac
958 1653 1148 1716 gemmatam,
1173 1646 1227 1701 sed
1252 1645 1290 1701 de
1311 1643 1440 1716 simplici

246 1747 275 1797 15
290 1731 379 1806 ligno,
393 1741 508 1789 tantum
525 1733 686 1802 reflexam3
707 1733 822 1789 habens
837 1731 866 1787 in
887 1749 976 1788 manu
996 1731 1104 1789 librum
1123 1733 1302 1800 manualem,
1318 1747 1440 1804 semper

290 1829 412 1892 paratus
429 1821 466 1876 ad
485 1821 683 1878 ministerium
701 1837 797 1889 suum,
815 1837 884 1875 cum
904 1823 1069 1876 necessitas
1087 1830 1138 1877 aut
1157 1821 1231 1878 ratio
1249 1821 1437 1894 deposcebat.

293 1895 415 1965 Iacebat
439 1917 539 1964 autem
565 1910 594 1964 in
625 1925 700 1964 saxo
728 1909 823 1964 instar
852 1907 1038 1964 monumenti
1067 1919 1181 1978 cauato,
1207 1909 1321 1964 habens
1349 1907 1437 1980 capiti

290 1995 432 2068 lapidem,
444 2005 474 2052 et
492 1995 633 2070 proiectis
651 1996 810 2068 aliquantis
829 1995 980 2052 cineribus
992 2005 1022 2052 et
1035 1996 1129 2053 cilicio
1148 1999 1299 2053 substrato
1307 1996 1325 2066 ³,
1340 1997 1438 2068 potius

291 2099 452 2157 sompnum
471 2083 645 2152 hauriendo,
663 2100 753 2155 quam
771 2085 931 2156 carpendo,
951 2101 985 2140 se
1001 2101 1018 2140 a
1034 2101 1143 2157 sopore
1163 2084 1338 2141 excutiebat.
1376 2085 1439 2141 Sic·

247 2190 277 2225 πο
291 2189 350 2243 que
370 2172 478 2227 hausto
497 2171 613 2227 modice
632 2170 740 2243 quietis
762 2187 880 2244 sopore,
900 2172 1013 2228 nudum
1034 2171 1064 2227 in
1086 2172 1171 2244 aquis
1191 2172 1307 2245 frigidis
1329 2189 1362 2228 se
1385 2172 1440 2228 im-

291 2275 443 2331 mergens,
456 2267 550 2314 totum
563 2257 737 2332 psalterium
756 2259 940 2315 decantabat.
978 2258 1066 2316 Hanc
1081 2263 1162 2316 enim
1181 2259 1440 2330 consuetudinem,

291 2347 349 2402 nisi
376 2346 484 2402 itinera
510 2354 560 2402 aut
587 2345 772 2418 egritudines
802 2347 997 2418 prohiberent
1025 2349 1205 2420 corporales,
1231 2366 1286 2404 nec
1316 2349 1440 2421 grando,

291 2435 353 2500 nix,
366 2443 416 2489 aut
433 2435 535 2507 pluuia
550 2433 736 2506 aliquatenus
755 2433 932 2490 defraudare
950 2443 1105 2507 poterant3
1132 2437 1186 2492 sed
1206 2444 1235 2492 et
1254 2444 1323 2492 tunc
1341 2435 1441 2508 aliquo

292 2521 437 2593 spirituali
450 2522 592 2578 exercitio
609 2539 685 2594 opus
699 2521 770 2577 illud
788 2523 959 2578 redimebat.
998 2522 1120 2595 Sopitus
1134 2523 1231 2580 enirn⁴
1244 2532 1307 2580 erat
1324 2524 1354 2579 in
1374 2541 1440 2579 cor-

247 2635 277 2685 ²5
291 2626 366 2681 pore
388 2627 443 2665 suo
465 2609 603 2666 stimulus
626 2610 724 2666 carnis
746 2610 862 2665 omnis:
889 2611 969 2666 vnde
993 2619 1022 2666 et
1044 2611 1109 2666 vice
1131 2612 1259 2682 quadam
1284 2609 1441 2682 discipulis

292 2695 354 2752 suis
368 2698 544 2770 simpliciter
559 2699 695 2767 asseruit,
709 2715 768 2753 non
789 2697 917 2770 amplius
934 2699 972 2753 ad
990 2698 1212 2770 speciosissime
1229 2698 1329 2771 puelle
1341 2697 1441 2754 visum

292 2783 341 2840 vel
353 2793 473 2854 tactum,
489 2803 578 2857 quam
592 2786 629 2840 ad
643 2785 796 2841 durissimi
809 2785 916 2857 lapidis
925 2783 944 2854 ⁵,
958 2803 992 2842 se
1005 2785 1198 2842 stimulatum.
1236 2785 1270 2841 In
1283 2785 1442 2841 ludicando

292 2881 392 2928 autem
406 2883 456 2928 aut
469 2871 658 2946 corripiendo
671 2891 731 2928 non
745 2889 918 2945 personam,
928 2874 982 2930 sed
995 2889 1116 2929 causam
1129 2873 1307 2930 attendebat.
1333 2873 1442 2928 Omnis

293 2960 359 3017 eius
384 2961 560 3030 substantia,
584 2977 753 3033 pauperum
778 2960 927 3016 erarium⁸
952 2978 1076 3033 semper
1099 2959 1162 3017 fuit
1254 2949 1442 3018 Multociens

248 3069 280 3118 30
293 3049 365 3104 dum
392 3058 578 3105 sacramenta
608 3049 709 3105 diuina
735 3057 884 3117 tractaret,
909 3049 1046 3105 columba
1077 3050 1174 3116 niuea,
1199 3059 1328 3105 rostrum
1355 3051 1442 3121 quasi

292 3153 418 3192 aureum
437 3137 559 3206 babenS,
580 3137 668 3208 capiti
687 3137 752 3192 eius
772 3136 903 3192 insidere
924 3137 1089 3192 consueuit.
1127 3135 1240 3193 Crebro
1260 3137 1441 3192 etiamdum

293 3225 387 3280 sacris
404 3232 515 3280 astaret
532 3223 702 3294 misteriis⁷,
719 3225 816 3280 nubes
833 3224 930 3280 lucida
949 3224 1138 3280 obumbrauit
1158 3233 1247 3296 eaput
1267 3223 1339 3280 eius.
1377 3224 1442 3279 Ali-

293 3311 432 3382 quotiens
442 3328 501 3367 non
511 3312 578 3385 ipse
590 3311 713 3384 [a]stare
723 3311 886 3382 videbatur,
897 3312 950 3367 sed
959 3312 1119 3383 columpna
1129 3311 1224 3383 ignea,
1233 3310 1318 3368 cuius
1327 3310 1441 3384 fulgore

293 3397 472 3455 intuentium
485 3399 608 3456 intuitus
621 3399 740 3456 obtunsi
753 3407 831 3456 sunt.
897 3387 983 3456 Dum
995 3399 1197 3471 vicequadam
1211 3415 1295 3455 sacra
1309 3399 1443 3456 misteria

248 3509 279 3558 35
294 3485 469 3556 celebraret,
483 3487 592 3543 nebula
602 3489 730 3560 quedam
746 3486 896 3543 odorifera
906 3495 998 3543 totam
1011 3486 1169 3542 eeclesiam
1182 3485 1327 3559 impleuit,
1341 3485 1443 3543 ineffa-

293 3572 344 3628 bili
353 3574 496 3631 suauitate
504 3592 610 3631 omnes
618 3575 756 3648 perfudit,
764 3575 891 3630 etvariis
900 3573 1122 3645 incom[m]odis
1131 3573 1301 3630 laborantes
1309 3574 1442 3646 perfecte

294 3661 412 3718 sanitati
426 3661 561 3718 restituit.
628 3650 727 3720 Omni
739 3660 967 3735 quadragesima
980 3678 998 3716 a
1010 3669 1174 3734 conspectu
1186 3660 1342 3716 hominurn
1356 3679 1442 3734 sepa-

293 3757 377 3805 ratus
390 3751 509 3806 deserta
521 3749 586 3806 loca
598 3752 725 3823 petebat,
739 3751 818 3806 solas
831 3750 946 3806 radices
963 3750 1123 3805 herbarum
1137 3747 1166 3804 in
1185 3749 1283 3833 cibum
1299 3766 1440 3806 sumens:

294 3837 472 3910 aliquotiens
495 3856 568 3894 vero
595 3847 690 3894 totum
718 3837 790 3894 illud
818 3847 948 3910 tempus,
973 3836 1094 3892 domino
1118 3839 1258 3892 virtutem
1285 3837 1442 3906 tribuente,

249 3947 282 3998 4⁰
295 3926 409 3997 absque
422 3925 551 3982 terreni⁸
564 3925 640 3982 cibi⁹
652 3926 854 3982 sustentaculo
867 3926 1058 3997 transigebat.
1091 3923 1124 3980 ln
1136 3941 1210 3980 cena
1219 3933 1320 3980 tamen
1331 3925 1442 3981 domini

296 4013 493 4070 multitudinis
512 4031 687 4086 pauperum,
705 4022 735 4070 et
754 4013 949 4086 leprosorum,
969 4013 1064 4084 pedes
1081 4029 1149 4068 curn
1169 4011 1321 4067 lachrimis
1338 4011 1443 4068 lauans

295 4111 326 4157 et
336 4101 358 4134 ¹⁰
369 4109 491 4174 tergens
504 4119 537 4158 ac
556 4102 670 4158 crebris
689 4100 798 4158 osculis
817 4099 1002 4169 demulcens,
1015 4100 1059 4156 eis
1078 4099 1270 4172 postmodum
1289 4097 1319 4154 in
1339 4116 1443 4156 mensa

328 4249 384 4298 ΙΕ.
397 4251 600 4312 quatriduanum.
707 4249 762 4300 ¹E.
775 4265 879 4312 genere.
987 4249 1047 4299 ’al
1058 4249 1196 4298 subtracto.
1302 4246 1362 4296 ⁴a1.
1375 4264 1443 4310 ergo.

295 4314 454 4364 ⁵a1.silicls
520 4316 720 4366 ⁸E.errarium.
818 4314 877 4365 ⁷ul.
890 4315 1020 4366 altaribus.
1088 4315 1098 4344 ⁸
1131 4314 1161 4364 Ε.
1175 4320 1258 4373 terrd3
1276 4329 1325 4363 om.
1337 4315 1363 4362 in
1377 4314 1441 4364 Boll.

295 4379 304 4408 ⁹
323 4379 351 4429 E.
364 4380 419 4430 sibi.
487 4381 507 4411 ¹⁰
523 4381 574 4432 Vit.
588 4390 614 4432 et
625 4383 724 4446 capillis
736 4389 752 4431 t.
