3042 4884
296 303 368 374 224
604 279 735 366 lidum
761 276 950 380 stssssmllfl
976 275 1128 380 anglie.

294 489 391 552 caput,
410 479 491 537 iubet
510 497 617 538 sanum
636 496 819 553 consurgere
838 489 867 536 et
885 480 943 536 deo
961 478 1120 536 saluatori¹
1139 495 1195 535 suo
1213 478 1325 552 gratias
1342 496 1451 551 agere.

295 568 362 639 Quo
404 569 585 626 abscedente
621 567 750 641 [quasi]²
784 569 824 624 de
856 567 941 640 graui
977 584 1104 641 sompno
1139 566 1284 640 euigilans
1318 583 1451 640 pauper,

294 655 431 712 membra
443 655 559 728 singula
572 656 610 712 ad
622 655 687 712 loca
699 655 845 712 naturalia
859 654 936 711 sacili
954 663 1036 710 motu
1052 663 1212 726 retorquet.
1251 655 1450 728 Recuperato

293 761 364 799 vero
377 745 580 800 membrorum
599 743 706 813 officio,
723 743 869 816 temporis
886 759 1030 815 processu
1047 751 1183 798 attonsus
1203 742 1234 798 in
1251 741 1397 798 clericum
1417 751 1450 797 et

265 845 279 894 5
294 832 332 886 ad
350 831 549 888 sacerdotium
568 841 732 904 promotus,
750 831 781 886 in
801 831 896 888 sancti
917 829 1037 886 Niniani
1055 829 1209 902 obsequiis
1227 829 1318 885 vitam
1337 829 1450 886 finiuit

295 905 370 976 Duo
382 919 494 992 leprosi
511 921 549 976 ad
566 918 679 976 sontem
694 917 788 975 sancti
809 917 929 974 Niniani
949 918 1135 986 accedentes,
1152 933 1230 990 aqua
1247 935 1282 974 se
1299 918 1448 974 abluunt:

293 1016 323 1063 et
336 1023 405 1064 caro
417 1023 522 1064 eorum
536 1008 679 1064 mundata
691 1006 767 1063 sicut
780 1022 851 1062 caro
864 1005 981 1078 paruuli
994 1004 1131 1062 restituta
1144 1015 1198 1062 est.

326 1144 403 1217 [MS.
417 1145 483 1202 Tib.
496 1147 588 1204 adds:
783 1143 922 1202 Narratio
929 1145 948 1203 ⁸.

330 1237 465 1324 Quidam
480 1267 588 1323 magne
605 1249 664 1306 uite
682 1249 847 1306 monachus
866 1258 931 1308 erat
949 1250 1120 1307 ortolanus:
1140 1259 1170 1307 et
1187 1249 1235 1306 sur
1249 1249 1355 1307 uenire
1371 1268 1448 1306 con·

294 1347 433 1394 sueuerat
446 1347 476 1394 et
488 1355 544 1410 per
560 1355 666 1410 sepem
683 1339 847 1394 ascendere
864 1347 894 1394 et
909 1339 1023 1394 occulte
1041 1337 1123 1394 olera
1140 1337 1266 1394 auferre.
1304 1337 1448 1411 Cumque

250 1446 279 1481 10
293 1425 342 1483 ille
368 1428 460 1483 multa
484 1427 631 1500 plantaret
655 1438 685 1484 et
710 1429 767 1485 alia
792 1428 918 1501 pedibus
943 1429 1123 1498 conculcata,
1148 1429 1205 1484 alia
1230 1429 1347 1502 direpta
1371 1447 1447 1486 cou-

293 1514 431 1587 spiceret,
455 1524 550 1572 totum
574 1525 673 1573 ortum
694 1516 851 1584 circuiens,
869 1516 984 1574 inuenit
1009 1517 1067 1574 iter
1084 1518 1164 1574 unde
1183 1515 1231 1573 sur
1248 1517 1353 1574 uenire
1372 1535 1447 1574 con-

293 1612 453 1659 sueuerat:
479 1611 510 1660 et
533 1603 656 1660 inuento
678 1605 807 1677 quodam
833 1614 983 1678 serpente,
1010 1604 1102 1662 dixit:
1135 1604 1189 1661 ‘ln
1220 1605 1344 1662 nomine
1370 1605 1445 1661 lesu

293 1689 426 1762 precipio
448 1690 501 1747 tibi
522 1700 554 1747 ut
576 1691 688 1748 aditum
709 1691 799 1749 istum
816 1691 966 1748 custodias
987 1709 1021 1748 ac
1046 1691 1142 1749 furem
1167 1692 1225 1748 huc
1244 1691 1360 1765 ingredi
1380 1710 1445 1748 non

292 1779 466 1850 permittas!
521 1778 660 1835 Protinus
690 1795 817 1851 serpens
852 1796 886 1836 se
916 1779 947 1835 iu
978 1777 1084 1837 itinere
1114 1789 1320 1836 transuersum
1347 1789 1446 1836 teten-

250 1881 277 1932 ¹⁵
293 1866 343 1934 dit,
368 1875 398 1922 et
422 1867 460 1922 ad
485 1866 590 1924 cellam
617 1866 782 1923 monachus
796 1867 890 1923 rediit
939 1866 1076 1939 Cumque
1107 1866 1272 1923 meridiano
1301 1875 1445 1940 tempore

292 1953 389 2010 cuncti
407 1953 515 2010 fratres
533 1954 732 2027 quiescerent,
749 1971 832 2010 more
852 1955 938 2010 solito
958 1953 1005 2010 fur
1024 1953 1153 2025 aduenit,
1172 1972 1277 2027 sepem
1295 1956 1445 2012 ascendit.

292 2041 330 2098 Et
351 2043 423 2098 dum
445 2041 476 2098 in
498 2051 596 2098 ortum
618 2043 728 2114 pedem
748 2051 882 2114 poneret,
903 2041 976 2099 uidit
998 2042 1097 2098 subito
1121 2052 1241 2098 tensum
1266 2052 1444 2115 serpentem

291 2130 433 2186 claudere
457 2129 555 2186 uiam:
578 2138 608 2186 et
626 2128 818 2187 tremefactus
843 2138 912 2202 post
936 2129 1134 2203 semetipsum
1156 2129 1292 2199 concidit,
1313 2130 1444 2204 eiusque

292 2233 347 2289 pes
376 2217 408 2272 in
439 2219 514 2274 sude
545 2216 628 2290 sepis
656 2217 781 2274 adhesit.
819 2216 909 2274 Venit
934 2217 1097 2287 ortolanus,
1127 2217 1312 2290 pendentem
1344 2218 1443 2274 iurem

247 2321 278 2355 ao
293 2303 433 2377 repperit,
456 2313 486 2360 et
511 2306 645 2377 serpenti
667 2305 759 2362 dixit:
787 2304 928 2361 ‘Gracias
951 2323 1007 2377 ago
1028 2306 1087 2360 deo
1107 2322 1184 2374 meo,
1205 2305 1338 2378 implesti
1359 2308 1442 2379 quod

291 2391 384 2461 iussi;
411 2393 518 2450 recede
549 2393 656 2448 modo.'
693 2393 752 2462 Qui
783 2391 860 2448 illico
890 2391 1053 2462 abscessit3
1080 2401 1110 2448 et
1134 2391 1182 2448 uir
1206 2393 1254 2450 dei
1279 2394 1316 2449 ad
1343 2393 1442 2450 iurem

291 2479 418 2536 ueniens
433 2480 492 2536 ait:
513 2479 609 2549 ‘Quid
629 2489 683 2550 est,
697 2480 796 2550 frater,
813 2479 934 2537 tradidit
953 2489 983 2536 te
1000 2479 1089 2536 michi
1105 2481 1199 2537 deus?
1218 2497 1310 2553 quare
1328 2480 1443 2538 turtum

290 2566 405 2624 tociens
423 2566 522 2623 facere
543 2568 756 2640 presumpsisti
767 2570 792 2624 i'
831 2566 868 2623 Et
886 2567 941 2624 hoc
962 2567 1049 2635 dicto,
1065 2568 1175 2640 pedem
1194 2567 1260 2624 eius
1277 2585 1296 2624 a
1314 2586 1392 2642 sepe
1412 2570 1442 2626 in

291 2671 350 2728 qua
382 2655 502 2712 heserat
533 2653 630 2725 soluit,
656 2655 721 2712 sine
750 2654 865 2712 lesione
896 2655 1045 2728 deposuit,
1076 2663 1106 2712 et
1136 2656 1219 2712 olera
1248 2673 1307 2728 que
1338 2655 1442 2713 furtim

248 2757 276 2805 ²5
291 2744 451 2815 appetebat
469 2741 596 2812 auferre,
612 2743 640 2799 ei
660 2761 727 2800 cum
748 2759 856 2814 magna
873 2742 1031 2798 dulcedine
1049 2742 1175 2815 prebuit,
1193 2743 1316 2800 dicens:
1338 2743 1444 2800 ‘Vade

292 2840 322 2887 et
338 2838 406 2904 post
425 2831 482 2888 hoc
501 2828 611 2886 furtum
631 2849 691 2886 non
712 2830 812 2900 facias,
832 2839 878 2886 set
900 2847 969 2886 curn
988 2847 1114 2887 necesse
1133 2829 1236 2900 habes,
1256 2831 1313 2887 huc
1331 2833 1371 2888 ad
1392 2849 1442 2888 me

290 2917 468 2991 ingredere:
488 2928 518 2976 et
536 2935 595 2992 que
611 2927 643 2974 tu
661 2935 729 2975 cum
749 2927 873 2991 peccato
891 2918 1009 2974 laboras
1028 2919 1144 2986 tollere,
1162 2935 1219 2991 ego
1238 2918 1290 2975 tibi
1309 2920 1443 2976 deuotus

291 3007 368 3063 dabo
376 3007 417 3078 ’.Ἴ

392 3161 416 3224 ll
435 3151 510 3218 'Dr
529 3178 645 3220 smero
664 3148 781 3222 Opous
800 3162 1059 3220 nncurrtuscoro‘
1078 3179 1115 3220 er
1133 3179 1334 3220 consessores.

292 3291 528 3420 VEnerabilis
541 3291 651 3349 Christi
665 3292 822 3349 consessor
834 3293 911 3363 Odo,
925 3292 1074 3351 nobilibus
1092 3294 1146 3350 sed
1164 3293 1290 3367 paganis
1308 3294 1441 3368 parenti·

246 3392 278 3440 ³0
394 3380 450 3436 bus
467 3380 620 3448 oriundus,
632 3380 709 3436 sicut
722 3397 791 3437 rosa
804 3383 842 3437 de
856 3381 952 3453 spinis
969 3381 1078 3449 lloruit,
1091 3381 1138 3438 vel
1152 3381 1237 3454 quasi
1250 3381 1390 3454 preciosa
1403 3384 1441 3438 de

290 3465 399 3524 vilibus
420 3465 549 3524 vasculis
570 3477 703 3524 aromata
725 3469 880 3540 processit.
923 3469 1001 3524 Nam
1020 3485 1059 3525 ex
1080 3469 1173 3542 impia
1193 3468 1242 3524 illa
1264 3468 1441 3526 Danorum⁷

323 3587 331 3616 ¹
348 3584 399 3636 Vit.
413 3586 535 3636 sanatori.
664 3584 674 3614 ¹
690 3599 720 3634 so
732 3587 776 3647 T.;
792 3602 841 3636 om.
854 3587 880 3636 in
895 3587 924 3638 E.
1055 3587 1065 3616 ¹
1082 3588 1121 3638 Cs.
1132 3585 1205 3637 Vinc.
1218 3587 1284 3636 Bell.
1298 3587 1386 3637 XXII.
1401 3591 1439 3638 60.

323 3653 333 3685 ⁴
350 3651 449 3701 Collect
461 3653 487 3700 in
499 3651 527 3702 T.
539 3667 544 3703 :

325 3716 429 3794 (Allme
447 3726 534 3789 presul
552 3725 672 3788 Niniane,
691 3727 753 3778 cleri
771 3728 818 3778 llos
835 3727 959 3778 Albanie:
979 3726 1033 3776 Nos
1050 3741 1191 3777 conserues
1201 3733 1244 3775 tue
1261 3726 1340 3784 laudi,
1360 3729 1440 3778 assis·

289 3805 375 3847 tentes
392 3795 477 3859 refice,
491 3793 580 3842 Noxas
598 3800 678 3854 terge,
691 3809 776 3842 mores
788 3809 862 3855 auge,
876 3801 902 3842 et
919 3793 1027 3842 uirtutes
1045 3793 1142 3853 insere,
1155 3793 1219 3841 Cum
1230 3793 1313 3842 beatis
1330 3793 1370 3842 sac
1383 3810 1439 3856 reg·

290 3879 352 3912 nare
365 3863 391 3910 in
404 3870 494 3911 eterna
505 3859 602 3921 requie.
639 3859 666 3910 V.
688 3860 741 3908 Ora
752 3875 800 3920 pro
812 3859 895 3909 nobis

325 3928 351 3989 F
353 3941 503 4002 ragilitatem
524 3945 636 3986 nostram
657 3952 803 4000 quesumus,
825 3937 938 3995 domine,
960 3943 1087 3999 perpetuo
1106 3943 1224 3986 sustenta
1243 3937 1396 3996 munimine,
1414 3945 1440 3986 et

289 4023 345 4084 per¹
352 4005 506 4084 sanctissimi
524 4002 680 4080 confessoris
697 4004 734 4080 tui
751 4011 828 4065 atque
846 4004 974 4080 pontilicis
989 4002 1096 4080 lliniani
1114 4005 1214 4062 merita,
1232 4003 1352 4071 quicquid
1371 4004 1440 4053 iusto

289 4069 1090 4198 stultuslltlnlbltbtjtttlz‘.rtrum„
1108 4135 1147 4183 n.
1163 4133 1188 4182 t.
1203 4131 1333 4182 wrm..
1352 4133 1385 4184 11.
1401 4135 1438 4197 ⁷³.

289 4204 321 4253 A.
343 4205 391 4253 SS.
411 4202 476 4252 Boll.
495 4202 552 4262 luly
569 4200 604 4261 ll,
622 4215 668 4262 73:
686 4199 808 4249 idabillon
827 4200 886 4249 Vll.
907 4201 963 4262 ²⁸7·
996 4199 1021 4248 A
1038 4200 1154 4262 mistalte,
1168 4201 1195 4249 iu
1212 4200 1321 4260 reading
1336 4199 1439 4260 Edwin,

289 4268 554 4384 inffieqdnqgofflged,
573 4265 645 4316 leads
664 4273 692 4316 to
710 4281 787 4328 grove
807 4265 928 4316 blunders
946 4265 1106 4316 afterwards
1229 4264 1239 4293 ⁸
1255 4264 1286 4315 T.
1304 4267 1438 4330 episcopo.
