3008 4904
273 316 346 392 270
584 297 715 386 mutu
740 295 930 400 imaue
955 295 1108 402 touta

270 495 402 552 tricturus
414 504 461 553 est
476 513 531 554 rex
544 495 619 556 iste:
639 507 708 555 ante
720 499 810 556 modo
823 517 884 556 non
896 499 956 557 vidi
974 518 1077 574 regern
1094 501 1249 572 humilem,
1262 520 1320 561 nec
1334 505 1436 578 digna

270 593 317 640 est
335 584 391 640 hec
409 603 486 658 gens
505 602 635 660 nequam
653 587 743 644 talem
762 587 813 644 diu
833 588 945 646 habere
962 593 1081 662 regem.³
1117 589 1206 646 Vnde
1222 591 1353 664 contigit
1373 594 1435 652 cito

269 680 338 744 post
356 672 412 729 hee
431 672 530 746 ipsum
548 675 652 744 occidi,
670 685 702 732 vt
723 675 872 750 prelatum
893 687 949 744 est,
967 694 1047 734 anno
1066 677 1181 734 domini
1199 680 1434 737 sexcentesimo

269 759 517 834 quinquagesimo
542 761 650 836 primo,
675 773 706 820 et
729 764 814 837 regni
839 765 905 822 eius
930 782 1019 822 nono.
1064 765 1126 822 Sed
1151 775 1181 822 et
1205 765 1272 837 ipse
1297 768 1435 826 antistes
1498 815 1499 844 5

241 849 407 918 5Aidanus
436 861 504 924 post
535 852 615 926 regis
646 853 828 910 occisionem
852 854 1010 911 duodecim
1037 854 1227 910 solummodo
1252 856 1433 928 superuixit
1498 857 1499 866 ‘

269 937 383 995 diebus
458 926 496 996 ln
519 939 675 1014 Gedlingo‚
697 943 787 998 modo
809 941 920 1015 Gilling
940 951 1053 1010 vocato,
1075 960 1135 999 non
1158 943 1263 1017 procul
1289 945 1330 1000 ab
1350 946 1433 1002 vrbe

270 1025 490 1084 Richemundie
507 1027 573 1098 sito,
587 1029 690 1102 regina
710 1029 864 1099 Eanileda,
876 1029 961 1086 Oswi
980 1030 1060 1103 regis
1074 1047 1150 1088 vxor
1162 1039 1192 1086 et
1208 1032 1292 1104 regis
1306 1031 1432 1090 Oswini
1498 1034 1499 1082 l

268 1115 445 1187 propinqua,
458 1115 487 1171 in
501 1115 701 1189 expiationem
715 1117 799 1174 necis
811 1117 884 1186 eius,
898 1117 1057 1192 impetrata
1074 1135 1092 1174 a
1105 1135 1176 1191 rege
1189 1118 1275 1176 Oswi
1293 1119 1431 1191 licentia,
1498 1109 1499 1178 J

269 1202 483 1258 monasterium
496 1203 671 1274 construxit,
684 1207 715 1260 in
734 1222 793 1277 quo
812 1206 964 1262 orationes
976 1205 1097 1263 assidue
1114 1223 1170 1279 pro
1185 1206 1266 1279 regis
1284 1207 1380 1264 occisi
1399 1219 1431 1266 et
1498 1215 1499 1282 ζ

224 1305 256 1342 ro
267 1289 332 1347 eius
345 1288 395 1362 qui
405 1291 541 1347 occidere
555 1291 640 1348 iussit
653 1292 753 1350 anime
763 1293 859 1350 salute
869 1293 1001 1366 quotidie
1012 1293 1133 1350 domino
1143 1294 1290 1351 deberent
1301 1295 1409 1353 offerri
1422 1317 1430 1362 ;
1498 1327 1499 1370 3

267 1385 297 1433 et
315 1375 412 1434 virum
434 1380 585 1450 quendam
606 1379 748 1436 deuotum
772 1381 893 1438 nomine
912 1381 1080 1451 Trunhere,
1099 1381 1220 1438 natione
1238 1381 1391 1455 Anglum,
1411 1402 1431 1441 a

267 1464 365 1522 Scotis
389 1465 558 1522 ordinatum
582 1475 612 1523 et
640 1469 787 1537 edoctum,
813 1468 893 1542 regis
917 1467 1006 1525 occisi
1030 1469 1241 1542 propinquum,
1266 1472 1429 1529 constituit

266 1553 413 1609 abbatem.
450 1552 526 1624 Qui¹
542 1565 647 1626 postea
665 1557 722 1612 sub
741 1573 813 1629 rege
834 1556 1016 1613 Merciorum
1035 1556 1193 1614 Wulfero²
1212 1556 1244 1613 in
1263 1559 1429 1630 prouincia
1498 1631 1499 1634 Ἴ

268 1640 449 1698 Marciorum
469 1651 498 1698 et
518 1641 806 1700 Mediterraneorum
826 1644 994 1717 Anglorum
1014 1643 1174 1718 episcopus
1193 1643 1328 1712 effectus,
1349 1664 1428 1719 gen-

223 1749 252 1801 15
266 1727 339 1785 tium
353 1728 573 1787 multitudinem
586 1731 624 1787 ad
637 1731 729 1787 fidem
742 1732 898 1789 conuertit.
964 1719 1090 1805 Corpus
1103 1742 1203 1789 autem
1217 1733 1314 1788 sancti
1327 1735 1426 1807 regia,
1498 1807 1499 1816 ἵ

265 1815 360 1874 abeis
374 1817 424 1890 qui
437 1835 507 1874 eum
520 1820 699 1888 occiderant,
712 1819 750 1875 ad
762 1819 873 1876 ostium
880 1819 968 1892 Tyne
981 1818 1112 1876 fluminis
1125 1837 1232 1877 versus
1243 1820 1425 1893 aquilonem

266 1905 396 1961 delatum
410 1915 456 1962 est
468 1914 498 1964 et
510 1905 540 1962 in
553 1905 681 1962 oratorio
694 1915 797 1964 sancte
813 1907 908 1964 Marie
919 1906 1047 1980 virginis
1060 1907 1220 1981 sepultum,
1234 1907 1338 1981 inquo
1353 1909 1425 1969 loco

266 1993 472 2066 religiosorum
488 1993 646 2050 multitudo
663 2003 844 2067 congregata
860 1995 969 2068 iugiter
981 1996 1039 2051 deo
1056 1995 1213 2052 semiebat.
1252 1995 1286 2052 In
1300 2005 1423 2054 tantam

265 2091 365 2137 autem
384 2081 507 2138 honoris
526 2081 719 2138 eminentiam
738 2092 914 2140 excreuerat
932 2083 1015 2140 locus
1035 2083 1094 2152 ille,
1112 2092 1144 2139 vt
1162 2100 1219 2156 per
1234 2091 1326 2140 totam
1348 2103 1425 2157 pro-

222 2187 254 2226 re
265 2169 394 2225 uinciam
407 2186 462 2242 pro
475 2170 644 2227 reuerentia
657 2169 712 2226 loci
726 2179 756 2226 et
769 2170 922 2243 religione,
937 2169 1146 2227 defunctorum
1159 2187 1284 2244 corpora
1301 2172 1422 2230 ibidem

265 2257 438 2314 tumulanda
450 2257 646 2315 deferrentur.
721 2245 846 2331 Elapsis
864 2267 933 2331 post
952 2258 1010 2314 hec
1028 2258 1130 2316 multis
1148 2258 1236 2314 annis
1249 2258 1379 2330 Ynguar
1392 2271 1423 2318 et

266 2343 386 2414 Hubba‚
398 2345 561 2418 iniquitatis
580 2345 640 2416 filii,
656 2346 809 2402 Danorum
827 2347 990 2420 principes,
1002 2347 1040 2404 ad
1053 2346 1163 2403 ostium
1176 2345 1264 2418 Tyne
1281 2346 1423 2406 numinis
1498 2375 1499 2428 ᾗ

264 2431 458 2504 applicantes,
480 2432 580 2505 ipsum
606 2433 821 2490 monasterium
846 2443 876 2490 et
901 2451 1023 2491 omnem
1047 2433 1126 2491 circa
1151 2435 1304 2506 regionem
1328 2437 1423 2506 graui
1498 2449 1499 2510 ζ

264 2519 495 2592 depopulatione
517 2529 680 2590 vastarunt,
705 2522 868 2578 monachos
892 2523 923 2578 in
947 2521 1076 2594 quadam
1101 2522 1256 2578 ecclesiola
1279 2523 1422 2582 omnium

220 2627 250 2678 ²⁵
265 2617 434 2664 sanctorum
459 2607 574 2665 honore
600 2627 619 2665 a
646 2618 750 2666 sancto
774 2609 937 2666 Cuthberto
961 2609 1098 2666 dedicata
1122 2610 1362 2679 combusserunt,
1389 2624 1422 2669 et

263 2703 370 2752 cuncta
393 2696 509 2752 cenobii
529 2697 645 2753 edificia
669 2697 700 2754 in
722 2697 880 2770 planiciem
906 2697 1114 2770 redegemnt⁸.
1191 2685 1287 2754 Anno
1311 2707 1419 2757 autem
1498 2739 1499 2764 n

262 2784 356 2855 gratie
369 2783 529 2840 millesimo
545 2783 711 2841 centesimo
723 2785 864 2853 decimo⁴‚
878 2803 946 2842 cum
966 2785 1131 2842 monachus
1149 2785 1270 2857 quidam
1289 2787 1420 2846 nomine

265 2871 451 2941 Edmundus,
473 2872 530 2929 loci
551 2873 679 2943 edituus,
702 2883 788 2930 nocte
808 2874 938 2946 quadam
961 2881 1029 2946 post
1050 2873 1200 2930 orationes
1221 2889 1305 2930 more
1328 2875 1420 2932 solito

263 2960 345 3017 susas
360 2977 469 3033 sopore
486 2961 651 3033 depressus
669 2969 759 3030 esset,
772 2961 909 3034 apparuit
923 2961 950 3017 ei
963 2960 1084 3033 quidam
1101 2969 1180 3017 etate
1196 2959 1316 3031 canus⁸‚
1328 2961 1419 3022 vultu

219 3071 252 3122 30
263 3050 398 3115 decorus
411 3051 525 3105 statura
538 3065 691 3122 procerus,
703 3058 733 3105 et
745 3047 847 3106 verbis
859 3049 1005 3105 iucundus
1018 3057 1107 3121 atque
1120 3049 1275 3120 benignus.
1314 3048 1418 3119 Quem

263 3154 329 3193 curn
339 3137 498 3210 diligenter
507 3135 628 3192 intuens
638 3135 794 3208 aspiceret,
803 3146 833 3193 et
843 3137 911 3209 quis
922 3144 1004 3193 esset
1013 3135 1198 3208 interrogare
1208 3153 1269 3191 non
1279 3137 1417 3204 auderet,
1498 3127 1499 3144 ¹

262 3225 288 3281 is
298 3225 348 3297 qui
358 3225 386 3281 ei
398 3225 535 3297 apparuit
545 3223 637 3281 dixit:
658 3222 843 3292 ‘Edmunde
853 3223 945 3280 frater
955 3223 1131 3280 Edmunde.¹
1161 3224 1203 3279 At
1216 3221 1266 3280 ille
1279 3226 1420 3283 securior

263 3313 397 3369 redditus
415 3311 472 3368 ait:
493 3311 583 3382 ‘Quis
601 3329 644 3382 ea,
662 3311 818 3368 dominei’
856 3311 937 3384 ‘Ego
956 3328 1033 3381 sum,
1052 3311 1101 3381 ait,
1113 3309 1258 3368 Oswinus
1278 3329 1342 3380 rex,
1361 3315 1416 3385 qui

262 3400 300 3455 ab
314 3399 505 3456 Hunewaldo
520 3399 627 3456 comite
645 3400 784 3472 nequiter
799 3399 933 3466 traditus,
946 3399 984 3455 ab
997 3397 1100 3455 Oswio
1112 3415 1185 3470 rege
1198 3407 1296 3455 morte
1312 3400 1417 3458 detes-

219 3509 249 3560 ³⁵
261 3487 352 3543 tanda
368 3496 551 3560 peremptus,
564 3486 619 3543 hac
637 3485 666 3542 in
684 3485 810 3544 ecclesia
826 3485 939 3543 cunctis
956 3485 1125 3558 incognitus
1142 3487 1224 3543 iaceo
1241 3487 1415 3545 tumulatus.

262 3573 361 3648 Surge
374 3583 404 3630 et
415 3573 464 3631 dic
478 3573 610 3647 pontifici
625 3573 781 3647 Egelwino
793 3573 934 3647 quatinus
946 3589 1057 3646 corpus
1072 3591 1174 3630 meum
1193 3573 1292 3630 eleuet
1310 3583 1341 3630 et
1359 3577 1415 3632 de-

261 3661 385 3720 centiori
401 3662 466 3719 loco
482 3662 555 3719 illud
572 3662 717 3719 collocare
734 3679 795 3718 non
807 3662 921 3718 tardet!
959 3661 1047 3732 Quod
1064 3677 1132 3718 cum
1148 3660 1292 3734 episcopo
1307 3663 1414 3719 nunci-

261 3760 353 3822 asset,
363 3760 393 3808 et
406 3751 455 3808 ille
469 3767 578 3824 corpus
592 3759 727 3806 sanctum
738 3751 777 3807 de
789 3760 870 3806 terra
882 3749 1040 3819 eleuasset,
1048 3747 1123 3806 tanti
1135 3747 1237 3804 odoris
1249 3748 1414 3822 fragrantia

260 3857 385 3914 egressa
396 3849 452 3908 est,
460 3847 493 3895 vt
501 3839 635 3894 omnium
648 3847 812 3894 aromatum
823 3855 936 3910 genera
948 3836 1057 3894 diffusa
1068 3845 1254 3909 putarentur,
1262 3845 1293 3893 et
1302 3855 1413 3895 omnes

215 3949 248 4003 40
261 3928 312 4001 qui
326 3931 452 3985 aderant
468 3925 659 3984 inestimabili
677 3925 823 3982 suauitate
841 3924 1039 3997 replerentur.
1077 3923 1187 3997 Sicque
1205 3941 1326 3981 sacrum
1346 3926 1412 3982 eius

261 4032 372 4089 corpus
402 4015 434 4073 in
461 4015 627 4088 aquilonari
657 4013 777 4070 oratorii
801 4023 887 4085 parte
911 4029 980 4070 cum
1005 4013 1118 4069 honore
1142 4011 1330 4068 reconditum
1355 4023 1411 4072 est.

263 4092 412 4175 Iudithal,
430 4102 525 4160 Tostii
543 4102 660 4159 comitis
677 4119 762 4172 vxor,
780 4117 849 4157 cum
867 4117 977 4174 magna
994 4098 1136 4157 instantia
1153 4108 1271 4173 partem
1290 4099 1411 4174 reliqui-

303 4235 360 4286 ¹E.
374 4235 485 4298 Quique.
530 4229 707 4284 ⁸T.W1ter0.
752 4230 807 4281 '‘l‘.
822 4231 852 4281 E.
864 4231 1023 4293 redigerunt.
1069 4229 1127 4280 ‘ln
1137 4229 1205 4291 Vim,
1217 4230 1264 4279 the
1275 4230 1410 4282 invention

260 4301 354 4350 wesin
367 4303 437 4362 1065,
449 4301 493 4350 the
504 4300 654 4350 translation
666 4307 694 4348 to
705 4299 751 4347 the
762 4313 823 4349 new
831 4297 966 4350 thurchin
981 4311 1053 4348 1110.
1102 4295 1175 4348 ’vit
1187 4296 1283 4348 coloris
1294 4298 1373 4348 vividi
1384 4307 1411 4348 et
1498 4365 1499 4374 ἵ

261 4367 410 4417 inexhausti
421 4367 526 4430 vigoris.
591 4363 601 4394 ⁰
619 4365 775 4417 macitha.
