<?xml version="1.0" encoding="UTF-8"?>
<!DOCTYPE html PUBLIC "-//W3C//DTD XHTML 1.0 Transitional//EN"
    "http://www.w3.org/TR/xhtml1/DTD/xhtml1-transitional.dtd">
<html xmlns="http://www.w3.org/1999/xhtml" xml:lang="en" lang="en">
 <head>
  <title>
</title>
<meta http-equiv="Content-Type" content="text/html;charset=utf-8" />
  <meta name='ocr-system' content='tesseract 3.04.00' />
  <meta name='ocr-capabilities' content='ocr_page ocr_carea ocr_par ocr_line ocrx_word'/>
</head>
<body>
  <div class='ocr_page' id='page_1' title='image "./novalegendaangl00wordgoog/novalegendaangl00wordgoog_0523.png"; bbox 0 0 3052 4896; ppageno 0'>
   <div class='ocr_carea' id='block_1_1' title="bbox 294 299 1493 428">
    <p class='ocr_par' dir='ltr' id='par_1_1' title="bbox 294 299 1493 428">
     <span class='ocr_line' id='line_1_1' title="bbox 294 299 1493 428; baseline -0.008 -32"><span class='ocrx_word' id='word_1_1' title='bbox 294 331 368 408; x_wconf 85' lang='lat'>514</span> <span class='ocrx_word' id='word_1_2' title='bbox 606 307 737 396; x_wconf 68' lang='lat' dir='ltr'>flatu</span> <span class='ocrx_word' id='word_1_3' title='bbox 761 302 954 406; x_wconf 63' lang='lat' dir='ltr'>[tomus</span> <span class='ocrx_word' id='word_1_4' title='bbox 978 299 1130 404; x_wconf 66' lang='lat' dir='ltr'>florib.</span> <span class='ocrx_word' id='word_1_5' title='bbox 1487 304 1493 428; x_wconf 64' lang='lat' dir='ltr'>l</span> 
     </span>
    </p>
   </div>
   <div class='ocr_carea' id='block_1_2' title="bbox 250 495 1504 2772">
    <p class='ocr_par' dir='ltr' id='par_1_2' title="bbox 250 495 1504 2772">
     <span class='ocr_line' id='line_1_2' title="bbox 292 495 1444 582; baseline -0.009 -15"><span class='ocrx_word' id='word_1_6' title='bbox 292 509 375 568; x_wconf 91' lang='lat' dir='ltr'>illum</span> <span class='ocrx_word' id='word_1_7' title='bbox 405 509 538 568; x_wconf 83' lang='lat' dir='ltr'>adduxit.</span> <span class='ocrx_word' id='word_1_8' title='bbox 583 506 796 582; x_wconf 87' lang='lat' dir='ltr'>Apprehendit</span> <span class='ocrx_word' id='word_1_9' title='bbox 827 514 927 563; x_wconf 87' lang='lat' dir='ltr'>autem</span> <span class='ocrx_word' id='word_1_10' title='bbox 952 521 1061 562; x_wconf 90' lang='lat' dir='ltr'>seruus</span> <span class='ocrx_word' id='word_1_11' title='bbox 1084 504 1133 560; x_wconf 92' lang='lat' dir='ltr'>dei</span> <span class='ocrx_word' id='word_1_12' title='bbox 1157 519 1299 560; x_wconf 86' lang='lat' dir='ltr'>manum</span> <span class='ocrx_word' id='word_1_13' title='bbox 1328 495 1444 558; x_wconf 73' lang='lat' dir='ltr'>nonusis</span> 
     </span>
     <span class='ocr_line' id='line_1_3' title="bbox 292 585 1499 726; baseline -0.013 -72"><span class='ocrx_word' id='word_1_14' title='bbox 292 599 457 668; x_wconf 85' lang='lat' dir='ltr'>dexteram,</span> <span class='ocrx_word' id='word_1_15' title='bbox 470 607 500 653; x_wconf 92' lang='lat' dir='ltr'>et</span> <span class='ocrx_word' id='word_1_16' title='bbox 513 595 647 652; x_wconf 84' lang='lat' dir='ltr'>diabolus</span> <span class='ocrx_word' id='word_1_17' title='bbox 660 595 814 652; x_wconf 89' lang='lat' dir='ltr'>sinistram</span> <span class='ocrx_word' id='word_1_18' title='bbox 826 605 935 652; x_wconf 86' lang='lat' dir='ltr'>tenens</span> <span class='ocrx_word' id='word_1_19' title='bbox 947 593 1029 650; x_wconf 89' lang='lat' dir='ltr'>omni</span> <span class='ocrx_word' id='word_1_20' title='bbox 1041 592 1151 650; x_wconf 90' lang='lat' dir='ltr'>virtute</span> <span class='ocrx_word' id='word_1_21' title='bbox 1166 592 1331 648; x_wconf 77' lang='lat' dir='ltr'>trahebat.</span> <span class='ocrx_word' id='word_1_22' title='bbox 1366 585 1444 641; x_wconf 76' lang='lat' dir='ltr'>Wiri</span> <span class='ocrx_word' id='word_1_23' title='bbox 1488 604 1499 726; x_wconf 53' lang='grc' dir='ltr'><strong><em>ι</em></strong></span> 
     </span>
     <span class='ocr_line' id='line_1_4' title="bbox 291 670 1444 756; baseline -0.007 -14"><span class='ocrx_word' id='word_1_24' title='bbox 291 701 345 742; x_wconf 89' lang='lat' dir='ltr'>cus</span> <span class='ocrx_word' id='word_1_25' title='bbox 361 686 442 742; x_wconf 90' lang='lat' dir='ltr'>enim</span> <span class='ocrx_word' id='word_1_26' title='bbox 455 703 515 742; x_wconf 87' lang='lat' dir='ltr'>vna</span> <span class='ocrx_word' id='word_1_27' title='bbox 532 701 623 742; x_wconf 89' lang='lat' dir='ltr'>manu</span> <span class='ocrx_word' id='word_1_28' title='bbox 639 685 790 756; x_wconf 85' lang='lat' dir='ltr'>captiuum</span> <span class='ocrx_word' id='word_1_29' title='bbox 802 683 906 752; x_wconf 91' lang='lat' dir='ltr'>tenuit,</span> <span class='ocrx_word' id='word_1_30' title='bbox 919 692 949 739; x_wconf 90' lang='lat' dir='ltr'>et</span> <span class='ocrx_word' id='word_1_31' title='bbox 961 683 1054 739; x_wconf 88' lang='lat' dir='ltr'>altera</span> <span class='ocrx_word' id='word_1_32' title='bbox 1071 681 1209 753; x_wconf 90' lang='lat' dir='ltr'>aqua[m]</span> <span class='ocrx_word' id='word_1_33' title='bbox 1234 670 1444 745; x_wconf 64' lang='lat' dir='ltr'>benedictalm]</span> 
     </span>
     <span class='ocr_line' id='line_1_5' title="bbox 291 764 1446 844; baseline -0.009 -16"><span class='ocrx_word' id='word_1_34' title='bbox 291 781 395 830; x_wconf 93' lang='lat' dir='ltr'>contra</span> <span class='ocrx_word' id='word_1_35' title='bbox 414 772 521 829; x_wconf 91' lang='lat' dir='ltr'>faciem</span> <span class='ocrx_word' id='word_1_36' title='bbox 540 771 651 828; x_wconf 91' lang='lat' dir='ltr'>inimici</span> <span class='ocrx_word' id='word_1_37' title='bbox 672 789 848 844; x_wconf 88' lang='lat' dir='ltr'>aspergens,</span> <span class='ocrx_word' id='word_1_38' title='bbox 866 772 967 844; x_wconf 88' lang='lat' dir='ltr'>ipsum</span> <span class='ocrx_word' id='word_1_39' title='bbox 985 769 1073 826; x_wconf 86' lang='lat' dir='ltr'>valde</span> <span class='ocrx_word' id='word_1_40' title='bbox 1094 768 1266 825; x_wconf 88' lang='lat' dir='ltr'>confusum</span> <span class='ocrx_word' id='word_1_41' title='bbox 1290 768 1332 822; x_wconf 84' lang='lat' dir='ltr'>ab</span> <span class='ocrx_word' id='word_1_42' title='bbox 1353 764 1446 820; x_wconf 76' lang='lat' dir='ltr'>edibus</span> 
     </span>
     <span class='ocr_line' id='line_1_6' title="bbox 264 852 1446 933; baseline -0.003 -17"><span class='ocrx_word' id='word_1_43' title='bbox 264 859 443 933; x_wconf 69' lang='lat' dir='ltr'>seffugauit.</span> <span class='ocrx_word' id='word_1_44' title='bbox 479 858 536 915; x_wconf 90' lang='lat' dir='ltr'>Vir</span> <span class='ocrx_word' id='word_1_45' title='bbox 553 869 654 916; x_wconf 91' lang='lat' dir='ltr'>autem</span> <span class='ocrx_word' id='word_1_46' title='bbox 673 859 722 915; x_wconf 88' lang='lat' dir='ltr'>ille</span> <span class='ocrx_word' id='word_1_47' title='bbox 740 857 880 932; x_wconf 84' lang='lat' dir='ltr'>penitens</span> <span class='ocrx_word' id='word_1_48' title='bbox 899 866 930 915; x_wconf 92' lang='lat' dir='ltr'>et</span> <span class='ocrx_word' id='word_1_49' title='bbox 948 875 1054 930; x_wconf 87' lang='lat' dir='ltr'>puram</span> <span class='ocrx_word' id='word_1_50' title='bbox 1073 853 1313 912; x_wconf 86' lang='lat' dir='ltr'>confessionem</span> <span class='ocrx_word' id='word_1_51' title='bbox 1336 852 1446 912; x_wconf 79' lang='lat' dir='ltr'>faciens,</span> 
     </span>
     <span class='ocr_line' id='line_1_7' title="bbox 292 943 1447 1019; baseline -0.007 -15"><span class='ocrx_word' id='word_1_52' title='bbox 292 964 402 1019; x_wconf 84' lang='lat' dir='ltr'>corpus</span> <span class='ocrx_word' id='word_1_53' title='bbox 426 947 540 1003; x_wconf 89' lang='lat' dir='ltr'>domini</span> <span class='ocrx_word' id='word_1_54' title='bbox 566 945 622 1004; x_wconf 86' lang='lat' dir='ltr'>sibi</span> <span class='ocrx_word' id='word_1_55' title='bbox 647 947 779 1004; x_wconf 87' lang='lat' dir='ltr'>oblatum</span> <span class='ocrx_word' id='word_1_56' title='bbox 799 946 829 1002; x_wconf 92' lang='lat' dir='ltr'>in</span> <span class='ocrx_word' id='word_1_57' title='bbox 850 945 952 1018; x_wconf 90' lang='lat' dir='ltr'>specie</span> <span class='ocrx_word' id='word_1_58' title='bbox 970 947 1069 1001; x_wconf 88' lang='lat' dir='ltr'>carnis</span> <span class='ocrx_word' id='word_1_59' title='bbox 1086 943 1161 1000; x_wconf 91' lang='lat' dir='ltr'>vidit</span> <span class='ocrx_word' id='word_1_60' title='bbox 1185 953 1222 1000; x_wconf 89' lang='lat' dir='ltr'>et</span> <span class='ocrx_word' id='word_1_61' title='bbox 1250 943 1447 1010; x_wconf 68' lang='lat' dir='ltr'>interrogans</span> 
     </span>
     <span class='ocr_line' id='line_1_8' title="bbox 292 1030 1447 1106; baseline -0.005 -15"><span class='ocrx_word' id='word_1_62' title='bbox 292 1034 318 1091; x_wconf 88' lang='lat' dir='ltr'>si</span> <span class='ocrx_word' id='word_1_63' title='bbox 343 1053 382 1092; x_wconf 87' lang='lat' dir='ltr'>ex</span> <span class='ocrx_word' id='word_1_64' title='bbox 401 1043 462 1091; x_wconf 92' lang='lat' dir='ltr'>toto</span> <span class='ocrx_word' id='word_1_65' title='bbox 484 1035 574 1091; x_wconf 90' lang='lat' dir='ltr'>corde</span> <span class='ocrx_word' id='word_1_66' title='bbox 596 1035 741 1102; x_wconf 88' lang='lat' dir='ltr'>crederet,</span> <span class='ocrx_word' id='word_1_67' title='bbox 765 1033 891 1104; x_wconf 87' lang='lat' dir='ltr'>‘Credo,</span> <span class='ocrx_word' id='word_1_68' title='bbox 912 1033 1016 1106; x_wconf 87' lang='lat' dir='ltr'>inquit,</span> <span class='ocrx_word' id='word_1_69' title='bbox 1038 1032 1167 1102; x_wconf 87' lang='lat' dir='ltr'>domine,</span> <span class='ocrx_word' id='word_1_70' title='bbox 1187 1030 1270 1103; x_wconf 84' lang='lat' dir='ltr'>quia</span> <span class='ocrx_word' id='word_1_71' title='bbox 1293 1043 1405 1100; x_wconf 82' lang='lat' dir='ltr'>corpus</span> <span class='ocrx_word' id='word_1_72' title='bbox 1423 1031 1447 1076; x_wconf 86' lang='lat' dir='ltr'>et</span> 
     </span>
     <span class='ocr_line' id='line_1_9' title="bbox 293 1111 1504 1195; baseline -0.007 -17"><span class='ocrx_word' id='word_1_73' title='bbox 293 1121 471 1195; x_wconf 84' lang='lat' dir='ltr'>sanguinem</span> <span class='ocrx_word' id='word_1_74' title='bbox 484 1120 597 1178; x_wconf 91' lang='lat' dir='ltr'>domini</span> <span class='ocrx_word' id='word_1_75' title='bbox 616 1123 675 1178; x_wconf 89' lang='lat' dir='ltr'>mei</span> <span class='ocrx_word' id='word_1_76' title='bbox 694 1121 725 1176; x_wconf 90' lang='lat' dir='ltr'>in</span> <span class='ocrx_word' id='word_1_77' title='bbox 744 1120 882 1177; x_wconf 90' lang='lat' dir='ltr'>manibus</span> <span class='ocrx_word' id='word_1_78' title='bbox 899 1120 958 1177; x_wconf 90' lang='lat' dir='ltr'>tuis</span> <span class='ocrx_word' id='word_1_79' title='bbox 976 1121 1033 1176; x_wconf 90' lang='lat' dir='ltr'>sub</span> <span class='ocrx_word' id='word_1_80' title='bbox 1049 1119 1150 1192; x_wconf 88' lang='lat' dir='ltr'>specie</span> <span class='ocrx_word' id='word_1_81' title='bbox 1166 1117 1280 1174; x_wconf 84' lang='lat' dir='ltr'>carnis</span> <span class='ocrx_word' id='word_1_82' title='bbox 1293 1133 1353 1188; x_wconf 87' lang='lat' dir='ltr'>ego</span> <span class='ocrx_word' id='word_1_83' title='bbox 1366 1111 1447 1169; x_wconf 84' lang='lat' dir='ltr'>miser</span> <span class='ocrx_word' id='word_1_84' title='bbox 1503 1131 1504 1142; x_wconf 58' lang='lat'>¹</span> 
     </span>
     <span class='ocr_line' id='line_1_10' title="bbox 293 1196 1504 1312; baseline -0.008 -46"><span class='ocrx_word' id='word_1_85' title='bbox 293 1219 323 1266; x_wconf 92' lang='lat' dir='ltr'>et</span> <span class='ocrx_word' id='word_1_86' title='bbox 336 1219 474 1283; x_wconf 87' lang='lat' dir='ltr'>peccator</span> <span class='ocrx_word' id='word_1_87' title='bbox 485 1208 612 1282; x_wconf 67' lang='lat' dir='ltr'>aspicio!</span> <span class='ocrx_word' id='word_1_88' title='bbox 649 1207 704 1266; x_wconf 92' lang='lat' dir='ltr'>Cui</span> <span class='ocrx_word' id='word_1_89' title='bbox 716 1207 849 1264; x_wconf 89' lang='lat' dir='ltr'>ericus</span> <span class='ocrx_word' id='word_1_90' title='bbox 861 1209 919 1266; x_wconf 88' lang='lat' dir='ltr'>ait:</span> <span class='ocrx_word' id='word_1_91' title='bbox 940 1207 1026 1263; x_wconf 85' lang='lat' dir='ltr'>‘Deo</span> <span class='ocrx_word' id='word_1_92' title='bbox 1041 1207 1170 1280; x_wconf 86' lang='lat' dir='ltr'>gratias;</span> <span class='ocrx_word' id='word_1_93' title='bbox 1189 1205 1254 1262; x_wconf 86' lang='lat' dir='ltr'>sed</span> <span class='ocrx_word' id='word_1_94' title='bbox 1268 1221 1356 1260; x_wconf 92' lang='lat' dir='ltr'>nunc</span> <span class='ocrx_word' id='word_1_95' title='bbox 1369 1196 1446 1256; x_wconf 76' lang='lat' dir='ltr'>simu</span> <span class='ocrx_word' id='word_1_96' title='bbox 1500 1201 1504 1312; x_wconf 67' lang='grc' dir='ltr'>Ι</span> 
     </span>
     <span class='ocr_line' id='line_1_11' title="bbox 252 1293 1446 1369; baseline -0.009 -12"><span class='ocrx_word' id='word_1_97' title='bbox 252 1319 282 1358; x_wconf 84' lang='lat' dir='ltr'>ro</span> <span class='ocrx_word' id='word_1_98' title='bbox 293 1313 416 1353; x_wconf 88' lang='lat' dir='ltr'>oremus</span> <span class='ocrx_word' id='word_1_99' title='bbox 428 1305 458 1352; x_wconf 91' lang='lat' dir='ltr'>vt</span> <span class='ocrx_word' id='word_1_100' title='bbox 471 1296 501 1352; x_wconf 91' lang='lat' dir='ltr'>in</span> <span class='ocrx_word' id='word_1_101' title='bbox 515 1297 615 1369; x_wconf 87' lang='lat' dir='ltr'>specie</span> <span class='ocrx_word' id='word_1_102' title='bbox 632 1305 775 1353; x_wconf 87' lang='lat' dir='ltr'>consueta</span> <span class='ocrx_word' id='word_1_103' title='bbox 792 1295 864 1351; x_wconf 87' lang='lat' dir='ltr'>illud</span> <span class='ocrx_word' id='word_1_104' title='bbox 881 1295 1016 1368; x_wconf 88' lang='lat' dir='ltr'>recipere</span> <span class='ocrx_word' id='word_1_105' title='bbox 1032 1294 1192 1350; x_wconf 80' lang='lat' dir='ltr'>merearis’</span> <span class='ocrx_word' id='word_1_106' title='bbox 1233 1293 1358 1364; x_wconf 86' lang='lat' dir='ltr'>Sieque</span> <span class='ocrx_word' id='word_1_107' title='bbox 1376 1303 1446 1344; x_wconf 85' lang='lat' dir='ltr'>com·</span> 
     </span>
     <span class='ocr_line' id='line_1_12' title="bbox 294 1365 1504 1458; baseline -0.008 -18"><span class='ocrx_word' id='word_1_108' title='bbox 294 1384 476 1440; x_wconf 90' lang='lat' dir='ltr'>municatum</span> <span class='ocrx_word' id='word_1_109' title='bbox 490 1383 689 1450; x_wconf 90' lang='lat' dir='ltr'>hominem,et</span> <span class='ocrx_word' id='word_1_110' title='bbox 702 1383 732 1439; x_wconf 93' lang='lat' dir='ltr'>in</span> <span class='ocrx_word' id='word_1_111' title='bbox 745 1381 1173 1452; x_wconf 86' lang='lat' dir='ltr'>fide¹confirmatum,dimisit</span> <span class='ocrx_word' id='word_1_112' title='bbox 1184 1381 1217 1436; x_wconf 89' lang='lat' dir='ltr'>in</span> <span class='ocrx_word' id='word_1_113' title='bbox 1233 1397 1328 1453; x_wconf 83' lang='lat' dir='ltr'>pace.</span> <span class='ocrx_word' id='word_1_114' title='bbox 1374 1365 1446 1432; x_wconf 76' lang='lat' dir='ltr'>Data</span> <span class='ocrx_word' id='word_1_115' title='bbox 1503 1395 1504 1458; x_wconf 67' lang='lat' dir='ltr'>l</span> 
     </span>
     <span class='ocr_line' id='line_1_13' title="bbox 293 1461 1504 1544; baseline -0.007 -16"><span class='ocrx_word' id='word_1_116' title='bbox 293 1479 340 1528; x_wconf 91' lang='lat' dir='ltr'>est</span> <span class='ocrx_word' id='word_1_117' title='bbox 363 1481 463 1528; x_wconf 86' lang='lat' dir='ltr'>autem</span> <span class='ocrx_word' id='word_1_118' title='bbox 487 1481 621 1544; x_wconf 87' lang='lat' dir='ltr'>potestas</span> <span class='ocrx_word' id='word_1_119' title='bbox 645 1470 765 1528; x_wconf 91' lang='lat' dir='ltr'>inimico</span> <span class='ocrx_word' id='word_1_120' title='bbox 789 1469 819 1526; x_wconf 89' lang='lat' dir='ltr'>in</span> <span class='ocrx_word' id='word_1_121' title='bbox 844 1487 965 1527; x_wconf 81' lang='lat' dir='ltr'>carnem</span> <span class='ocrx_word' id='word_1_122' title='bbox 990 1470 1065 1537; x_wconf 92' lang='lat' dir='ltr'>eius,</span> <span class='ocrx_word' id='word_1_123' title='bbox 1083 1468 1306 1542; x_wconf 84' lang='lat' dir='ltr'>percussitque</span> <span class='ocrx_word' id='word_1_124' title='bbox 1331 1481 1399 1522; x_wconf 89' lang='lat' dir='ltr'>eum</span> <span class='ocrx_word' id='word_1_125' title='bbox 1421 1461 1445 1515; x_wconf 82' lang='lat' dir='ltr'>in</span> <span class='ocrx_word' id='word_1_126' title='bbox 1503 1499 1504 1508; x_wconf 58' lang='lat'>.</span> 
     </span>
     <span class='ocr_line' id='line_1_14' title="bbox 293 1551 1446 1632; baseline -0.009 -18"><span class='ocrx_word' id='word_1_127' title='bbox 293 1557 423 1615; x_wconf 87' lang='lat' dir='ltr'>brachiis</span> <span class='ocrx_word' id='word_1_128' title='bbox 452 1557 553 1614; x_wconf 91' lang='lat' dir='ltr'>vicere</span> <span class='ocrx_word' id='word_1_129' title='bbox 583 1557 725 1632; x_wconf 89' lang='lat' dir='ltr'>pessimo,</span> <span class='ocrx_word' id='word_1_130' title='bbox 756 1559 832 1614; x_wconf 88' lang='lat' dir='ltr'>adeo</span> <span class='ocrx_word' id='word_1_131' title='bbox 862 1565 894 1614; x_wconf 90' lang='lat' dir='ltr'>vt</span> <span class='ocrx_word' id='word_1_132' title='bbox 928 1575 998 1614; x_wconf 84' lang='lat' dir='ltr'>caro</span> <span class='ocrx_word' id='word_1_133' title='bbox 1032 1557 1252 1614; x_wconf 83' lang='lat' dir='ltr'>humerotenus</span> <span class='ocrx_word' id='word_1_134' title='bbox 1286 1551 1446 1628; x_wconf 85' lang='lat' dir='ltr'>putrefacta</span> 
     </span>
     <span class='ocr_line' id='line_1_15' title="bbox 293 1633 1444 1703; baseline -0.005 -1"><span class='ocrx_word' id='word_1_135' title='bbox 293 1654 422 1703; x_wconf 83' lang='lat' dir='ltr'>scateret</span> <span class='ocrx_word' id='word_1_136' title='bbox 445 1646 598 1702; x_wconf 78' lang='lat' dir='ltr'>vermibus</span> <span class='ocrx_word' id='word_1_137' title='bbox 621 1655 652 1702; x_wconf 91' lang='lat' dir='ltr'>et</span> <span class='ocrx_word' id='word_1_138' title='bbox 678 1645 762 1702; x_wconf 90' lang='lat' dir='ltr'>sanie</span> <span class='ocrx_word' id='word_1_139' title='bbox 792 1644 952 1702; x_wconf 82' lang='lat' dir='ltr'>ebulliente</span> <span class='ocrx_word' id='word_1_140' title='bbox 982 1643 1138 1702; x_wconf 88' lang='lat' dir='ltr'>deflueret.</span> <span class='ocrx_word' id='word_1_141' title='bbox 1173 1642 1231 1699; x_wconf 90' lang='lat' dir='ltr'>Vir</span> <span class='ocrx_word' id='word_1_142' title='bbox 1265 1651 1373 1699; x_wconf 87' lang='lat' dir='ltr'>autem</span> <span class='ocrx_word' id='word_1_143' title='bbox 1403 1633 1444 1691; x_wconf 79' lang='lat' dir='ltr'>del</span> 
     </span>
     <span class='ocr_line' id='line_1_16' title="bbox 250 1730 1444 1806; baseline -0.01 -12"><span class='ocrx_word' id='word_1_144' title='bbox 250 1753 280 1806; x_wconf 74' lang='lat'>15</span> <span class='ocrx_word' id='word_1_145' title='bbox 294 1733 434 1791; x_wconf 88' lang='lat' dir='ltr'>iudicium</span> <span class='ocrx_word' id='word_1_146' title='bbox 454 1734 565 1790; x_wconf 86' lang='lat' dir='ltr'>celeste</span> <span class='ocrx_word' id='word_1_147' title='bbox 585 1750 652 1790; x_wconf 89' lang='lat' dir='ltr'>cum</span> <span class='ocrx_word' id='word_1_148' title='bbox 674 1733 835 1805; x_wconf 88' lang='lat' dir='ltr'>gratiarum</span> <span class='ocrx_word' id='word_1_149' title='bbox 858 1733 973 1790; x_wconf 86' lang='lat' dir='ltr'>actione</span> <span class='ocrx_word' id='word_1_150' title='bbox 992 1733 1190 1805; x_wconf 80' lang='lat' dir='ltr'>amplexatus,</span> <span class='ocrx_word' id='word_1_151' title='bbox 1209 1730 1372 1803; x_wconf 81' lang='lat' dir='ltr'>patienter</span> <span class='ocrx_word' id='word_1_152' title='bbox 1389 1741 1444 1782; x_wconf 86' lang='lat' dir='ltr'>sus·</span> 
     </span>
     <span class='ocr_line' id='line_1_17' title="bbox 294 1816 1504 1900; baseline -0.007 -22"><span class='ocrx_word' id='word_1_153' title='bbox 294 1821 389 1892; x_wconf 87' lang='lat' dir='ltr'>tinuit,</span> <span class='ocrx_word' id='word_1_154' title='bbox 402 1821 569 1894; x_wconf 88' lang='lat' dir='ltr'>letatusque</span> <span class='ocrx_word' id='word_1_155' title='bbox 581 1828 628 1878; x_wconf 90' lang='lat' dir='ltr'>est</span> <span class='ocrx_word' id='word_1_156' title='bbox 641 1820 672 1876; x_wconf 92' lang='lat' dir='ltr'>in</span> <span class='ocrx_word' id='word_1_157' title='bbox 685 1819 752 1889; x_wconf 86' lang='lat' dir='ltr'>hiis,</span> <span class='ocrx_word' id='word_1_158' title='bbox 766 1820 841 1877; x_wconf 90' lang='lat' dir='ltr'>sicut</span> <span class='ocrx_word' id='word_1_159' title='bbox 859 1819 909 1894; x_wconf 90' lang='lat' dir='ltr'>qui</span> <span class='ocrx_word' id='word_1_160' title='bbox 928 1819 1043 1876; x_wconf 89' lang='lat' dir='ltr'>inuenit</span> <span class='ocrx_word' id='word_1_161' title='bbox 1061 1819 1157 1892; x_wconf 90' lang='lat' dir='ltr'>spolia</span> <span class='ocrx_word' id='word_1_162' title='bbox 1176 1819 1285 1875; x_wconf 89' lang='lat' dir='ltr'>multa.</span> <span class='ocrx_word' id='word_1_163' title='bbox 1328 1816 1366 1872; x_wconf 86' lang='lat' dir='ltr'>Et</span> <span class='ocrx_word' id='word_1_164' title='bbox 1385 1819 1445 1884; x_wconf 78' lang='lat' dir='ltr'>post</span> <span class='ocrx_word' id='word_1_165' title='bbox 1503 1823 1504 1900; x_wconf 47' lang='lat' dir='ltr'>p</span> 
     </span>
     <span class='ocr_line' id='line_1_18' title="bbox 294 1902 1443 1982; baseline -0.007 -17"><span class='ocrx_word' id='word_1_166' title='bbox 294 1909 447 1982; x_wconf 89' lang='lat' dir='ltr'>paululum</span> <span class='ocrx_word' id='word_1_167' title='bbox 460 1906 685 1971; x_wconf 76' lang='lat' dir='ltr'>concalescens,</span> <span class='ocrx_word' id='word_1_168' title='bbox 696 1907 826 1964; x_wconf 86' lang='lat' dir='ltr'>leuiatan</span> <span class='ocrx_word' id='word_1_169' title='bbox 839 1907 909 1980; x_wconf 89' lang='lat' dir='ltr'>igne</span> <span class='ocrx_word' id='word_1_170' title='bbox 921 1908 1050 1981; x_wconf 91' lang='lat' dir='ltr'>quodam</span> <span class='ocrx_word' id='word_1_171' title='bbox 1064 1905 1204 1963; x_wconf 89' lang='lat' dir='ltr'>inuisibili</span> <span class='ocrx_word' id='word_1_172' title='bbox 1214 1916 1258 1972; x_wconf 88' lang='lat' dir='ltr'>et,</span> <span class='ocrx_word' id='word_1_173' title='bbox 1268 1914 1302 1962; x_wconf 88' lang='lat' dir='ltr'>vt</span> <span class='ocrx_word' id='word_1_174' title='bbox 1312 1902 1443 1964; x_wconf 85' lang='lat' dir='ltr'>creditur,</span> 
     </span>
     <span class='ocr_line' id='line_1_19' title="bbox 295 1989 1444 2068; baseline -0.005 -16"><span class='ocrx_word' id='word_1_175' title='bbox 295 1995 433 2053; x_wconf 80' lang='lat' dir='ltr'>infernali</span> <span class='ocrx_word' id='word_1_176' title='bbox 442 2011 563 2052; x_wconf 86' lang='lat' dir='ltr'>carnem</span> <span class='ocrx_word' id='word_1_177' title='bbox 573 1995 639 2052; x_wconf 89' lang='lat' dir='ltr'>eius</span> <span class='ocrx_word' id='word_1_178' title='bbox 651 1994 856 2064; x_wconf 87' lang='lat' dir='ltr'>inflammauit,</span> <span class='ocrx_word' id='word_1_179' title='bbox 864 2005 896 2052; x_wconf 92' lang='lat' dir='ltr'>vt</span> <span class='ocrx_word' id='word_1_180' title='bbox 908 2012 1000 2068; x_wconf 90' lang='lat' dir='ltr'>supra</span> <span class='ocrx_word' id='word_1_181' title='bbox 1009 2011 1130 2052; x_wconf 87' lang='lat' dir='ltr'>omnem</span> <span class='ocrx_word' id='word_1_182' title='bbox 1141 1995 1314 2050; x_wconf 89' lang='lat' dir='ltr'>humanum</span> <span class='ocrx_word' id='word_1_183' title='bbox 1329 1989 1444 2046; x_wconf 82' lang='lat' dir='ltr'>modum</span> 
     </span>
     <span class='ocr_line' id='line_1_20' title="bbox 295 2075 1504 2151; baseline -0.005 -11"><span class='ocrx_word' id='word_1_184' title='bbox 295 2083 417 2141; x_wconf 88' lang='lat' dir='ltr'>flamme</span> <span class='ocrx_word' id='word_1_185' title='bbox 437 2083 613 2140; x_wconf 85' lang='lat' dir='ltr'>insanientis</span> <span class='ocrx_word' id='word_1_186' title='bbox 631 2082 770 2140; x_wconf 90' lang='lat' dir='ltr'>incendio</span> <span class='ocrx_word' id='word_1_187' title='bbox 788 2101 822 2140; x_wconf 89' lang='lat' dir='ltr'>se</span> <span class='ocrx_word' id='word_1_188' title='bbox 841 2083 968 2140; x_wconf 87' lang='lat' dir='ltr'>cremari</span> <span class='ocrx_word' id='word_1_189' title='bbox 987 2083 1107 2151; x_wconf 90' lang='lat' dir='ltr'>diceret,</span> <span class='ocrx_word' id='word_1_190' title='bbox 1126 2093 1157 2140; x_wconf 89' lang='lat' dir='ltr'>et</span> <span class='ocrx_word' id='word_1_191' title='bbox 1174 2081 1260 2138; x_wconf 88' lang='lat' dir='ltr'>velut</span> <span class='ocrx_word' id='word_1_192' title='bbox 1281 2081 1314 2136; x_wconf 88' lang='lat' dir='ltr'>in</span> <span class='ocrx_word' id='word_1_193' title='bbox 1335 2075 1439 2136; x_wconf 64' lang='lat' dir='ltr'>anulo</span> <span class='ocrx_word' id='word_1_194' title='bbox 1503 2081 1504 2134; x_wconf 63' lang='grc' dir='ltr'><em>ἕ</em></span> 
     </span>
     <span class='ocr_line' id='line_1_21' title="bbox 251 2165 1440 2239; baseline -0.007 -7"><span class='ocrx_word' id='word_1_195' title='bbox 251 2195 283 2232; x_wconf 82' lang='lat' dir='ltr'>ao</span> <span class='ocrx_word' id='word_1_196' title='bbox 296 2182 325 2228; x_wconf 88' lang='lat' dir='ltr'>et</span> <span class='ocrx_word' id='word_1_197' title='bbox 349 2171 481 2228; x_wconf 90' lang='lat' dir='ltr'>cinerem</span> <span class='ocrx_word' id='word_1_198' title='bbox 506 2187 578 2228; x_wconf 86' lang='lat' dir='ltr'>mox</span> <span class='ocrx_word' id='word_1_199' title='bbox 603 2171 802 2229; x_wconf 88' lang='lat' dir='ltr'>resoluendus</span> <span class='ocrx_word' id='word_1_200' title='bbox 827 2173 1014 2229; x_wconf 87' lang='lat' dir='ltr'>sacerdotem</span> <span class='ocrx_word' id='word_1_201' title='bbox 1033 2179 1161 2239; x_wconf 87' lang='lat' dir='ltr'>vocaret,</span> <span class='ocrx_word' id='word_1_202' title='bbox 1179 2179 1210 2226; x_wconf 90' lang='lat' dir='ltr'>et</span> <span class='ocrx_word' id='word_1_203' title='bbox 1226 2170 1369 2226; x_wconf 84' lang='lat' dir='ltr'>animam</span> <span class='ocrx_word' id='word_1_204' title='bbox 1391 2165 1440 2218; x_wconf 72' lang='lat' dir='ltr'>deo</span> 
     </span>
     <span class='ocr_line' id='line_1_22' title="bbox 296 2249 1504 2332; baseline -0.008 -15"><span class='ocrx_word' id='word_1_205' title='bbox 296 2261 529 2318; x_wconf 82' lang='lat' dir='ltr'>commendaret.</span> <span class='ocrx_word' id='word_1_206' title='bbox 566 2258 638 2316; x_wconf 90' lang='lat' dir='ltr'>Post</span> <span class='ocrx_word' id='word_1_207' title='bbox 650 2259 762 2332; x_wconf 84' lang='lat' dir='ltr'>aliquot</span> <span class='ocrx_word' id='word_1_208' title='bbox 773 2269 874 2316; x_wconf 87' lang='lat' dir='ltr'>tamen</span> <span class='ocrx_word' id='word_1_209' title='bbox 888 2261 977 2316; x_wconf 89' lang='lat' dir='ltr'>horas</span> <span class='ocrx_word' id='word_1_210' title='bbox 995 2259 1153 2317; x_wconf 90' lang='lat' dir='ltr'>inuisibilis</span> <span class='ocrx_word' id='word_1_211' title='bbox 1169 2257 1311 2314; x_wconf 79' lang='lat' dir='ltr'>carnifex</span> <span class='ocrx_word' id='word_1_212' title='bbox 1325 2249 1439 2312; x_wconf 85' lang='lat' dir='ltr'>mutauit</span> <span class='ocrx_word' id='word_1_213' title='bbox 1503 2271 1504 2276; x_wconf 48' lang='lat'>¹</span> 
     </span>
     <span class='ocr_line' id='line_1_23' title="bbox 295 2340 1438 2420; baseline -0.01 -15"><span class='ocrx_word' id='word_1_214' title='bbox 295 2357 488 2416; x_wconf 90' lang='lat' dir='ltr'>tormentum,</span> <span class='ocrx_word' id='word_1_215' title='bbox 508 2347 561 2404; x_wconf 88' lang='lat' dir='ltr'>sed</span> <span class='ocrx_word' id='word_1_216' title='bbox 575 2347 620 2404; x_wconf 89' lang='lat' dir='ltr'>vir</span> <span class='ocrx_word' id='word_1_217' title='bbox 632 2348 680 2404; x_wconf 92' lang='lat' dir='ltr'>dei</span> <span class='ocrx_word' id='word_1_218' title='bbox 700 2347 873 2420; x_wconf 88' lang='lat' dir='ltr'>patientiam</span> <span class='ocrx_word' id='word_1_219' title='bbox 893 2365 952 2404; x_wconf 93' lang='lat' dir='ltr'>non</span> <span class='ocrx_word' id='word_1_220' title='bbox 972 2348 1116 2404; x_wconf 87' lang='lat' dir='ltr'>mutauit:</span> <span class='ocrx_word' id='word_1_221' title='bbox 1137 2345 1242 2404; x_wconf 88' lang='lat' dir='ltr'>Subito</span> <span class='ocrx_word' id='word_1_222' title='bbox 1265 2345 1359 2408; x_wconf 89' lang='lat' dir='ltr'>enim,</span> <span class='ocrx_word' id='word_1_223' title='bbox 1372 2340 1438 2396; x_wconf 86' lang='lat' dir='ltr'>sicut</span> 
     </span>
     <span class='ocr_line' id='line_1_24' title="bbox 295 2428 1436 2508; baseline -0.007 -16"><span class='ocrx_word' id='word_1_224' title='bbox 295 2437 468 2504; x_wconf 88' lang='lat' dir='ltr'>aduenerat,</span> <span class='ocrx_word' id='word_1_225' title='bbox 483 2434 757 2508; x_wconf 70' lang='lat' dir='ltr'>[flammaPablata</span> <span class='ocrx_word' id='word_1_226' title='bbox 776 2443 831 2504; x_wconf 85' lang='lat' dir='ltr'>est,</span> <span class='ocrx_word' id='word_1_227' title='bbox 849 2447 879 2493; x_wconf 89' lang='lat' dir='ltr'>et</span> <span class='ocrx_word' id='word_1_228' title='bbox 898 2435 1054 2493; x_wconf 83' lang='lat' dir='ltr'>confestim</span> <span class='ocrx_word' id='word_1_229' title='bbox 1071 2451 1090 2492; x_wconf 86' lang='lat' dir='ltr'>a</span> <span class='ocrx_word' id='word_1_230' title='bbox 1108 2435 1236 2508; x_wconf 86' lang='lat' dir='ltr'>quodam</span> <span class='ocrx_word' id='word_1_231' title='bbox 1256 2428 1436 2506; x_wconf 82' lang='lat' dir='ltr'>gelidissimo</span> 
     </span>
     <span class='ocr_line' id='line_1_25' title="bbox 297 2514 1434 2597; baseline -0.011 -17"><span class='ocrx_word' id='word_1_232' title='bbox 297 2523 408 2596; x_wconf 79' lang='lat' dir='ltr'>frigore</span> <span class='ocrx_word' id='word_1_233' title='bbox 421 2524 657 2596; x_wconf 89' lang='lat' dir='ltr'>comprehensus</span> <span class='ocrx_word' id='word_1_234' title='bbox 670 2533 751 2580; x_wconf 90' lang='lat' dir='ltr'>totus</span> <span class='ocrx_word' id='word_1_235' title='bbox 768 2523 918 2597; x_wconf 82' lang='lat' dir='ltr'>rigescere</span> <span class='ocrx_word' id='word_1_236' title='bbox 931 2533 960 2581; x_wconf 91' lang='lat' dir='ltr'>et</span> <span class='ocrx_word' id='word_1_237' title='bbox 973 2524 1184 2596; x_wconf 84' lang='lat' dir='ltr'>congelescere</span> <span class='ocrx_word' id='word_1_238' title='bbox 1201 2523 1295 2594; x_wconf 88' lang='lat' dir='ltr'>cepit,</span> <span class='ocrx_word' id='word_1_239' title='bbox 1309 2529 1339 2578; x_wconf 88' lang='lat' dir='ltr'>et</span> <span class='ocrx_word' id='word_1_240' title='bbox 1358 2514 1434 2574; x_wconf 87' lang='lat' dir='ltr'>buius</span> 
     </span>
     <span class='ocr_line' id='line_1_26' title="bbox 252 2609 1436 2684; baseline -0.003 -16"><span class='ocrx_word' id='word_1_241' title='bbox 252 2631 282 2682; x_wconf 78' lang='lat'>²⁵</span> <span class='ocrx_word' id='word_1_242' title='bbox 297 2611 370 2668; x_wconf 88' lang='lat' dir='ltr'>hore</span> <span class='ocrx_word' id='word_1_243' title='bbox 383 2613 497 2668; x_wconf 86' lang='lat' dir='ltr'>exitum</span> <span class='ocrx_word' id='word_1_244' title='bbox 510 2628 578 2669; x_wconf 90' lang='lat' dir='ltr'>cum</span> <span class='ocrx_word' id='word_1_245' title='bbox 591 2612 734 2684; x_wconf 86' lang='lat' dir='ltr'>patientia</span> <span class='ocrx_word' id='word_1_246' title='bbox 746 2611 914 2684; x_wconf 86' lang='lat' dir='ltr'>prestolari.</span> <span class='ocrx_word' id='word_1_247' title='bbox 946 2611 981 2667; x_wconf 89' lang='lat' dir='ltr'>ln</span> <span class='ocrx_word' id='word_1_248' title='bbox 995 2611 1049 2667; x_wconf 89' lang='lat' dir='ltr'>hac</span> <span class='ocrx_word' id='word_1_249' title='bbox 1062 2609 1280 2684; x_wconf 88' lang='lat' dir='ltr'>suppliciorum</span> <span class='ocrx_word' id='word_1_250' title='bbox 1294 2611 1436 2682; x_wconf 72' lang='lat' dir='ltr'>parmuli-</span> 
     </span>
     <span class='ocr_line' id='line_1_27' title="bbox 296 2688 1434 2772; baseline 0 -18"><span class='ocrx_word' id='word_1_251' title='bbox 296 2699 378 2755; x_wconf 91' lang='lat' dir='ltr'>tione</span> <span class='ocrx_word' id='word_1_252' title='bbox 391 2715 461 2755; x_wconf 86' lang='lat' dir='ltr'>caro</span> <span class='ocrx_word' id='word_1_253' title='bbox 473 2698 503 2754; x_wconf 92' lang='lat' dir='ltr'>in</span> <span class='ocrx_word' id='word_1_254' title='bbox 517 2715 625 2756; x_wconf 86' lang='lat' dir='ltr'>manus</span> <span class='ocrx_word' id='word_1_255' title='bbox 638 2699 720 2772; x_wconf 91' lang='lat' dir='ltr'>impii</span> <span class='ocrx_word' id='word_1_256' title='bbox 733 2700 801 2755; x_wconf 85' lang='lat' dir='ltr'>data</span> <span class='ocrx_word' id='word_1_257' title='bbox 812 2717 831 2754; x_wconf 89' lang='lat' dir='ltr'>a</span> <span class='ocrx_word' id='word_1_258' title='bbox 844 2716 932 2756; x_wconf 87' lang='lat' dir='ltr'>mane</span> <span class='ocrx_word' id='word_1_259' title='bbox 945 2717 1040 2771; x_wconf 89' lang='lat' dir='ltr'>vsque</span> <span class='ocrx_word' id='word_1_260' title='bbox 1052 2700 1089 2754; x_wconf 87' lang='lat' dir='ltr'>ad</span> <span class='ocrx_word' id='word_1_261' title='bbox 1102 2713 1261 2770; x_wconf 89' lang='lat' dir='ltr'>vesperam</span> <span class='ocrx_word' id='word_1_262' title='bbox 1277 2688 1434 2754; x_wconf 70' lang='lat' dir='ltr'>desudarit.</span> 
     </span>
    </p>
   </div>
   <div class='ocr_carea' id='block_1_3' title="bbox 253 2783 1502 4261">
    <p class='ocr_par' dir='ltr' id='par_1_3' title="bbox 297 2783 1434 3035">
     <span class='ocr_line' id='line_1_28' title="bbox 297 2783 1434 2858; baseline -0.004 -16"><span class='ocrx_word' id='word_1_263' title='bbox 297 2787 447 2858; x_wconf 88' lang='lat' dir='ltr'>quandam</span> <span class='ocrx_word' id='word_1_264' title='bbox 461 2785 550 2842; x_wconf 87' lang='lat' dir='ltr'>futun’</span> <span class='ocrx_word' id='word_1_265' title='bbox 563 2785 662 2842; x_wconf 93' lang='lat' dir='ltr'>iudicii</span> <span class='ocrx_word' id='word_1_266' title='bbox 675 2788 751 2842; x_wconf 93' lang='lat' dir='ltr'>dans</span> <span class='ocrx_word' id='word_1_267' title='bbox 764 2786 965 2844; x_wconf 85' lang='lat' dir='ltr'>metuentibus</span> <span class='ocrx_word' id='word_1_268' title='bbox 973 2788 1063 2842; x_wconf 88' lang='lat' dir='ltr'>deum</span> <span class='ocrx_word' id='word_1_269' title='bbox 1074 2784 1334 2858; x_wconf 86' lang='lat' dir='ltr'>significationem,</span> <span class='ocrx_word' id='word_1_270' title='bbox 1343 2783 1371 2838; x_wconf 91' lang='lat' dir='ltr'>in</span> <span class='ocrx_word' id='word_1_271' title='bbox 1384 2793 1434 2850; x_wconf 76' lang='lat' dir='ltr'>quo</span> 
     </span>
     <span class='ocr_line' id='line_1_29' title="bbox 297 2859 1432 2946; baseline -0.01 -17"><span class='ocrx_word' id='word_1_272' title='bbox 297 2875 334 2930; x_wconf 89' lang='lat' dir='ltr'>ab</span> <span class='ocrx_word' id='word_1_273' title='bbox 353 2873 438 2946; x_wconf 86' lang='lat' dir='ltr'>aquis</span> <span class='ocrx_word' id='word_1_274' title='bbox 461 2872 581 2930; x_wconf 82' lang='lat' dir='ltr'>nimiis⁸</span> <span class='ocrx_word' id='word_1_275' title='bbox 599 2875 742 2930; x_wconf 88' lang='lat' dir='ltr'>transitur</span> <span class='ocrx_word' id='word_1_276' title='bbox 760 2873 792 2929; x_wconf 90' lang='lat' dir='ltr'>in</span> <span class='ocrx_word' id='word_1_277' title='bbox 811 2873 941 2931; x_wconf 85' lang='lat' dir='ltr'>calorem</span> <span class='ocrx_word' id='word_1_278' title='bbox 959 2873 1094 2931; x_wconf 92' lang='lat' dir='ltr'>nimium.</span> <span class='ocrx_word' id='word_1_279' title='bbox 1178 2859 1327 2945; x_wconf 88' lang='lat' dir='ltr'>Cumque</span> <span class='ocrx_word' id='word_1_280' title='bbox 1344 2869 1432 2924; x_wconf 90' lang='lat' dir='ltr'>illuce-</span> 
     </span>
     <span class='ocr_line' id='line_1_30' title="bbox 298 2949 1431 3035; baseline -0.004 -15"><span class='ocrx_word' id='word_1_281' title='bbox 298 2971 395 3020; x_wconf 90' lang='lat' dir='ltr'>sceret</span> <span class='ocrx_word' id='word_1_282' title='bbox 408 2960 558 3034; x_wconf 89' lang='lat' dir='ltr'>paschalis</span> <span class='ocrx_word' id='word_1_283' title='bbox 570 2961 789 3035; x_wconf 86' lang='lat' dir='ltr'>solempnitatis</span> <span class='ocrx_word' id='word_1_284' title='bbox 808 2979 868 3018; x_wconf 83' lang='lat' dir='ltr'>nox</span> <span class='ocrx_word' id='word_1_285' title='bbox 888 2979 982 3030; x_wconf 85' lang='lat' dir='ltr'>sacra,</span> <span class='ocrx_word' id='word_1_286' title='bbox 995 2961 1167 3017; x_wconf 90' lang='lat' dir='ltr'>immundus</span> <span class='ocrx_word' id='word_1_287' title='bbox 1179 2959 1307 3032; x_wconf 88' lang='lat' dir='ltr'>spiritus</span> <span class='ocrx_word' id='word_1_288' title='bbox 1319 2958 1380 3015; x_wconf 86' lang='lat' dir='ltr'>viro</span> <span class='ocrx_word' id='word_1_289' title='bbox 1391 2949 1431 3007; x_wconf 75' lang='lat' dir='ltr'>dei</span> 
     </span>
    </p>

    <p class='ocr_par' dir='ltr' id='par_1_4' title="bbox 253 3039 1431 3472">
     <span class='ocr_line' id='line_1_31' title="bbox 253 3039 1430 3122; baseline -0.012 -11"><span class='ocrx_word' id='word_1_290' title='bbox 253 3071 285 3122; x_wconf 69' lang='lat' dir='ltr'>ao</span> <span class='ocrx_word' id='word_1_291' title='bbox 298 3065 459 3122; x_wconf 85' lang='lat' dir='ltr'>sompnum</span> <span class='ocrx_word' id='word_1_292' title='bbox 478 3048 613 3118; x_wconf 89' lang='lat' dir='ltr'>incussit,</span> <span class='ocrx_word' id='word_1_293' title='bbox 626 3058 656 3105; x_wconf 90' lang='lat' dir='ltr'>et</span> <span class='ocrx_word' id='word_1_294' title='bbox 675 3067 731 3122; x_wconf 90' lang='lat' dir='ltr'>per</span> <span class='ocrx_word' id='word_1_295' title='bbox 748 3049 922 3122; x_wconf 90' lang='lat' dir='ltr'>sompnium</span> <span class='ocrx_word' id='word_1_296' title='bbox 939 3050 977 3106; x_wconf 89' lang='lat' dir='ltr'>de</span> <span class='ocrx_word' id='word_1_297' title='bbox 992 3047 1090 3104; x_wconf 83' lang='lat' dir='ltr'>carnis</span> <span class='ocrx_word' id='word_1_298' title='bbox 1108 3047 1222 3103; x_wconf 90' lang='lat' dir='ltr'>lubn&#39;co</span> <span class='ocrx_word' id='word_1_299' title='bbox 1239 3039 1430 3118; x_wconf 84' lang='lat' dir='ltr'>triumphauit·</span> 
     </span>
     <span class='ocr_line' id='line_1_32' title="bbox 300 3131 1428 3210; baseline -0.007 -17"><span class='ocrx_word' id='word_1_300' title='bbox 300 3137 389 3193; x_wconf 87' lang='lat' dir='ltr'>Mane</span> <span class='ocrx_word' id='word_1_301' title='bbox 413 3137 499 3204; x_wconf 90' lang='lat' dir='ltr'>facto,</span> <span class='ocrx_word' id='word_1_302' title='bbox 524 3135 605 3191; x_wconf 90' lang='lat' dir='ltr'>omni</span> <span class='ocrx_word' id='word_1_303' title='bbox 630 3137 757 3193; x_wconf 86' lang='lat' dir='ltr'>ecclesia</span> <span class='ocrx_word' id='word_1_304' title='bbox 782 3146 973 3210; x_wconf 85' lang='lat' dir='ltr'>congregata,</span> <span class='ocrx_word' id='word_1_305' title='bbox 995 3137 1033 3192; x_wconf 91' lang='lat' dir='ltr'>de</span> <span class='ocrx_word' id='word_1_306' title='bbox 1057 3135 1131 3192; x_wconf 89' lang='lat' dir='ltr'>cella</span> <span class='ocrx_word' id='word_1_307' title='bbox 1152 3151 1206 3190; x_wconf 87' lang='lat' dir='ltr'>sua</span> <span class='ocrx_word' id='word_1_308' title='bbox 1225 3135 1264 3191; x_wconf 86' lang='lat' dir='ltr'>ad</span> <span class='ocrx_word' id='word_1_309' title='bbox 1290 3131 1428 3208; x_wconf 85' lang='lat' dir='ltr'>publicum</span> 
     </span>
     <span class='ocr_line' id='line_1_33' title="bbox 297 3223 1430 3298; baseline -0.007 -18"><span class='ocrx_word' id='word_1_310' title='bbox 297 3227 454 3298; x_wconf 89' lang='lat' dir='ltr'>processit,</span> <span class='ocrx_word' id='word_1_311' title='bbox 467 3223 667 3297; x_wconf 89' lang='lat' dir='ltr'>aperiensque</span> <span class='ocrx_word' id='word_1_312' title='bbox 680 3241 814 3282; x_wconf 89' lang='lat' dir='ltr'>ossuum</span> <span class='ocrx_word' id='word_1_313' title='bbox 826 3224 938 3281; x_wconf 87' lang='lat' dir='ltr'>dimisit</span> <span class='ocrx_word' id='word_1_314' title='bbox 955 3225 1115 3280; x_wconf 85' lang='lat' dir='ltr'>aduersum</span> <span class='ocrx_word' id='word_1_315' title='bbox 1129 3239 1162 3279; x_wconf 90' lang='lat' dir='ltr'>se</span> <span class='ocrx_word' id='word_1_316' title='bbox 1176 3223 1329 3295; x_wconf 87' lang='lat' dir='ltr'>eloquium</span> <span class='ocrx_word' id='word_1_317' title='bbox 1347 3231 1430 3276; x_wconf 84' lang='lat' dir='ltr'>suum·</span> 
     </span>
     <span class='ocr_line' id='line_1_34' title="bbox 298 3302 1431 3382; baseline -0.007 -14"><span class='ocrx_word' id='word_1_318' title='bbox 298 3311 375 3381; x_wconf 87' lang='lat' dir='ltr'>‘Sic,</span> <span class='ocrx_word' id='word_1_319' title='bbox 387 3311 436 3380; x_wconf 87' lang='lat' dir='ltr'>ait,</span> <span class='ocrx_word' id='word_1_320' title='bbox 449 3312 559 3368; x_wconf 89' lang='lat' dir='ltr'>misero</span> <span class='ocrx_word' id='word_1_321' title='bbox 573 3311 640 3368; x_wconf 89' lang='lat' dir='ltr'>huic</span> <span class='ocrx_word' id='word_1_322' title='bbox 654 3311 776 3382; x_wconf 84' lang='lat' dir='ltr'>wirico,</span> <span class='ocrx_word' id='word_1_323' title='bbox 787 3314 829 3368; x_wconf 93' lang='lat' dir='ltr'>sic</span> <span class='ocrx_word' id='word_1_324' title='bbox 843 3314 898 3370; x_wconf 87' lang='lat' dir='ltr'>hac</span> <span class='ocrx_word' id='word_1_325' title='bbox 911 3311 1113 3369; x_wconf 89' lang='lat' dir='ltr'>sacratissima</span> <span class='ocrx_word' id='word_1_326' title='bbox 1126 3319 1213 3367; x_wconf 90' lang='lat' dir='ltr'>nocte</span> <span class='ocrx_word' id='word_1_327' title='bbox 1225 3309 1355 3382; x_wconf 84' lang='lat' dir='ltr'>peccatis</span> <span class='ocrx_word' id='word_1_328' title='bbox 1367 3302 1431 3362; x_wconf 82' lang='lat' dir='ltr'>meis</span> 
     </span>
     <span class='ocr_line' id='line_1_35' title="bbox 298 3398 1430 3472; baseline 0 -16"><span class='ocrx_word' id='word_1_329' title='bbox 298 3398 487 3472; x_wconf 87' lang='lat' dir='ltr'>exigentibus</span> <span class='ocrx_word' id='word_1_330' title='bbox 499 3399 613 3466; x_wconf 89' lang='lat' dir='ltr'>accidit,</span> <span class='ocrx_word' id='word_1_331' title='bbox 626 3399 668 3456; x_wconf 89' lang='lat' dir='ltr'>sic</span> <span class='ocrx_word' id='word_1_332' title='bbox 682 3398 819 3456; x_wconf 88' lang='lat' dir='ltr'>inimicus</span> <span class='ocrx_word' id='word_1_333' title='bbox 832 3417 918 3456; x_wconf 87' lang='lat' dir='ltr'>meus</span> <span class='ocrx_word' id='word_1_334' title='bbox 931 3401 1003 3456; x_wconf 90' lang='lat' dir='ltr'>mihi</span> <span class='ocrx_word' id='word_1_335' title='bbox 1023 3399 1131 3456; x_wconf 89' lang='lat' dir='ltr'>infelici</span> <span class='ocrx_word' id='word_1_336' title='bbox 1148 3399 1248 3454; x_wconf 88' lang='lat' dir='ltr'>illusit.</span> <span class='ocrx_word' id='word_1_337' title='bbox 1286 3399 1430 3456; x_wconf 62' lang='lat' dir='ltr'>Peccatum</span> 
     </span>
    </p>

    <p class='ocr_par' dir='ltr' id='par_1_5' title="bbox 254 3481 1502 3910">
     <span class='ocr_line' id='line_1_36' title="bbox 254 3481 1429 3558; baseline -0.006 -15"><span class='ocrx_word' id='word_1_338' title='bbox 254 3505 284 3558; x_wconf 74' lang='lat'>35</span> <span class='ocrx_word' id='word_1_339' title='bbox 299 3503 400 3543; x_wconf 88' lang='lat' dir='ltr'>meum</span> <span class='ocrx_word' id='word_1_340' title='bbox 422 3488 480 3544; x_wconf 89' lang='lat' dir='ltr'>deo</span> <span class='ocrx_word' id='word_1_341' title='bbox 500 3497 530 3543; x_wconf 88' lang='lat' dir='ltr'>et</span> <span class='ocrx_word' id='word_1_342' title='bbox 548 3486 633 3544; x_wconf 87' lang='lat' dir='ltr'>vobis</span> <span class='ocrx_word' id='word_1_343' title='bbox 655 3488 809 3558; x_wconf 89' lang='lat' dir='ltr'>confiteor,</span> <span class='ocrx_word' id='word_1_344' title='bbox 828 3488 947 3545; x_wconf 88' lang='lat' dir='ltr'>veniam</span> <span class='ocrx_word' id='word_1_345' title='bbox 968 3505 985 3544; x_wconf 86' lang='lat' dir='ltr'>a</span> <span class='ocrx_word' id='word_1_346' title='bbox 1005 3489 1063 3544; x_wconf 90' lang='lat' dir='ltr'>deo</span> <span class='ocrx_word' id='word_1_347' title='bbox 1081 3487 1168 3544; x_wconf 91' lang='lat' dir='ltr'>vobis</span> <span class='ocrx_word' id='word_1_348' title='bbox 1189 3481 1429 3544; x_wconf 84' lang='lat' dir='ltr'>intercedentibus</span> 
     </span>
     <span class='ocr_line' id='line_1_37' title="bbox 298 3572 1428 3647; baseline -0.003 -17"><span class='ocrx_word' id='word_1_349' title='bbox 298 3575 454 3646; x_wconf 90' lang='lat' dir='ltr'>deprecor,</span> <span class='ocrx_word' id='word_1_350' title='bbox 479 3575 517 3629; x_wconf 89' lang='lat' dir='ltr'>de</span> <span class='ocrx_word' id='word_1_351' title='bbox 542 3572 648 3629; x_wconf 88' lang='lat' dir='ltr'>iniuria</span> <span class='ocrx_word' id='word_1_352' title='bbox 673 3574 728 3630; x_wconf 87' lang='lat' dir='ltr'>hac</span> <span class='ocrx_word' id='word_1_353' title='bbox 753 3591 853 3630; x_wconf 90' lang='lat' dir='ltr'>coram</span> <span class='ocrx_word' id='word_1_354' title='bbox 879 3576 935 3631; x_wconf 89' lang='lat' dir='ltr'>deo</span> <span class='ocrx_word' id='word_1_355' title='bbox 959 3583 990 3631; x_wconf 88' lang='lat' dir='ltr'>et</span> <span class='ocrx_word' id='word_1_356' title='bbox 1010 3575 1096 3631; x_wconf 88' lang='lat' dir='ltr'>vobis</span> <span class='ocrx_word' id='word_1_357' title='bbox 1118 3591 1295 3647; x_wconf 90' lang='lat' dir='ltr'>conqueror,</span> <span class='ocrx_word' id='word_1_358' title='bbox 1314 3589 1369 3647; x_wconf 89' lang='lat' dir='ltr'>qua</span> <span class='ocrx_word' id='word_1_359' title='bbox 1387 3581 1428 3622; x_wconf 75' lang='lat' dir='ltr'>me</span> 
     </span>
     <span class='ocr_line' id='line_1_38' title="bbox 299 3652 1427 3734; baseline -0.004 -16"><span class='ocrx_word' id='word_1_360' title='bbox 299 3661 437 3720; x_wconf 90' lang='lat' dir='ltr'>inimicus</span> <span class='ocrx_word' id='word_1_361' title='bbox 447 3677 534 3717; x_wconf 87' lang='lat' dir='ltr'>meus</span> <span class='ocrx_word' id='word_1_362' title='bbox 547 3660 577 3716; x_wconf 92' lang='lat' dir='ltr'>in</span> <span class='ocrx_word' id='word_1_363' title='bbox 586 3669 647 3716; x_wconf 88' lang='lat' dir='ltr'>tam</span> <span class='ocrx_word' id='word_1_364' title='bbox 658 3662 825 3719; x_wconf 85' lang='lat' dir='ltr'>reuerenda</span> <span class='ocrx_word' id='word_1_365' title='bbox 837 3661 1204 3719; x_wconf 87' lang='lat' dir='ltr'>festiuitatedehonestare</span> <span class='ocrx_word' id='word_1_366' title='bbox 1217 3679 1279 3717; x_wconf 92' lang='lat' dir='ltr'>non</span> <span class='ocrx_word' id='word_1_367' title='bbox 1291 3652 1427 3734; x_wconf 78' lang='lat' dir='ltr'>pepemit&#39;</span> 
     </span>
     <span class='ocr_line' id='line_1_39' title="bbox 301 3729 1502 3822; baseline -0.01 -16"><span class='ocrx_word' id='word_1_368' title='bbox 301 3749 345 3806; x_wconf 85' lang='lat' dir='ltr'>Ita</span> <span class='ocrx_word' id='word_1_369' title='bbox 376 3747 550 3805; x_wconf 89' lang='lat' dir='ltr'>humilitatis</span> <span class='ocrx_word' id='word_1_370' title='bbox 581 3749 729 3805; x_wconf 82' lang='lat' dir='ltr'>sectator¹</span> <span class='ocrx_word' id='word_1_371' title='bbox 755 3749 847 3820; x_wconf 75' lang='lat' dir='ltr'>fortia,</span> <span class='ocrx_word' id='word_1_372' title='bbox 874 3767 935 3806; x_wconf 88' lang='lat' dir='ltr'>non</span> <span class='ocrx_word' id='word_1_373' title='bbox 962 3765 1092 3821; x_wconf 88' lang='lat' dir='ltr'>parcens</span> <span class='ocrx_word' id='word_1_374' title='bbox 1122 3749 1311 3821; x_wconf 84' lang='lat' dir='ltr'>aliquatenus</span> <span class='ocrx_word' id='word_1_375' title='bbox 1339 3736 1430 3822; x_wconf 87' lang='lat' dir='ltr'>pudori</span> <span class='ocrx_word' id='word_1_376' title='bbox 1501 3729 1502 3747; x_wconf 59' lang='lat'>¹</span> 
     </span>
     <span class='ocr_line' id='line_1_40' title="bbox 299 3828 1428 3910; baseline -0.009 -16"><span class='ocrx_word' id='word_1_377' title='bbox 299 3854 364 3907; x_wconf 89' lang='lat' dir='ltr'>suo,</span> <span class='ocrx_word' id='word_1_378' title='bbox 383 3853 443 3892; x_wconf 89' lang='lat' dir='ltr'>non</span> <span class='ocrx_word' id='word_1_379' title='bbox 463 3834 623 3891; x_wconf 87' lang='lat' dir='ltr'>astantium</span> <span class='ocrx_word' id='word_1_380' title='bbox 642 3837 823 3906; x_wconf 89' lang='lat' dir='ltr'>ven&#39;cundie,</span> <span class='ocrx_word' id='word_1_381' title='bbox 843 3854 903 3892; x_wconf 91' lang='lat' dir='ltr'>non</span> <span class='ocrx_word' id='word_1_382' title='bbox 923 3837 1054 3910; x_wconf 88' lang='lat' dir='ltr'>denique</span> <span class='ocrx_word' id='word_1_383' title='bbox 1078 3835 1258 3893; x_wconf 87' lang='lat' dir='ltr'>estimationi</span> <span class='ocrx_word' id='word_1_384' title='bbox 1283 3828 1428 3894; x_wconf 82' lang='lat' dir='ltr'>sanctitatis</span> 
     </span>
    </p>

    <p class='ocr_par' dir='ltr' id='par_1_6' title="bbox 254 3923 1501 4261">
     <span class='ocr_line' id='line_1_41' title="bbox 254 3923 1429 3999; baseline -0.002 -17"><span class='ocrx_word' id='word_1_385' title='bbox 254 3945 287 3998; x_wconf 87' lang='lat'>40</span> <span class='ocrx_word' id='word_1_386' title='bbox 301 3943 360 3999; x_wconf 89' lang='lat' dir='ltr'>que</span> <span class='ocrx_word' id='word_1_387' title='bbox 379 3925 417 3980; x_wconf 91' lang='lat' dir='ltr'>de</span> <span class='ocrx_word' id='word_1_388' title='bbox 436 3940 472 3978; x_wconf 92' lang='lat' dir='ltr'>eo</span> <span class='ocrx_word' id='word_1_389' title='bbox 491 3923 580 3996; x_wconf 88' lang='lat' dir='ltr'>longe</span> <span class='ocrx_word' id='word_1_390' title='bbox 598 3923 715 3995; x_wconf 86' lang='lat' dir='ltr'>lateque</span> <span class='ocrx_word' id='word_1_391' title='bbox 734 3924 873 3996; x_wconf 89' lang='lat' dir='ltr'>spirabat.</span> <span class='ocrx_word' id='word_1_392' title='bbox 921 3923 989 3982; x_wconf 91' lang='lat' dir='ltr'>Hiis</span> <span class='ocrx_word' id='word_1_393' title='bbox 1008 3923 1095 3980; x_wconf 91' lang='lat' dir='ltr'>dictis</span> <span class='ocrx_word' id='word_1_394' title='bbox 1113 3923 1144 3979; x_wconf 90' lang='lat' dir='ltr'>in</span> <span class='ocrx_word' id='word_1_395' title='bbox 1163 3923 1271 3981; x_wconf 86' lang='lat' dir='ltr'>cellam</span> <span class='ocrx_word' id='word_1_396' title='bbox 1291 3933 1429 3996; x_wconf 67' lang='lat' dir='ltr'>regrffissst</span> 
     </span>
     <span class='ocr_line' id='line_1_42' title="bbox 300 3999 1429 4084; baseline 0 -14"><span class='ocrx_word' id='word_1_397' title='bbox 300 4021 356 4070; x_wconf 89' lang='lat' dir='ltr'>est.</span> <span class='ocrx_word' id='word_1_398' title='bbox 393 3999 453 4067; x_wconf 91' lang='lat' dir='ltr'>Vir</span> <span class='ocrx_word' id='word_1_399' title='bbox 472 4027 601 4082; x_wconf 89' lang='lat' dir='ltr'>namque</span> <span class='ocrx_word' id='word_1_400' title='bbox 620 4011 669 4066; x_wconf 89' lang='lat' dir='ltr'>dei</span> <span class='ocrx_word' id='word_1_401' title='bbox 690 4011 801 4084; x_wconf 88' lang='lat' dir='ltr'>frigore</span> <span class='ocrx_word' id='word_1_402' title='bbox 824 4011 1051 4068; x_wconf 86' lang='lat' dir='ltr'>habundantiori</span> <span class='ocrx_word' id='word_1_403' title='bbox 1071 4011 1249 4084; x_wconf 89' lang='lat' dir='ltr'>plerumque</span> <span class='ocrx_word' id='word_1_404' title='bbox 1269 4007 1429 4084; x_wconf 69' lang='lat' dir='ltr'>rigescebab</span> 
     </span>
     <span class='ocr_line' id='line_1_43' title="bbox 300 4095 1427 4172; baseline 0 -16"><span class='ocrx_word' id='word_1_405' title='bbox 300 4101 375 4156; x_wconf 88' lang='lat' dir='ltr'>adeo</span> <span class='ocrx_word' id='word_1_406' title='bbox 388 4107 419 4156; x_wconf 90' lang='lat' dir='ltr'>vt</span> <span class='ocrx_word' id='word_1_407' title='bbox 438 4097 663 4170; x_wconf 89' lang='lat' dir='ltr'>homoquidam</span> <span class='ocrx_word' id='word_1_408' title='bbox 681 4099 718 4155; x_wconf 90' lang='lat' dir='ltr'>de</span> <span class='ocrx_word' id='word_1_409' title='bbox 735 4099 845 4155; x_wconf 88' lang='lat' dir='ltr'>finibus</span> <span class='ocrx_word' id='word_1_410' title='bbox 864 4098 1015 4156; x_wconf 89' lang='lat' dir='ltr'>Bristollie</span> <span class='ocrx_word' id='word_1_411' title='bbox 1033 4115 1089 4172; x_wconf 90' lang='lat' dir='ltr'>per</span> <span class='ocrx_word' id='word_1_412' title='bbox 1100 4097 1247 4155; x_wconf 86' lang='lat' dir='ltr'>visionem</span> <span class='ocrx_word' id='word_1_413' title='bbox 1264 4095 1427 4156; x_wconf 73' lang='lat' dir='ltr'>admonitus.</span> 
     </span>
     <span class='ocr_line' id='line_1_44' title="bbox 300 4185 1501 4261; baseline -0.001 -16"><span class='ocrx_word' id='word_1_414' title='bbox 300 4185 484 4261; x_wconf 87' lang='lat' dir='ltr'>opertorium</span> <span class='ocrx_word' id='word_1_415' title='bbox 505 4201 617 4241; x_wconf 90' lang='lat' dir='ltr'>nouum</span> <span class='ocrx_word' id='word_1_416' title='bbox 642 4186 680 4242; x_wconf 90' lang='lat' dir='ltr'>de</span> <span class='ocrx_word' id='word_1_417' title='bbox 701 4185 833 4260; x_wconf 89' lang='lat' dir='ltr'>vulpinis</span> <span class='ocrx_word' id='word_1_418' title='bbox 858 4185 996 4258; x_wconf 86' lang='lat' dir='ltr'>pellibus,</span> <span class='ocrx_word' id='word_1_419' title='bbox 1017 4202 1076 4259; x_wconf 91' lang='lat' dir='ltr'>quo</span> <span class='ocrx_word' id='word_1_420' title='bbox 1101 4203 1134 4242; x_wconf 91' lang='lat' dir='ltr'>se</span> <span class='ocrx_word' id='word_1_421' title='bbox 1159 4195 1328 4259; x_wconf 89' lang='lat' dir='ltr'>operuerat,</span> <span class='ocrx_word' id='word_1_422' title='bbox 1348 4194 1428 4241; x_wconf 77' lang='lat' dir='ltr'>trans·</span> <span class='ocrx_word' id='word_1_423' title='bbox 1500 4213 1501 4244; x_wconf 76' lang='lat' dir='ltr'>l</span> 
     </span>
    </p>
   </div>
   <div class='ocr_carea' id='block_1_4' title="bbox 409 4356 1348 4422">
    <p class='ocr_par' dir='ltr' id='par_1_7' title="bbox 409 4247 1501 4422">
     <span class='ocr_line' id='line_1_45' title="bbox 409 4356 1348 4422; baseline 0.004 -13"><span class='ocrx_word' id='word_1_424' title='bbox 409 4357 537 4409; x_wconf 71' lang='lat' dir='ltr'>&#39;Elina</span> <span class='ocrx_word' id='word_1_425' title='bbox 602 4356 680 4409; x_wconf 78' lang='lat' dir='ltr'>’om</span> <span class='ocrx_word' id='word_1_426' title='bbox 746 4358 1049 4422; x_wconf 79' lang='lat' dir='ltr'>⁸E.niuis;T.nimiis</span> <span class='ocrx_word' id='word_1_427' title='bbox 1115 4357 1174 4409; x_wconf 73' lang='lat'>⁴13.</span> <span class='ocrx_word' id='word_1_428' title='bbox 1185 4365 1348 4410; x_wconf 85' lang='lat' dir='ltr'>sectatorum.</span> 
     </span>
    </p>
   </div>
   <div class='ocr_carea' id='block_1_5' title="bbox 0 0 1530 4896">
    <p class='ocr_par' dir='ltr' id='par_1_8' title="bbox 0 0 1530 4896">
     <span class='ocr_line' id='line_1_46' title="bbox 0 0 1530 4896; baseline 0 5"><span class='ocrx_word' id='word_1_429' title='bbox 0 0 1530 4896; x_wconf 95' lang='lat' dir='ltr'> </span> 
     </span>
    </p>
   </div>
  </div>
 </body>
</html>
