3036 4878
92 232 169 284 us-
184 233 276 284 nau·
289 234 317 284 Β.
332 247 355 283 2·
368 233 403 300 r]
437 215 679 306 utunsletie
705 215 764 306 Q
789 215 988 313 butbluti.
1212 241 1281 314 723

99 419 249 474 colenda
269 428 322 488 est,
346 421 383 476 ad
408 421 520 476 laudem
540 430 567 476 et
592 421 710 491 gloriam
734 422 806 480 illius
828 424 874 495 qui
894 423 921 478 in
946 423 1050 479 sanctis
1069 421 1127 478 suis
1146 421 1282 478 mirabilis

101 514 139 558 et
161 504 313 572 gloriosus
335 515 396 560 est:
419 504 463 559 cui
482 505 517 561 sit
536 506 626 561 honor
643 517 671 562 et
688 507 846 576 graciarum
862 507 946 577 actio,
958 507 987 562 in
1006 508 1100 564 secula
1116 509 1282 564 seculorum.
1297 517 1307 531 ·

104 589 228 641 Amen.

117 724 190 850 IN
195 735 255 782 stat
268 727 349 782 nobis
362 725 508 782 cuiusdam
521 727 645 782 miraculi
659 738 797 798 oportuna
807 729 926 793 relacio:
940 730 1008 785 illud
1021 730 1105 800 enim,
1119 741 1146 787 et
1159 731 1280 802 quedam

200 809 270 876 alia,
294 809 356 864 sine
379 820 447 865 nota
470 809 574 866 inuidie
597 828 654 866 non
679 828 792 881 possem
817 811 993 868 dissimulare
1018 813 1142 869 silencio.
1192 817 1309 880 Beate5

112 892 331 949 recordationis
345 893 469 962 lngulsus
483 893 608 948 eiusdem
621 894 781 949 monasterii
796 895 886 950 abbas
895 893 912 964 ¹,
925 906 999 950 totus
1012 896 1131 952 orationi
1148 908 1177 952 et
1190 896 1281 952 medi·

115 976 227 1032 tationi
253 994 354 1032 uacare
379 977 549 1046 decreuerat,
574 977 676 1050 vnique
704 979 739 1034 de
761 979 893 1034 fratribus
916 979 973 1034 suis
998 998 1094 1035 curam
1120 981 1221 1036 domus
1253 981 1281 1034 in

116 1060 319 1128 exterioribus,
333 1071 418 1132 atque
426 1062 636 1132 peregrinorum
645 1072 673 1117 et
681 1079 834 1133 pauperum
848 1063 1081 1118 sustentationem
1094 1063 1281 1118 commiserat.

120 1146 217 1198 Porro
230 1143 272 1200 sic
285 1144 313 1198 in
326 1145 412 1198 domo
425 1144 472 1199 illa
488 1144 648 1201 deiecerunt
662 1145 795 1201 uictualia
807 1147 902 1200 omnia
915 1164 970 1202 vna
983 1146 1038 1212 die,
1051 1156 1081 1202 ut
1094 1164 1150 1201 non
1163 1149 1279 1202 baberet

120 1229 172 1284 ille
185 1226 365 1298 dispensator
381 1227 418 1283 ad
434 1246 549 1284 manum
565 1228 634 1300 quid
652 1231 696 1284 uel
716 1229 884 1300 pauperibus
903 1239 999 1301 posset
1018 1232 1062 1285 uel
1080 1230 1137 1285 suis
1148 1229 1281 1286 iratribus
1298 1249 1328 1285 10

123 1329 253 1380 erogare.
297 1311 363 1367 Loci
384 1321 479 1368 autem
499 1311 573 1368 illius
593 1313 711 1383 paludes
731 1313 770 1368 ita
790 1314 890 1384 sn'gore
910 1311 1020 1384 glaciali
1045 1312 1120 1383 rigor
1144 1313 1281 1384 hyemalis

124 1394 306 1462 astrinxerat,
319 1404 349 1450 ut
357 1394 424 1449 nulli
438 1394 553 1466 nauigio
565 1397 643 1451 locus
656 1405 739 1463 esset,
749 1414 918 1468 omnemque
930 1397 1091 1452 facultatem
1105 1397 1280 1467 ingrediendi

124 1479 174 1534 uel
187 1477 349 1546 egrediendi
363 1478 461 1548 insula,
475 1496 579 1549 uorago
592 1479 724 1549 palustris
738 1480 766 1534 in
781 1481 927 1551 superficie
940 1483 1087 1551 congelata
1099 1483 1282 1551 precluderet.

127 1563 297 1618 Procurator
313 1561 415 1632 itaque,
428 1572 534 1632 quanta
552 1572 580 1616 et
599 1579 683 1633 quarn
703 1563 817 1633 inopina
836 1564 952 1633 penuria
970 1565 1129 1619 laborarent
1148 1564 1282 1620 indicauit
1311 1627 1315 1632 .

127 1644 243 1700 abbati:
270 1645 317 1716 qui
336 1645 412 1699 omni
432 1643 592 1700 diffidencia
610 1646 744 1715 relegata,
762 1645 914 1716 cogitatum
932 1664 1020 1702 suum
1034 1646 1146 1702 iactauit
1166 1649 1194 1701 in
1216 1664 1282 1703 eum
1298 1663 1328 1713 15

128 1729 178 1800 qui
198 1729 294 1784 celesti
318 1746 392 1799 pane
416 1729 493 1799 pauit
513 1729 648 1798 populum
669 1729 755 1784 lsrael
776 1729 804 1784 in
829 1730 949 1784 deserto.
996 1731 1162 1798 ‘Confidite,
1186 1731 1283 1801 inquit,

128 1814 246 1880 iratres3
273 1829 329 1866 non
352 1811 427 1867 enim
446 1811 619 1882 derelinquet
637 1811 767 1867 dominus
786 1825 930 1883 sperantes
952 1813 1040 1868 inse.
1085 1815 1149 1884 lpse
1171 1812 1282 1884 estqui

130 1896 217 1950 dicit:
238 1895 347 1950 ‘Petite
361 1904 389 1950 et
401 1893 561 1965 accipietis‚'
574 1906 602 1950 et
615 1894 765 1966 ‘quicquid
778 1895 918 1966 pecieritis
926 1905 1034 1965 patrem
1044 1897 1071 1950 in
1083 1896 1196 1951 nomine
1208 1912 1282 1962 meo,

132 1981 181 2034 fiet
190 1979 304 2036 uobis’:
324 1977 384 2049 ipse
394 1977 552 2033 necessaria
559 1978 738 2033 ministrabit.
764 1981 831 2036 Non
840 1989 882 2034 est
895 1997 1011 2048 regnum
1023 1980 1068 2034 dei
1077 1996 1142 2034 esca
1152 1989 1180 2034 et
1189 1987 1282 2049 potus,

132 2063 184 2118 sed
196 2061 289 2133 gracia
301 2072 330 2117 et
349 2079 403 2132 pax
416 2061 444 2115 in
460 2061 559 2131 spiritu
575 2073 692 2130 sancto;
711 2080 763 2117 nec
778 2080 831 2119 nos
849 2062 917 2134 quid
934 2062 1136 2116 manducemus
1153 2072 1202 2116 aut
1215 2061 1281 2132 quid
1298 2074 1329 2110 20

132 2145 270 2213 bibamus,
293 2143 417 2216 cogitare
439 2154 554 2215 oportet.
599 2145 658 2200 Scit
677 2145 752 2199 enim
774 2156 854 2216 pater
877 2155 973 2200 noster
994 2145 1059 2214 quia
1078 2143 1131 2200 hiis
1151 2145 1283 2200 omnibus

133 2229 298 2298 indigemus
346 2228 468 2283 Primum
488 2239 581 2284 autern
602 2228 777 2299 querendum
796 2239 840 2284 est
856 2246 973 2298 regnum
991 2229 1045 2296 dei,
1067 2239 1096 2283 et
1116 2230 1168 2284 hee
1188 2229 1283 2284 omnia

135 2313 289 2368 adicientur
310 2312 409 2367 nobis!
456 2312 600 2366 Profectus
621 2311 714 2382 itaque
735 2313 763 2365 in
783 2311 932 2367 ecclesiam
956 2313 994 2366 ad
1019 2311 1183 2367 memoriam
1206 2313 1282 2366 beati

136 2395 272 2463 Guthlaci‚
294 2395 332 2450 ibi
354 2395 494 2452 ‘animam
516 2412 597 2451 suam
616 2396 695 2466 quasi
714 2414 818 2466 aquam
838 2396 867 2451 in
887 2394 1014 2452 oratione
1032 2397 1150 2452 deuotus
1170 2396 1283 2462 effudit,’

135 2479 262 2535 iratribus
275 2477 359 2534 etiam
374 2479 432 2534 suis
447 2479 576 2549 precibus
593 2479 736 2534 humiliter
751 2478 954 2536 insistentibus.
991 2481 1137 2551 Completa
1149 2480 1283 2548 oratione,
1299 2493 1328 2546 ²5

136 2563 250 2618 surrexit
279 2573 364 2632 atque
390 2561 565 2617 sermonibus
589 2563 782 2619 consolatoriis
812 2565 928 2619 fratrum
958 2564 1114 2622 mesticiam
1143 2563 1285 2619 releuauit.

137 2645 261 2716 Expletis
285 2657 380 2718 autern
403 2655 487 2701 nocte
511 2646 558 2700 illa
578 2645 709 2700 laudibus
729 2645 882 2714 matutinis,
905 2665 968 2702 cum
993 2649 1086 2702 adhuc
1111 2647 1139 2700 in
1164 2643 1285 2702 oratorio

137 2730 284 2800 psallentes
303 2739 331 2784 et
349 2739 462 2784 orantes
478 2728 531 2783 deo
550 2745 669 2798 pensum
688 2729 782 2785 debite
801 2730 943 2784 seruitutis
961 2731 1100 2796 offerrent,
1119 2729 1211 2799 angeli
1231 2746 1285 2783 uox

137 2819 174 2872 ab
185 2819 239 2872 alto
251 2817 348 2872 audita
359 2827 402 2872 est
420 2816 449 2871 in
467 2817 537 2872 celle
553 2817 675 2870 confinio
692 2817 907 2886 proclamantis:
929 2817 1056 2884 ‘Venite
1070 2817 1175 2872 deserte
1188 2833 1284 2870 mona-

136 2900 196 2956 chis
208 2899 308 2970 cibum,
321 2910 416 2971 parate
432 2899 563 2955 iratribus
580 2899 617 2953 ad
634 2899 822 2954 uescendum!
862 2899 927 2954 Hiis
945 2899 1056 2966 auditis,
1069 2899 1158 2954 abbas
1175 2899 1205 2954 in
1220 2917 1282 2954 eam
1298 2909 1331 2960 30

138 2993 242 3056 partem
266 3001 322 3054 qua
346 3001 401 3038 uox
430 2983 526 3038 audita
556 2983 654 3050 luerat,
678 2982 842 3037 celerarium
873 2983 1065 3054 quosdamque
1095 2983 1166 3038 alios
1190 2981 1284 3037 mittit.

141 3068 270 3138 Quidum
284 3083 334 3137 per
345 3068 470 3122 locorum
491 3066 670 3136 asperitatem
683 3066 748 3121 illuc
766 3066 889 3134 ueniunt,
903 3067 974 3122 duos
987 3082 1084 3122 saccos
1097 3067 1243 3132 frumento,
1256 3077 1285 3120 et

140 3152 208 3206 duos
225 3150 314 3205 farina
337 3151 437 3220 plenos
459 3150 611 3204 inueniunt.
658 3150 841 3206 Admirantur
861 3150 906 3204 dei
926 3148 1145 3206 misericordiam
1164 3162 1191 3204 et
1209 3148 1284 3204 beati

142 3233 266 3290 Guthlaci
294 3233 466 3304 suffragium,
491 3234 588 3305 suique
613 3233 725 3288 abbatis
750 3233 851 3288 merita
874 3243 1036 3302 pensantes,
1062 3250 1119 3288 uon
1144 3231 1284 3288 sufficiunt

140 3327 243 3374 tantum
267 3334 366 3388 capere
390 3317 533 3388 gaudium,
557 3334 610 3372 nec
635 3317 765 3372 dubitant
789 3319 904 3386 angelos
927 3317 1049 3372 affuisse
1100 3315 1190 3387 Rigor
1209 3315 1284 3372 enim
1298 3333 1329 3384 35

141 3401 275 3470 temporis,
298 3411 326 3456 et
348 3399 564 3456 incommoditas
584 3400 647 3468 loci,
669 3401 776 3456 nullum
797 3399 920 3456 hominis
940 3400 1109 3457 admittebat
1131 3417 1285 3457 accessum.

144 3484 243 3554 Quinta
256 3485 325 3540 seria
341 3495 400 3540 erat
415 3483 528 3555 quando
544 3501 641 3540 seruos
656 3501 723 3540 suos
739 3483 868 3540 dominus
884 3483 923 3540 ita
940 3485 1090 3555 magnifice
1109 3495 1137 3540 et
1156 3483 1286 3540 munifice

142 3567 266 3624 uisitauit.
303 3568 385 3622 Vnde
401 3579 429 3623 et
450 3567 576 3638 lngulfus
593 3568 683 3622 abbas
702 3567 820 3623 instituit
839 3579 870 3624 ut
888 3568 925 3622 ad
943 3569 1079 3624 honorem
1097 3568 1142 3624 dei
1162 3579 1188 3624 et
1210 3565 1284 3623 beati

144 3651 265 3708 Guthlaci
278 3651 395 3722 singulis
408 3650 571 3722 septimanis
585 3651 683 3723 quinta
691 3652 761 3707 feria
769 3651 867 3708 ceteris
880 3652 980 3708 diebus
993 3651 1127 3708 celebrior
1138 3651 1284 3706 habeatur.

203 3803 323 3858 Rocessu
346 3801 479 3874 temporis
505 3803 693 3858 Huliketellus
718 3801 825 3857 abbas¹
849 3819 945 3856 curam
970 3801 1098 3858 eiusdem
1122 3802 1284 3857 monasterii
1298 3821 1330 3871 40

234 3896 388 3958 acceperat,
402 3887 449 3957 qui
462 3885 561 3941 uidens
574 3886 648 3957 quod
661 3885 780 3940 orationi
793 3896 821 3940 et
834 3885 945 3940 lectioni
963 3902 1014 3956 pro
1032 3896 1097 3940 uoto
1116 3903 1168 3939 suo
1184 3903 1285 3940 uacare

144 3988 196 4026 non
213 3969 503 4040 posset-exercitium
521 3970 596 4024 enim
619 3967 770 4040 spiritualis
789 3967 898 4038 milicie,
917 3979 945 4023 et
966 3967 1090 4039 quietem
1111 3971 1284 4041 contempla·

146 4053 230 4120 tionis,
239 4053 356 4109 exterior
368 4071 459 4108 rerum
472 4051 678 4108 administratio
688 4051 1005 4107 molestabat-cuidam
1014 4051 1154 4123 prediuiti,
1163 4053 1286 4109 Assordo

146 4137 256 4203 nomine,
275 4135 373 4208 predia
390 4133 508 4191 ecclesie
527 4138 579 4190 sub
595 4153 689 4191 annua
707 4135 843 4208 pensione
861 4136 985 4190 tenenda
1004 4134 1153 4190 commisit.
1192 4137 1284 4191 Huius

176 4261 184 4290 ¹
200 4261 309 4328 Ingnllus
320 4277 372 4313 aas
383 4262 461 4312 abbot
474 4258 629 4328 1076-1109.
733 4259 743 4289 ¹
761 4260 934 4313 Hullketellns
944 4277 995 4314 was
1006 4261 1085 4314 ubbot
1099 4272 1251 4328 losa-1075.

683 4379 698 4436 3
717 4377 739 4419 x
757 4379 773 4420 2
