3054 4904
299 331 370 383 roo
608 308 740 395 mli&
765 303 955 408 [mmm
979 305 1131 409 fliifflit.

331 531 401 604 [his
414 531 480 587 Tib.
493 532 587 588 adds:
786 506 948 563 Na'mff·

330 617 402 700 (Vir
426 627 647 698 sanctissimus)
668 627 789 684 nornine
813 627 953 701 Equicius
974 646 1043 685 cum
1065 629 1095 684 in
1120 627 1284 696 iuiuentute
1305 644 1360 684 sua
1381 627 1446 684 acri

293 715 472 772 certiamine
495 715 595 772 carnis
620 715 759 788 fatigatus
784 733 801 772 a
828 717 897 786 (deo
921 715 1071 772 continuis
1095 717 1247 788 precilbus
1274 715 1447 771 remedium

293 813 444 876 quereret,
465 813 552 859 nocte
575 805 715 876 (quadam
737 805 911 872 assistente)
933 803 1040 875 angelo
1064 803 1227 860 eunuchari
1252 819 1285 859 se
1307 803 1382 858 uidit
1404 805 1446 872 (et

293 907 415 948 ornnem
440 899 554 946 motum
579 893 630 960 ex)
655 891 834 964 genitalibus
858 890 1001 947 membris
1026 890 1146 947 abscidi
1192 890 1304 964 (Atque
1329 907 1370 945 ex
1395 891 1446 959 eol

264 1002 277 1050 5
294 989 431 1050 tempore
449 979 489 1034 ita
507 979 624 1034 alienus
639 979 736 1034 extitit
752 995 770 1034 a
788 978 998 1051 (temptacione
1014 995 1049 1034 ac
1068 978 1106 1048 si)
1120 995 1227 1034 sexum
1240 995 1300 1033 nou
1318 977 1447 1034 haberet

293 1067 324 1121 in
343 1084 479 1140 corpore.
524 1053 680 1142 (Quadam
700 1065 750 1122 die
771 1066 1016 1134 sanctimonialis)
1035 1066 1164 1138 quedam
1186 1073 1283 1120 ortum
1305 1064 1448 1137 ingressa

293 1163 323 1210 et
349 1154 506 1221 lactuicam
531 1153 730 1226 conspiciens,
748 1153 940 1226 concupliuit
959 1171 1089 1227 eamque
1111 1153 1198 1226 signo
1219 1151 1318 1208 crucis
1339 1153 1448 1221 heinc-

293 1241 394 1298 dicere
406 1241 518 1310 oblita),
526 1240 614 1296 auide
628 1241 798 1308 momordit,
809 1249 838 1296 et
850 1250 982 1314 arrepita
993 1259 1011 1297 a
1024 1241 1142 1296 diabolo
1155 1240 1311 1313 prolrsus¹
1327 1240 1447 1296 cecidit

295 1328 367 1385 Mox
391 1330 474 1385 enim
499 1338 531 1384 ut
558 1339 657 1400 parter
683 1327 826 1401 Equicius
855 1331 984 1402 portam)
1010 1329 1184 1384 monasterii
1208 1336 1255 1384 est
1278 1328 1448 1400 ingressus,

247 1441 279 1476 ιο
293 1415 445 1486 di(abolus
464 1434 503 1472 ex
523 1415 589 1472 eius
611 1433 664 1472 ore
681 1415 842 1484 clamaluit‚
858 1415 978 1472 dicens:
999 1415 1083 1489 ‘Ego
1103 1415 1175 1490 quid
1197 1415 1273 1472 leci?
1298 1416 1448 1472 sedebam

294 1505 400 1576 (super
434 1504 598 1560 lactucam:
631 1502 726 1572 uelnit
756 1504 806 1560 illa
834 1513 864 1561 et
891 1504 1050 1560 momordit
1084 1505 1150 1560 me!
1198 1502 1264 1574 (Cui
1289 1503 1376 1575 graui
1403 1505 1447 1559 in·

293 1589 494 1662 dignalcione,
513 1599 545 1647 ut
563 1591 723 1648 abcederet
742 1591 789 1648 uir
806 1591 855 1647 dei
876 1593 1021 1664 (precepit
1039 1601 1070 1648 et
1088 1592 1185 1648 locum
1203 1591 1245 1659 in)
1263 1591 1313 1648 dei
1332 1589 1449 1648 famula

292 1678 371 1734 ultra
385 1695 445 1734 non
461 1679 605 1750 haiberet.
642 1677 730 1748 Quod
743 1679 784 1734 ita
796 1678 917 1748 lactum)
931 1689 979 1736 est
986 1677 1018 1751 ³.]

455 1880 480 1940 ti
502 1867 557 1936 Dr
576 1895 692 1936 snrrcro
713 1865 820 1936 Kssro
838 1895 981 1936 serscoro
1000 1895 1038 1935 ετ
1056 1879 1278 1936 consessores&

347 1999 466 2057 Anctus
485 2000 567 2056 enirn
589 1999 702 2057 Kebius
720 2001 759 2056 de
778 2009 869 2073 gente
888 1999 1140 2057 Cornubiensium
1161 1999 1257 2056 extitit
1275 2000 1445 2069 oriundus;

248 2121 277 2168 ¹5
383 2093 469 2156 pater
481 2084 555 2150 eius,
569 2083 713 2140 Salomon
733 2082 863 2152 nomine,
879 2083 1020 2155 princeps
1039 2083 1147 2139 milicie
1166 2083 1227 2139 luit.
1264 2082 1341 2139 Cum
1361 2085 1446 2141 enim

292 2181 414 2228 sanctus
428 2167 544 2228 Kebius
562 2181 680 2243 septem
694 2180 777 2228 esset
790 2187 947 2238 annorum,
960 2171 1066 2227 litteris
1084 2172 1218 2236 traditus,
1230 2171 1335 2242 viginti
1354 2175 1447 2230 annis

292 2259 321 2313 in
345 2258 468 2331 regione
486 2275 541 2314 sua
559 2259 731 2314 liberalibus
750 2258 916 2331 disciplinis
938 2258 1057 2315 deditus
1078 2258 1140 2314 suit
1177 2257 1318 2315 Transito
1340 2268 1447 2317 autem

292 2346 376 2414 mari,
403 2347 484 2418 apud
511 2345 670 2402 Hillarium
695 2344 922 2418 pimanensem*
946 2347 1120 2419 episcopum
1146 2362 1203 2417 per
1225 2345 1447 2420 quinquaginta

290 2449 388 2490 annos
413 2449 548 2503 manens,
573 2451 661 2491 cecos
694 2432 880 2502 illuminauit‚
907 2433 1044 2505 leprosos
1074 2433 1238 2502 mundauit‚
1263 2435 1447 2506 paraliticos,

246 2542 277 2576 zo
291 2529 399 2589 mutos,
429 2528 459 2577 et
489 2522 681 2577 demoniacos
713 2523 839 2576 sanauit.
877 2519 914 2576 Et
938 2522 1033 2593 gradu
1063 2520 1227 2594 episcopali
1250 2521 1289 2577 ab
1316 2521 1447 2580 Hillario

290 2617 423 2680 accepto,
445 2607 617 2664 admonitus
639 2617 685 2664 est
706 2609 743 2664 ab
763 2608 872 2680 angelo
890 2607 920 2664 in
940 2625 1025 2664 suam
1044 2607 1172 2681 patriam
1191 2625 1336 2666 remeare.
1375 2611 1447 2680 Quo

291 2712 359 2751 cum
391 2694 588 2767 peruenisset,
620 2705 741 2769 rogatus
772 2705 819 2752 est
842 2705 874 2752 vt
899 2695 967 2768 ipse
989 2697 1106 2752 veniret
1137 2713 1263 2768 regnum
1288 2696 1446 2756 Cornubie

291 2791 503 2854 suscepturus:
531 2792 709 2854 potestatem
734 2793 836 2839 tamen
861 2783 954 2839 seculi
980 2782 1133 2855 presentis
1159 2783 1281 2839 omnino
1303 2787 1446 2858 accipere

291 2869 397 2926 renuit.
470 2858 564 2927 Venit
583 2881 683 2928 autem
704 2879 772 2943 post
791 2871 848 2926 hec
869 2887 938 2926 curn
958 2871 1064 2927 decem
1084 2869 1239 2943 discipulis
1258 2871 1322 2928 suis
1340 2883 1372 2930 et
1391 2877 1445 2932 de-

246 2979 275 3027 25
290 2958 407 3014 scendit
418 2957 450 3013 in
463 2967 581 3030 pratum
595 2958 697 3030 regist
716 2957 851 3025 Ethelici,
864 2959 1025 3014 tentorium
1044 2975 1133 3014 suum
1146 2959 1215 3014 illuc
1227 2959 1368 3016 tendens.
1407 2961 1446 3018 Et

290 3045 370 3100 misit
382 3061 436 3101 rex
449 3045 552 3101 videre
565 3047 616 3118 qui
629 3053 734 3102 essent
752 3044 792 3101 illi
811 3045 862 3118 qui
880 3045 911 3100 in
929 3055 1049 3118 pratum
1066 3062 1154 3102 suum
1167 3047 1354 3104 descendere
1373 3067 1445 3122 pre-

289 3141 494 3204 sumpserunt.
533 3131 570 3187 Et
589 3149 730 3189 reuersus
749 3131 876 3188 nuncius
896 3132 988 3190 dixit:
1009 3133 1165 3190 ‘Monachi
1184 3136 1271 3190 sunt!
1311 3133 1349 3192 Et
1371 3153 1445 3194 con·

290 3217 389 3275 festim
403 3219 533 3276 surrexit
547 3237 601 3275 rex
615 3237 683 3276 cum
699 3219 780 3275 omni
799 3218 910 3275 familia
927 3237 990 3287 sua,
1004 3221 1168 3277 monachos
1179 3219 1288 3277 eiicere
1304 3221 1344 3279 de
1362 3233 1445 3281 terra

289 3323 352 3363 sua
391 3306 428 3362 Et
447 3308 585 3379 protinus
604 3307 709 3364 cecidit
727 3308 766 3363 de
783 3324 861 3379 equo
878 3325 934 3364 suo
951 3307 982 3363 in
999 3308 1055 3378 via,
1074 3317 1104 3364 et
1123 3317 1260 3365 mortuus
1278 3317 1325 3365 est
1343 3329 1444 3384 equus

244 3411 276 3460 30
289 3393 363 3462 eius,
381 3401 411 3450 et
429 3411 518 3450 cecus
535 3393 629 3451 factus
649 3404 697 3450 est
715 3411 770 3451 rex
789 3403 819 3450 et
837 3393 947 3451 familia
966 3395 1031 3451 eius
1049 3403 1117 3451 tota
1155 3395 1321 3453 Prostrauit
1338 3409 1442 3456 autem

289 3496 324 3534 se
349 3497 403 3535 rex
429 3480 459 3536 in
482 3481 588 3537 faciem
608 3499 694 3539 suam
715 3489 746 3538 et
767 3481 850 3538 dedit
874 3499 985 3555 corpus
1009 3491 1040 3539 et
1063 3482 1194 3539 animam
1219 3501 1305 3540 suam
1331 3485 1393 3542 deo
1414 3497 1444 3545 et

289 3576 393 3623 sancto
413 3566 511 3624 Kebio
530 3587 620 3626 seruo
642 3568 714 3626 eius
740 3569 791 3652 'Et
811 3569 911 3626 statim
933 3586 988 3641 per
1007 3570 1172 3627 orationem
1191 3569 1247 3627 viri
1265 3571 1314 3628 dei
1333 3589 1444 3632 omnes

321 3697 329 3725 ¹
347 3697 423 3746 From
434 3697 506 3747 Vinc.
521 3698 584 3749 Bell.
600 3699 687 3749 XXII.
701 3700 749 3760 613
766 3699 799 3749 cl.
813 3699 875 3762 leg.
887 3700 950 3749 Aur.
963 3716 986 3763 p.
998 3702 1055 3750 ou.
1140 3699 1151 3729 ¹
1167 3702 1200 3752 al.
1214 3703 1342 3765 protinus.

320 3763 329 3790 ¹
348 3763 446 3812 Collect
459 3765 484 3812 in
496 3764 526 3814 T.
537 3783 544 3814 ε

321 3827 417 3890 Simile
429 3846 469 3886 est
481 3853 588 3899 regnum
599 3839 714 3888 celorum
726 3853 823 3900 sagene
836 3839 914 3888 misse
927 3839 952 3886 in
965 3853 1036 3888 mere
1047 3847 1096 3890 etc

287 3904 634 4030 qupgisdcppgtlcrglipprrsetana
653 3905 786 3967 prouincia
806 3905 833 3954 in
853 3904 1013 3954 monasterio
1033 3905 1190 3956 schireburn
1214 3905 1345 3958 luthwara
1366 3911 1444 3974 uirgo

323 4027 400 4090 Deus
406 4044 448 4105 qui
456 4043 531 4091 beate
538 4043 633 4104 uirgini
642 4049 685 4090 tue
695 4041 848 4106 lu(thware)
859 4059 916 4092 cum
925 4044 1081 4106 uirginitatis
1090 4045 1170 4106 gioria
1179 4045 1285 4094 martirii
1293 4047 1442 4114 (coronam)

286 4108 431 4157 contulisti:
449 4109 563 4157 concede
575 4108 705 4170 propicius
717 4115 744 4156 ut
755 4109 941 4158 intercessione
952 4111 1018 4169 (eius
1028 4113 1065 4166 eti
1075 4111 1172 4159 auxilio
1181 4126 1197 4159 a
1206 4112 1304 4160 cunctis
1315 4127 1445 4166 exuamur

287 4173 406 4234 periculis
418 4181 444 4222 et
458 4176 526 4237 (cum
538 4175 579 4236 ea)
594 4181 683 4222 eterne
696 4173 748 4223 uite
760 4175 899 4237 participes
911 4175 966 4224 lieri
978 4191 1131 4236 mereamur,
1143 4191 1196 4238 per.

320 4237 329 4266 ⁴
348 4238 409 4288 abr.
423 4239 487 4287 lrorn
499 4240 543 4287 the
556 4245 608 4287 two
621 4240 685 4287 lives
702 4240 727 4287 in
741 4239 796 4288 MS.
810 4239 889 4302 Vesp.
902 4241 933 4290 Α.
946 4241 1018 4300 xiv,
1031 4241 1073 4291 sol.
1086 4243 1120 4290 86
1130 4242 1181 4290 and
1190 4241 1231 4291 sol.
1243 4258 1286 4305 94,
1297 4245 1386 4294 which
1399 4263 1444 4296 are

286 4303 467 4365 substantially
475 4305 520 4352 the
531 4319 610 4366 same,
624 4305 723 4366 though
735 4306 844 4366 varying
855 4307 881 4354 in
894 4306 1038 4368 language;
1056 4308 1101 4356 the
1119 4307 1214 4356 lormer
1227 4308 1249 4356 is
1262 4309 1304 4358 ed.
1317 4310 1345 4359 in
1361 4310 1443 4363 Rees.

285 4369 294 4404 i
312 4367 342 4417 E.
353 4369 536 4432 pictanensem.
635 4369 645 4398 ⁰
662 4369 692 4418 ol
700 4369 893 4433 Ethelicheaun,
908 4373 923 4420 i.
936 4387 958 4422 e.
973 4373 1114 4437 Eddlogam
1128 4373 1153 4422 in
1163 4373 1266 4425 Gwent.
