3044 4878
296 313 344 386 30
608 291 740 378 liuba
764 288 955 392 [tumltu
976 289 1130 394 staffile.

294 491 412 563 docuit3
431 491 472 548 ita
482 501 514 548 vt
526 491 556 548 in
569 493 742 567 exemplum
755 491 907 567 primitiue
923 491 1048 552 ecclesie
1066 493 1165 552 nullus
1181 493 1222 551 ibi
1239 493 1333 563 diues,
1346 495 1443 552 nullus

294 587 377 636 esset
390 597 493 652 egens,
506 581 560 636 sed
573 581 713 637 omnibus
727 579 828 636 omnia
845 591 947 638 essent
964 582 1143 650 communis,
1156 600 1225 638 curn
1242 582 1332 640 nichil
1348 583 1442 640 cuius·

295 684 385 739 quam
399 685 467 724 esse
480 667 635 741 proprium
648 668 809 725 videretur.
844 667 942 726 Tante
958 679 1058 726 autern
1075 670 1233 742 prudentie
1251 669 1315 743 ipsa
1328 681 1402 739 erat,
1413 681 1442 726 vt

296 771 357 810 non
370 754 466 811 solum
485 755 653 812 mediocres
666 755 776 829 quique
795 755 826 812 in
847 755 1073 814 necessitatibus
1092 757 1163 826 suis,
1176 757 1231 814 sed
1249 757 1339 814 etiam
1357 775 1443 831 reges

267 855 329 905 sac
349 841 499 916 principes
518 860 733 917 nonnunquam
750 845 789 900 ab
805 861 841 900 ea
857 843 1012 900 consilium
1029 855 1199 917 quererent,
1216 855 1247 902 et
1262 845 1442 904 inuenirent.
1504 895 1505 914 ,

294 928 424 986 Tantum
438 931 557 987 lectioni
570 930 739 988 diuinarum
753 931 968 1002 scripturarum
978 948 1164 989 suosvacare
1174 933 1317 1001 subditos,
1327 943 1441 990 tantum
1504 953 1505 974 r

294 1017 436 1090 operibus
452 1018 566 1076 iusticie
585 1036 618 1076 se
635 1035 779 1076 exercere
796 1017 974 1082 faciebatis
990 1017 1126 1076 facillime
1138 1019 1311 1076 viderentur
1323 1021 1442 1090 ibidem,
1504 1019 1505 1068 i

294 1107 345 1178 qui
369 1105 605 1163 ecclesiasticum
630 1107 756 1180 gradum
781 1114 851 1178 apte
876 1105 1012 1162 subirent
1042 1107 1162 1178 plurimi
1192 1124 1282 1180 posse
1309 1108 1442 1181 reperiri

295 1192 436 1266 Quinque
447 1211 520 1250 vero
533 1212 572 1251 ex
584 1193 649 1251 eius
667 1193 849 1250 monasterio
865 1193 997 1267 episcopi
1013 1193 1099 1250 electi
1116 1205 1203 1250 sunt:
1230 1194 1343 1252 scilicet
1358 1195 1442 1266 Bosa,
1504 1251 1505 1274 ζ

251 1295 282 1329 ro
296 1279 403 1349 Acca¹‚
421 1280 567 1350 Ostiorus,
588 1280 746 1351 lohannes,
765 1291 795 1338 et
813 1281 978 1350 Willridus,
998 1281 1156 1354 singularis
1175 1283 1272 1340 meriti
1290 1301 1398 1340 omnes
1414 1295 1442 1340 et
1504 1287 1505 1294 ’

295 1368 459 1424 sanctitatis
477 1367 541 1425 viri.
589 1369 658 1426 Non
679 1369 777 1426 solum
798 1368 899 1426 enirn*
920 1370 1006 1426 beata
1030 1369 1129 1438 Hilda,
1150 1387 1240 1442 quam
1263 1373 1441 1445 omnesqui
1504 1373 1505 1388 ¹

295 1464 441 1512 nouerant
454 1457 493 1512 ob
504 1455 623 1529 insigne
640 1457 759 1530 pietatis
776 1465 806 1513 et
823 1456 918 1530 gratie
936 1455 1096 1513 meritum⁸
1109 1468 1235 1514 matrem
1247 1475 1356 1515 vocare
1375 1477 1442 1515 con·

294 1553 464 1614 sueuerant,
483 1544 514 1600 in
536 1562 591 1600 suo
613 1544 794 1602 monasterio
815 1545 877 1600 vite
896 1545 1089 1617 exemplum⁴
1113 1545 1305 1617 presentibus
1329 1547 1440 1616 extitit3

294 1631 350 1688 sed
368 1631 457 1688 etiam
476 1633 610 1705 pluribus
626 1633 743 1705 longius
762 1631 959 1701 manentibus,
973 1633 1010 1688 ad
1028 1649 1104 1704 quos
1121 1631 1266 1688 industrie
1279 1650 1313 1689 ac
1326 1632 1441 1690 virtutis

249 1739 280 1790 1⁵
295 1717 360 1775 eius
379 1736 481 1776 rumor
499 1721 645 1792 peruenit,
664 1719 851 1776 occasionem
871 1719 973 1776 salutis
992 1727 1023 1776 et
1044 1719 1234 1776 correctionis
1256 1719 1441 1778 ministrauit

295 1805 460 1879 Oportebat
473 1825 603 1881 namque
616 1806 732 1881 impleri
745 1807 916 1880 sompnium
927 1807 1007 1880 quod
1020 1797 1115 1863 mate'r
1127 1807 1191 1865 eius
1205 1807 1401 1880 Breguswida
1413 1809 1441 1865 in

294 1895 417 1952 infantia
436 1895 500 1952 eius
519 1895 607 1954 vidit:
631 1895 705 1966 Que,
724 1912 793 1952 cunr
812 1893 858 1952 vir
875 1894 940 1951 eius
961 1893 1126 1952 llerericus
1145 1895 1278 1952 exularet
1297 1896 1354 1952 sub
1371 1914 1441 1969 rege

295 1981 451 2040 Britonum
464 1983 599 2054 cerdice,
616 1983 665 2041 vbi
680 1992 710 2040 et
726 2000 844 2041 veneno
860 1981 956 2056 periit,
971 1981 1043 2038 vidit
1062 1981 1137 2055 per³
1154 1981 1326 2055 sompnium
1344 1985 1440 2055 quod⁸

293 2071 378 2143 quasi
391 2071 488 2128 subito
501 2072 650 2129 sublatum
664 2089 733 2128 eum
746 2071 889 2144 quesierit
908 2088 976 2127 cum
993 2071 1075 2126 omni
1090 2070 1250 2142 diligentia,
1267 2070 1440 2143 nullumque

250 2180 280 2216 ao
294 2158 359 2215 eius
379 2159 497 2232 vspiam
516 2159 676 2233 vestigium
695 2159 874 2233 apparuerit
911 2158 1024 2215 Verum
1049 2175 1117 2214 cunr
1142 2157 1335 2216 solertissime
1360 2159 1440 2214 ilium

293 2255 442 2320 quereret,
453 2247 527 2303 vidit
539 2246 645 2320 quasi⁷
661 2265 695 2304 se
714 2247 870 2320 repperire
887 2247 943 2304 sub
955 2255 1040 2303 veste
1058 2263 1112 2303 sua
1127 2245 1238 2303 monile
1255 2245 1440 2318 preciosum

293 2335 382 2406 quod,
407 2335 478 2390 dum
504 2335 645 2391 attentius
669 2335 883 2404 consideraret,
908 2333 981 2390 tanti
1007 2334 1121 2406 fulgore
1146 2333 1266 2390 luminis
1294 2333 1440 2406 refulgere

293 2421 457 2489 videbatur,
470 2431 501 2478 vt
514 2439 620 2478 omnes
635 2421 788 2479 Britannie
805 2422 882 2480 fines
899 2421 976 2478 illius
994 2423 1089 2494 gratia
1107 2421 1278 2494 splendoris
1295 2421 1440 2494 impleret

294 2506 381 2578 Quod
406 2508 547 2565 nimirum
572 2509 743 2582 sompnium
763 2509 909 2566 veraciter
930 2509 961 2566 in
981 2509 1039 2566 lilia
1057 2509 1131 2576 eius,
1149 2509 1188 2564 de
1207 2525 1266 2581 qua
1283 2508 1440 2581 loquimur,

249 2615 279 2666 ²⁵
293 2596 446 2667 expletum
461 2605 523 2654 est:
544 2596 627 2654 cuius
640 2597 700 2654 vita
712 2614 773 2653 non
786 2597 842 2653 sibi
858 2596 1053 2666 solummodo,
1067 2597 1121 2652 sed
1135 2595 1235 2654 multis
1248 2597 1326 2653 bene
1340 2597 1440 2653 viuere

293 2683 462 2740 volentibus
475 2685 613 2757 exempla
626 2703 751 2759 operum
768 2684 842 2741 lucis
855 2683 1065 2756 prebuit—⁸
1074 2671 1157 2742 Cum
1176 2692 1276 2740 autern
1293 2695 1440 2741 monaste-

293 2769 371 2826 rium
384 2772 463 2842 apud
476 2771 699 2839 Streneshalch,
713 2771 742 2828 id
756 2781 802 2829 est
815 2771 960 2843 Whiteby
969 2773 987 2839 ⁹,
1001 2781 1175 2828 construere
1191 2770 1347 2844 inciperet,
1361 2781 1442 2828 tanta

294 2857 404 2914 ibidem
418 2859 575 2916 multitudo
588 2860 773 2932 serpentium
782 2860 811 2928 ¹⁰,
824 2867 947 2932 propter
956 2859 1133 2916 densitatem
1146 2857 1284 2931 veprium
1297 2867 1327 2916 et
1340 2859 1441 2915 solitu·

204 2947 216 2970 ⁹
293 2946 395 3003 dinem
415 2946 538 3017 heremi,
552 2946 646 3004 fertur
664 2947 764 3014 luisse,
782 2955 813 3004 vt
832 2947 883 3003 vix
900 2947 1058 3019 quisquam
1077 2945 1133 3002 illis
1151 2945 1257 3002 diebus
1275 2944 1306 3002 in
1326 2947 1440 3019 prefato

248 3057 280 3106 30
293 3033 357 3090 loco
370 3035 409 3091 ob
421 3034 567 3091 virulenta
580 3035 767 3108 serpentium
775 3034 797 3066 ¹⁰
806 3033 1023 3107 impedimenta
1035 3041 1138 3107 posset
1151 3031 1291 3090 habitare.
1322 3033 1440 3090 Horum

293 3131 407 3179 terrore
418 3121 550 3195 virgines
563 3131 666 3178 sancte
678 3123 841 3195 plurimum
854 3130 1052 3188 consternate,
1063 3129 1148 3177 extra
1161 3121 1251 3176 cellas
1264 3121 1367 3193 egredi
1381 3139 1440 3178 non

292 3209 450 3279 audebant,
471 3227 526 3267 nec
546 3210 584 3266 ad
603 3209 767 3283 quotidiani
785 3209 881 3266 victus
900 3207 1033 3265 subsidia
1050 3225 1159 3281 aquam
1181 3207 1310 3264 haurire.
1350 3207 1441 3265 Beata

292 3295 381 3369 igitur
400 3296 491 3354 Hilda
508 3315 542 3354 se
561 3297 592 3352 in
611 3306 723 3354 terram
745 3295 906 3370 prostrauit
924 3296 962 3352 ad
983 3295 1156 3363 orationem,
1179 3295 1300 3352 dicens:
1333 3295 1440 3353 ‘lhesu

292 3384 413 3441 Christe
422 3385 464 3440 fili
473 3385 521 3442 dei
531 3385 598 3455 viui,
608 3385 658 3458 qui
667 3383 818 3456 discipulis
829 3383 886 3440 tuis
896 3383 1012 3440 dixisti:
1027 3383 1218 3456 “quicunque
1228 3381 1337 3439 dixerit
1348 3383 1440 3440 monti

248 3489 278 3539 3⁵
292 3471 395 3528 tollere
405 3481 434 3528 et
450 3473 568 3530 mittere
582 3472 611 3528 in
625 3489 708 3529 mare
717 3472 745 3541 ¹¹,
758 3480 788 3528 et
806 3489 866 3528 non
883 3470 1057 3529 hesitauerit
1076 3470 1107 3527 in
1119 3471 1209 3527 corde
1226 3487 1290 3540 suo,
1304 3471 1355 3526 liet
1368 3472 1396 3528 ei
1407 3492 1414 3542 ;
1424 3471 1439 3496 '⁹

292 3567 362 3633 peto
381 3569 411 3616 te
431 3577 486 3633 per
504 3559 750 3632 omnipotentiam
770 3559 871 3616 diuine
889 3557 1053 3615 maiestatis
1071 3566 1129 3626 tue,
1145 3567 1177 3614 vt
1194 3557 1219 3615 si
1235 3559 1439 3630 acceptaueris

292 3664 348 3703 nos
361 3647 413 3704 tibi
429 3647 459 3704 in
478 3648 533 3704 hoc
551 3648 616 3704 loco
631 3647 755 3716 seruire,
768 3663 891 3704 exosam
905 3646 1125 3702 infestationem
1140 3645 1326 3718 serpentium
1336 3646 1358 3678 ¹⁰
1371 3646 1439 3702 hinc

291 3735 425 3807 digneris
435 3751 584 3804 amouere,
594 3735 756 3808 iubeasque
764 3752 817 3792 eos
826 3733 982 3791 maritimis
991 3733 1116 3807 rupibus
1126 3741 1272 3807 perpetuo
1282 3732 1439 3791 inherere:

294 3822 356 3878 Nec
372 3821 509 3895 cuiquam
523 3821 638 3878 illorum
651 3822 727 3880 vltra
741 3821 778 3879 sit
796 3822 841 3878 las
853 3838 1034 3895 quemquam
1047 3820 1148 3878 ledere
1164 3821 1264 3878 necin
1277 3821 1440 3893 perniciem

247 3929 279 3979 40
293 3910 467 3984 cuiusquam
487 3909 642 3967 hominum
660 3911 708 3967 vel
727 3911 890 3968 bestiarum
908 3908 990 3967 virus
1012 3908 1179 3980 infundere,
1198 3910 1253 3966 sed
1271 3909 1440 3983 quicunque

292 4016 345 4056 eos
370 3999 478 4055 amodo
486 3997 507 4030 ¹²
530 3997 638 4056 viderit
662 3999 710 4056 vel
740 3997 878 4055 manibus
903 3997 1111 4068 attrectauen't,
1136 4013 1197 4053 non
1225 4000 1411 4070 serpentium
1421 3997 1440 4030 ¹⁰

324 4146 333 4176 ¹
352 4147 416 4198 Bed.
429 4147 514 4207 Aetln,
526 4145 656 4195 chdov.
670 4146 773 4196 liedda.
845 4143 855 4173 ²
873 4145 937 4194 Bed.
949 4160 1019 4196 vero.
1088 4142 1099 4173 ⁸
1115 4159 1164 4192 om.
1176 4143 1203 4192 in
1217 4143 1281 4194 Bed.
1350 4143 1360 4172 ⁴
1376 4143 1439 4194 Bed.

293 4213 419 4274 exemplo.
494 4213 550 4262 ὁΕ.
563 4213 589 4260 in
601 4227 745 4274 sompnum.
818 4209 894 4261 ⁸om.
910 4210 1012 4259 inBed.
1087 4205 1321 4271 'viditqussiom
1336 4210 1361 4257 in
1375 4209 1439 4258 Bed.

294 4278 304 4305 ⁸
319 4278 374 4326 The
387 4285 449 4326 next
461 4293 476 4326 2
488 4279 544 4328 mir.
556 4294 600 4326 are
611 4277 729 4339 wanting
741 4277 767 4325 in
781 4276 870 4337 Beda;
886 4277 950 4338 they
961 4291 1006 4324 are
1018 4275 1168 4325 mentioned
1180 4276 1207 4324 in
1221 4275 1268 4324 lds.
1279 4275 1373 4324 Lensd.
1383 4277 1439 4336 43⁶·

294 4343 476 4394 '‘l'.whitebi.
543 4341 562 4374 ¹⁰
580 4343 609 4392 E.
620 4351 778 4406 serpentum.
847 4343 864 4374 ¹¹
880 4341 910 4392 T.
924 4341 1003 4402 mari,
1023 4341 1052 4390 E.
1064 4355 1141 4391 mere.
1211 4341 1229 4372 ¹¹
1247 4341 1276 4391 E.
1288 4342 1413 4392 ammodo.
