3052 4896
266 319 335 394 502
576 295 706 383 liuta
733 291 923 396 branton
949 291 1100 396 amru.
1209 312 1248 388 [ι.
1266 307 1419 360 rutar-

263 495 368 568 agitur.
406 493 536 552 Proinde
550 511 628 552 nunc
641 495 776 565 veniens,
789 495 819 552 id
832 493 885 553 tibi
903 493 1027 568 iniungo
1044 493 1215 551 obedientie
1226 495 1313 567 quod
1333 511 1421 551 sanc·

262 582 465 640 timonialibus
486 584 524 638 ad
544 600 672 656 corpora
690 592 792 640 nostra
812 585 921 640 deuote
945 583 1162 639 excubantibus
1187 581 1364 638 denuncies
1384 581 1421 635 de

265 687 314 727 me
326 678 367 739 vt,
380 687 448 726 cum
462 687 599 726 sororum
612 687 748 727 mearum
761 670 972 743 triumphalem
985 669 1111 742 gloriam
1123 669 1278 726 celebrant
1287 668 1304 738 ¹,
1318 669 1422 740 proxi·

264 773 314 814 ma
326 757 463 831 sequenti
476 757 525 814 die
537 765 568 813 et
581 757 654 814 mihi
668 757 776 830 aliquid
789 757 991 814 venerationis
1005 756 1189 829 impendant,
1203 755 1275 828 quia
1291 756 1421 810 minime

237 845 310 909 seis
330 845 451 919 expedit
467 854 498 901 vt
515 845 594 902 inter
612 861 718 902 omnes
738 843 818 918 que¹
835 844 893 901 illic
912 853 1048 917 pausant,
1068 843 1127 900 mei
1146 852 1262 899 tannim
1283 843 1422 898 nominis

266 932 433 990 reuerentia
453 932 533 988 nulla
553 931 607 988 sit'
644 931 781 1005 Cumque
799 932 849 988 illa
865 933 904 988 de
923 932 1044 988 nomine
1060 932 1126 988 eius
1143 932 1325 1004 requireret,
1338 929 1423 986 iussa

265 1029 312 1077 est
332 1037 349 1076 a
370 1019 484 1093 virgine
504 1020 633 1077 frontem
653 1020 719 1078 eius
739 1019 857 1090 intuen',
876 1028 909 1075 vt
931 1019 988 1076 hoc
1012 1017 1069 1074 sibi
1090 1036 1201 1075 nomen
1224 1017 1349 1090 [fuisse]
1376 1019 1422 1072 in·

265 1107 435 1164 dubitanter
449 1107 539 1165 sciret
557 1108 636 1180 quod
654 1107 712 1164 illic
731 1116 886 1165 exaratum
904 1106 1069 1162 inueniret!
1106 1105 1208 1162 Paruit
1227 1106 1288 1172 illa,
1303 1105 1380 1162 vidit
1393 1115 1423 1160 et

266 1190 346 1263 legit,
372 1191 569 1264 discretisque
600 1191 725 1264 syllabis
750 1189 913 1248 ‘Cordule'
944 1189 1083 1247 distincte
1112 1189 1259 1262 scriptum
1291 1189 1421 1246 inuenit
1506 1199 1507 1218 ³

224 1292 255 1330 ιο
268 1277 392 1334 Famula
410 1277 500 1349 igitur
511 1279 560 1334 dei
579 1279 616 1335 ad
636 1278 879 1335 sanctimoniales
892 1277 1025 1334 diuinum
1044 1277 1195 1333 oraculum
1209 1277 1334 1334 retulit:
1355 1295 1421 1334 cre

266 1363 380 1420 ditum⁸
393 1373 446 1435 est,
460 1382 495 1422 ac
508 1365 665 1438 deinceps⁴
677 1375 819 1423 statutum
828 1375 860 1422 vt
872 1383 941 1422 cum
954 1363 1068 1437 pridie³
1080 1372 1252 1420 sanctarum
1265 1363 1422 1438 virginum

267 1451 424 1509 celebritas
443 1453 547 1526 agitur,
561 1469 694 1525 sequens
713 1453 780 1510 dies
798 1463 900 1510 sancte
918 1452 1047 1510 Cordule
1066 1451 1205 1508 laudibus
1221 1451 1422 1524 impendatur

266 1578 274 1595 .
288 1579 295 1596 .
309 1580 315 1594 .
330 1537 453 1596 Famula
464 1539 512 1597 dei
525 1542 572 1597 cui
586 1541 641 1597 hec
654 1539 798 1597 reuelatio
811 1548 932 1596 ostensa
943 1548 998 1607 est,
1008 1549 1069 1596 tam
1081 1538 1211 1596 celebris
1218 1538 1280 1594 vite
1293 1547 1420 1611 tamque

267 1635 371 1683 sancte
390 1627 627 1684 conuersationis
645 1627 699 1684 luit
710 1637 742 1684 vt
761 1627 827 1700 ipsa
838 1643 894 1699 pro
909 1625 1077 1683 certissimo
1089 1625 1223 1683 veritatis
1242 1625 1422 1683 testimonio

225 1735 255 1787 ¹⁵
268 1713 407 1771 habenda
425 1715 483 1771 sit.
497 1755 504 1772 .
518 1732 608 1772 .nam
627 1724 696 1789 post
716 1714 906 1771 sanctissime
918 1713 978 1770 vite
996 1714 1062 1770 eius
1081 1731 1202 1770 cursum
1215 1731 1315 1786 vsque
1331 1713 1423 1769 hodie

268 1803 306 1858 ad
326 1801 473 1858 tumulum
491 1802 581 1858 eius'
598 1803 773 1875 frequenter
785 1802 919 1859 redditur
936 1800 1037 1857 lumen
1050 1801 1137 1868 cecis,
1150 1819 1276 1873 gressus
1296 1802 1422 1866 claudis,

268 1887 317 1946 et³
330 1887 440 1943 infirmi
453 1888 491 1944 ad
501 1905 589 1944 vsum
602 1889 661 1945 vite
674 1898 860 1962 reparantur,
868 1898 898 1946 et
910 1887 1026 1945 obsessi
1035 1889 1073 1944 ab
1086 1887 1248 1944 immundis
1262 1887 1422 1961 spiritibus

271 1976 479 2032 emundantur.
502 1975 634 2048 Ideoque
647 1985 822 2049 competens
835 1975 901 2034 eius
913 1975 1117 2032 testimonium
1129 1975 1191 2045 suit,
1200 1982 1230 2030 et
1242 1975 1365 2048 nephas
1374 1983 1422 2030 est
1506 1973 1507 1978 ’

271 2062 408 2118 dubitare
421 2063 501 2134 quod
514 2063 552 2119 de
571 2070 674 2119 sancta
691 2073 802 2132 sancte,
815 2065 853 2120 de
866 2081 978 2137 sponsa
996 2079 1118 2134 sponse,
1131 2063 1168 2120 de
1185 2063 1295 2119 dilecta
1311 2062 1422 2118 dilecte

227 2170 258 2207 ao
272 2165 327 2206 sue
340 2149 480 2206 dominus
493 2149 691 2223 dignatusest
704 2149 1036 2236 recalere—Glorietur
1047 2149 1154 2222 igitur*
1165 2167 1299 2222 superna
1308 2149 1421 2206 Hieru-

271 2237 373 2307 salem,
387 2245 417 2293 et
429 2237 548 2293 celestis
562 2237 611 2294 illa
624 2237 713 2307 curia,
726 2246 770 2294 tot
785 2237 923 2310 ingenuis
938 2237 1053 2294 ciuibus
1072 2237 1220 2310 ampliata,
1232 2237 1284 2294 vbi
1297 2254 1359 2292 non
1372 2247 1421 2292 est

273 2339 382 2381 seruus
394 2333 444 2380 aut
457 2324 539 2395 liber,
552 2325 704 2382 masculus
717 2333 767 2381 aut
783 2323 901 2382 semina
941 2325 1091 2382 Glorietur
1104 2325 1266 2392 Britannia,
1279 2324 1421 2397 quamuis
1506 2323 1507 2330 ’

273 2410 305 2466 in
325 2411 424 2468 Adam
443 2429 601 2483 generans,
613 2413 749 2485 virginee
768 2421 869 2469 tamen
887 2411 995 2469 indolis
1008 2412 1142 2469 secunda
1179 2411 1333 2468 Glorietur
1345 2411 1421 2467 Ger·
1506 2403 1507 2436 ³

273 2497 382 2568 mania,
394 2506 437 2554 tot
458 2498 673 2556 electissimos⁸
689 2499 810 2556 occeani
826 2497 917 2556 llores
934 2499 1085 2573 accipiens
1093 2501 1111 2556 ⁸.
1148 2499 1300 2556 Glorietur
1313 2499 1420 2564 Roma,

228 2603 257 2654 ²5
272 2600 433 2640 numerum
458 2585 607 2658 virginum
633 2604 724 2660 quem
748 2595 904 2660 acceperat
927 2588 1069 2644 reddens.
1113 2585 1264 2644 Glorietur
1288 2585 1418 2650 Colonia,
1506 2605 1507 2620 ³

272 2669 363 2728 talem
389 2672 468 2745 apud
494 2690 528 2730 se
552 2674 729 2731 thezaurum
757 2674 902 2732 retinens
952 2674 1103 2732 Glorietur
1127 2674 1214 2732 beata
1238 2675 1289 2730 illa
1314 2672 1417 2730 sancti·

277 2758 450 2816 monialium
464 2760 685 2833 congregatio¹⁰,
693 2771 735 2818 tot
743 2771 913 2819 sanctarum
922 2761 1079 2835 virginum,
1089 2763 1198 2835 quibus
1207 2763 1317 2818 deuote
1327 2761 1418 2817 famu-

275 2846 411 2917 lantur¹¹,
436 2849 610 2920 patrociniis
636 2851 674 2906 de
700 2860 844 2923 perpetua
869 2850 963 2908 salute
990 2867 1180 2923 presumens.
1237 2848 1417 2906 ‘Benedicta

273 2933 382 3008 igiturl
406 2936 502 3008 gloria
525 2936 638 2992 domini
663 2939 701 2994 de
732 2939 796 2994 loco
826 2947 930 2995 sancto
960 2955 1015 2995 suo
1024 2937 1053 2996 ⁵.’
1089 2938 1153 2995 Vos
1180 2945 1282 2994 autern
1313 2937 1417 2993 sancti-

227 3043 261 3094 30
276 3021 432 3090 moniales,
442 3031 484 3078 tot
494 3023 649 3080 celestium
662 3041 849 3097 gemmarum
862 3025 1099 3082 conseruatrices
1107 3027 1137 3095 ¹’,
1150 3024 1232 3082 fideli
1242 3024 1264 3056 ¹⁵
1276 3025 1418 3096 obsequio

276 3109 410 3182 satagite,
430 3120 461 3167 vt
482 3109 508 3166 si
528 3112 566 3167 ad
588 3113 793 3181 centesimum,
812 3113 861 3169 vel
883 3112 1105 3186 sexagesimum
1126 3113 1255 3170 fructum
1274 3129 1335 3168 non
1354 3129 1418 3186 per-

274 3197 396 3268 tingitis,
412 3198 519 3254 saltem
538 3207 607 3272 post
618 3199 742 3272 vestigia
760 3216 864 3256 earum
883 3201 983 3258 diuina
1003 3201 1207 3258 misericordie
1224 3199 1325 3273 spicas
1344 3200 1419 3257 colli·

274 3283 352 3356 gatis
362 3283 391 3339 ¹⁴.
437 3285 553 3342 Omnes
575 3285 664 3342 etiam
686 3287 717 3342 in
740 3287 890 3344 communi
915 3287 1103 3344 sanctissima
1128 3305 1232 3344 earum
1258 3287 1421 3360 patrocinia

278 3370 444 3428 humillime
474 3371 652 3444 flagitemus,
681 3381 713 3428 vt
743 3374 813 3447 quia
842 3375 879 3430 ad
912 3376 1053 3432 socialem
1084 3393 1152 3433 cum
1183 3375 1260 3448 ipsis
1296 3375 1421 3449 gloriam

227 3477 259 3528 35
276 3456 410 3529 aspirare
430 3475 486 3515 nec
505 3460 650 3516 audemus
669 3478 725 3518 nec
747 3479 918 3534 possumus,
933 3471 1042 3533 tamen,
1059 3463 1129 3536 quia
1149 3463 1193 3520 ‘in
1213 3464 1305 3520 domo
1330 3464 1423 3538 patris

279 3543 453 3602 mansiones
478 3549 583 3603 multe'
608 3556 685 3618 sunt,
711 3566 814 3606 earum
838 3551 954 3606 meritis
977 3551 1233 3623 patrocinantibus
1257 3551 1288 3607 in
1320 3552 1423 3609 celesti

277 3631 468 3690 Hierusalem
490 3635 538 3691 vel
560 3635 723 3692 nouissime
744 3637 833 3694 sortis
853 3639 1067 3711 municipatum
1087 3639 1251 3710 capiamus,
1270 3649 1424 3712 prestante

275 3719 397 3777 domino
415 3730 518 3778 nostro
538 3722 628 3780 lhesu
646 3723 773 3795 Christo,
792 3727 843 3799 qui
863 3743 930 3782 cum
952 3735 1036 3798 patre
1054 3735 1085 3782 et
1106 3724 1212 3797 spiritu
1230 3735 1336 3783 sancto
1353 3726 1424 3784 viuit

277 3817 306 3866 et
320 3819 425 3882 regnat
433 3809 455 3842 ¹³
467 3811 542 3868 deus
554 3828 611 3883 per
622 3811 722 3869 omnia
734 3815 835 3870 secula
847 3814 1026 3871 seculorum.
1062 3813 1171 3870 Amen.

310 4039 365 4091 ¹r.
379 4042 519 4092 cerebram.
580 4041 695 4106 anqut
745 4042 798 4094 'a
810 4045 994 4108 creditumque.
1055 4045 1223 4097 *acernae
1275 4045 1424 4097 ‘omna
1506 4027 1507 4040 ³

279 4103 337 4158 ‘sc
350 4109 376 4156 in
390 4108 476 4157 Herse
488 4110 651 4158 monasterio.
732 4107 785 4159 ¹13.
798 4126 871 4172 ergo.
955 4112 1006 4161 ⁸13.
1020 4111 1184 4163 lectissimos.
1276 4112 1329 4161 ⁹13.
1343 4115 1424 4175 excip.

277 4175 297 4206 ¹⁰
309 4173 338 4222 E.
352 4175 510 4237 aggregatio.
582 4174 600 4203 ¹¹
619 4175 649 4226 B.
664 4175 805 4226 famulatur.
884 4175 906 4209 ¹¹
925 4177 1129 4229 B.seruatrices.
1207 4177 1227 4208 ¹⁸
1244 4181 1275 4233 B.
1286 4179 1424 4243 specialia

277 4240 432 4306 specialiter.
498 4239 515 4270 ¹⁴
534 4240 564 4291 B.
575 4239 674 4302 legatis.
741 4241 759 4271 ¹⁸
777 4241 806 4292 B.
819 4242 950 4306 gloriatur.
