3042 4884
295 301 365 373 208
606 297 737 386 naba
763 295 954 401 [Quinti
978 296 1132 401 fluuit.

291 515 363 556 ecce
384 513 450 570 ego,
472 513 543 554 ecee
567 515 632 570 ego,
645 499 766 556 domina
791 499 876 554 mea!
918 498 1016 568 Quam
1041 499 1192 556 abbatissa
1216 515 1285 555 eum
1310 498 1451 556 maxim

293 584 477 642 exultatione
489 585 668 658 suscipiens,
681 595 710 642 et
723 587 833 658 gratias
846 585 1011 643 immensas
1023 587 1081 642 deo
1093 603 1197 660 agens,
1211 586 1322 643 Edithe
1334 586 1451 660 virgIni
1508 607 1509 640 l

293 672 447 730 uiuentem
468 671 607 740 reddidit,
625 682 655 729 et
676 682 791 730 retento
810 689 913 730 secum
932 673 1083 731 volumine
1105 675 1142 730 ad
1163 674 1271 730 cellam
1290 675 1451 748 propriam
1508 689 1509 740 ,

294 761 448 818 remeauit.
522 749 690 818 Dimissis¹
706 761 829 818 tandem
847 761 878 817 in
892 760 1001 832 Anglia
1014 761 1114 818 Athea
1126 770 1156 818 et
1175 761 1259 835 Luge
1274 761 1404 834 virgine,
1416 771 1452 818 vt
1508 751 1509 836 i

265 857 280 912 5
294 848 483 906 monasteriis
495 857 670 922 preessent3
689 857 843 922 assumpta
856 865 958 905 secum
969 847 1099 922 Brigida,
1109 848 1139 904 in
1154 847 1332 905 Hiberniam
1346 858 1452 905 nans-
1508 847 1509 880 ³

294 934 412 992 fretauit
424 955 431 994 :
451 945 481 994 et
491 935 704 994 monasterium
716 935 894 1003 Celliscliuii,
902 943 934 991 vt
942 935 1131 1008 premittitur,
1138 945 1295 1006 vastatum,
1306 937 1345 992 de
1356 939 1449 994 bonis
1508 939 1509 982 ἐ

294 1040 311 1079 a
324 1041 397 1096 rege
409 1024 563 1097 Athulpho
575 1023 631 1082 sibi
644 1023 757 1080 collatis
770 1025 800 1080 ln
817 1031 928 1080 statum
947 1023 1108 1096 pristinum
1127 1024 1313 1080 restaurabit
1358 1013 1449 1082 Cum

294 1119 394 1168 autem
407 1112 557 1185 quoddam
570 1109 785 1168 monasterium
797 1111 939 1181 visitaret,
952 1119 981 1166 et
995 1127 1056 1167 non
1069 1111 1215 1168 haberent
1227 1111 1360 1184 virgines
1373 1111 1449 1184 quid

294 1199 322 1254 ei
335 1199 372 1255 ad
386 1207 489 1272 potunt
502 1201 608 1256 darent
621 1199 678 1255 nisi
688 1214 805 1271 aquam,
815 1207 845 1254 et
853 1198 1059 1256 desiderarent
1072 1199 1129 1255 sibi
1140 1197 1250 1272 aliquid
1265 1199 1375 1255 melius
1390 1217 1448 1272 pro

251 1293 282 1332 ¹0
294 1285 501 1344 benedictione
513 1287 641 1355 addere;
661 1285 735 1342 inito
748 1285 872 1342 consilio
883 1303 956 1343 vasa
967 1285 1104 1343 laticibus
1116 1286 1207 1358 plena
1225 1295 1294 1344 ante
1308 1297 1447 1343 sanctam
1508 1293 1509 1366 ξ

293 1371 441 1444 virginem
466 1373 646 1444 deserentes,
672 1383 704 1430 vt
733 1373 783 1430 illa
807 1373 999 1431 benediceret
1023 1374 1220 1445 postularunt
1266 1373 1334 1443 Quo
1358 1373 1449 1437 lacto,
1508 1379 1509 1440 ξ

294 1477 387 1533 aquas
410 1460 441 1516 in
465 1461 568 1518 vinum
593 1461 839 1520 iocundissimum
864 1461 1080 1518 transmutabit.
1121 1449 1215 1518 Facta
1239 1460 1269 1517 in
1296 1459 1449 1518 Hibernia

294 1547 426 1604 siccitate
445 1565 562 1622 magna,
581 1567 649 1606 cum
671 1566 792 1606 sorores
813 1548 971 1622 penuriam
987 1566 1065 1622 aque
1084 1557 1264 1621 paterentur,
1282 1549 1448 1605 cisternam
1508 1539 1509 1580 ἶ

293 1635 444 1708 quandam
466 1653 557 1708 prece
582 1653 638 1694 sua
656 1635 784 1710 repleuit
802 1651 888 1710 aqua,
907 1655 966 1710 que
984 1645 1047 1692 toto
1065 1635 1206 1693 siccitatis
1223 1645 1362 1708 tempore
1382 1653 1449 1692 om·
1508 1677 1509 1680 η

251 1733 280 1784 ¹5
295 1723 382 1780 nibus
394 1722 595 1796 indigentibus
604 1723 772 1781 abundauit.
840 1711 924 1781 Cum
934 1723 973 1780 ad
985 1724 1134 1797 quoddam
1147 1723 1362 1780 monasterium
1377 1741 1448 1780 cum

294 1811 447 1868 sororibus
458 1811 588 1869 transire
599 1811 698 1881 vellet,
708 1811 842 1885 repperit
855 1809 990 1881 fluuium,
998 1811 1049 1884 qui
1061 1829 1117 1868 nec
1127 1827 1239 1884 pueros
1251 1819 1446 1868 transeuntes

294 1897 459 1972 impedire*
479 1899 601 1969 solebat,
620 1898 697 1956 vltra
718 1899 841 1956 modum
862 1909 964 1970 preter
988 1898 1107 1956 solitum
1131 1899 1395 1966 intumescentem,
1415 1907 1448 1954 vt
1508 1927 1509 1954 1

293 1985 383 2044 etiam
402 1985 517 2061 equites
536 1986 664 2044 nansire
686 2003 746 2043 non
769 1994 902 2060 possent
939 1985 1121 2059 stupefactis
1144 1985 1175 2042 in
1195 1993 1278 2042 tanto
1302 1985 1445 2058 prodigio

294 2074 447 2132 sororibus
471 2075 511 2132 ait
531 2075 614 2148 virgo
632 2083 753 2132 sancta:
781 2073 879 2144 ‘Quid
897 2083 945 2130 est
967 2074 1032 2142 hoc,
1052 2073 1121 2140 filie,
1143 2073 1222 2146 quod
1241 2070 1335 2128 voluit
1357 2073 1446 2131 nobis

250 2181 281 2218 ao
294 2161 433 2218 dominus
445 2161 476 2218 in
489 2161 575 2235 signo
589 2162 644 2218 hoc
657 2163 884 2218 demonstrare?
919 2160 1001 2217 Vere
1013 2161 1079 2218 dico
1091 2159 1185 2230 vobis,
1197 2158 1298 2232 aliqua
1313 2160 1403 2232 culpa
1416 2159 1446 2216 in

293 2250 381 2306 nobis
399 2257 454 2318 est,
467 2259 592 2323 propter
605 2266 695 2323 quarn
712 2250 787 2305 deus
806 2247 931 2320 impedit
948 2248 1006 2304 iter
1022 2256 1167 2304 nostrum.
1206 2245 1400 2319 Inquiramus
1417 2256 1447 2304 et

293 2345 518 2409 perscrutemur
526 2335 725 2395 conscientias
738 2345 865 2406 nostras,
875 2335 901 2392 si
914 2336 985 2407 quid
994 2335 1108 2408 peccati
1116 2333 1306 2408 agnoscimus
1319 2334 1447 2391 abscon·

293 2423 387 2481 ditum
399 2423 431 2479 in
446 2425 535 2481 corde
553 2426 672 2480 nostro.¹
711 2422 777 2481 Hec
794 2439 862 2478 cum
880 2423 1014 2491 dixisset,
1028 2421 1155 2495 procidit
1171 2439 1206 2478 se
1222 2437 1282 2478 vna
1299 2422 1337 2477 ad
1351 2423 1446 2494 pedes

293 2511 368 2578 eius,
387 2511 510 2569 dicens:
531 2511 679 2568 ‘Domina
700 2527 777 2580 mea,
789 2510 933 2566 conliteor
951 2509 1005 2566 tibi
1027 2525 1128 2566 coram
1150 2507 1270 2565 domino
1286 2518 1446 2582 peccatum
1508 2527 1509 2564 l

250 2612 280 2662 25
294 2614 403 2654 meum.
441 2597 521 2655 Dum
541 2599 755 2672 egrederemur
775 2598 813 2654 de
832 2595 1022 2666 monasterio,
1042 2597 1103 2654 vidi
1123 2613 1214 2669 cepas
1233 2605 1264 2652 et
1282 2595 1370 2652 allia⁸
1388 2614 1447 2670 quc
1508 2627 1509 2652 r

293 2685 459 2758 concupiui,
473 2695 502 2742 et
515 2686 585 2742 inde
599 2703 724 2742 sumens
737 2683 810 2740 milti
827 2683 936 2757 aliqua,
949 2693 1052 2740 contra
1066 2683 1266 2740 obedientiam
1279 2683 1446 2756 exponant.

294 2772 368 2829 Iube
388 2773 459 2847 quid
484 2773 537 2830 tibi
561 2773 715 2846 placuerit,
734 2781 763 2829 et
788 2771 911 2844 iniunge
935 2769 1054 2845 qualem
1073 2770 1205 2828 volueris
1228 2771 1445 2843 penitentiam:
1508 2755 1509 2784 ³

293 2859 420 2918 sufferre
433 2860 514 2916 enim
527 2869 629 2934 presto
646 2877 713 2918 sum
731 2859 945 2934 quantamlibet
958 2856 1148 2916 afflictionem
1161 2857 1289 2914 illatam!
1327 2859 1385 2914 Cui
1398 2859 1446 2915 illa

292 2949 423 3022 benigne
436 2949 608 3021 respondit:
628 2947 730 3004 ‘Vade
747 2955 779 3002 et
795 2963 909 3018 repone
925 2945 974 3002 vbi
991 2944 1097 3018 cepisti
1108 2963 1153 3012 ea,
1167 2955 1198 3002 et
1210 2943 1274 3002 redi
1287 2946 1447 3017 posthoc*

248 3053 281 3104 go
293 3039 330 3092 ad
350 3039 423 3093 nos.²
459 3035 545 3106 Quod
564 3053 633 3092 cum
652 3034 781 3104 lecisset,
800 3033 914 3090 riuulus
931 3034 1143 3090 detumescens
1162 3032 1193 3090 in
1211 3033 1331 3088 alueum
1350 3035 1444 3103 redit;

292 3123 432 3198 viamque
456 3123 579 3180 liberam
600 3121 825 3180 transeuntibus
849 3121 944 3178 virtus
969 3119 1168 3178 consessionis
1193 3119 1268 3176 mira
1293 3120 1445 3178 celeritate

293 3210 449 3284 reparauit
519 3199 556 3268 In
567 3209 747 3268 monasterio
756 3208 887 3282 Brigide,
896 3207 1043 3281 discipule
1054 3208 1242 3274 Modwenne,
1250 3226 1309 3281 que
1319 3210 1445 3265 cenobio

292 3307 464 3356 constructo
482 3300 642 3356 multatum
654 3297 805 3371 virginum
824 3305 921 3352 mater
933 3294 1039 3352 effecta
1051 3295 1156 3366 luerat,
1170 3293 1329 3351 duodecim
1342 3296 1446 3353 erant¹

294 3403 414 3443 sorores
432 3403 491 3460 que
503 3386 611 3443 ceteris
624 3385 855 3460 qulescentibus‚
868 3383 960 3440 llante
972 3384 1056 3440 boria
1068 3383 1161 3440 nimio
1179 3376 1289 3456 frigore
1302 3384 1403 3441 atti-ite
1416 3384 1445 3440 in

248 3491 279 3542 35
294 3473 478 3531 orationibus
497 3474 614 3531 deuotis
634 3473 859 3548 peruigilabant.
897 3471 1032 3542 Quarum
1054 3469 1244 3528 afflictionem
1265 3479 1296 3526 et
1314 3472 1444 3529 vestium

293 3560 451 3635 penuriam
472 3559 653 3618 Modwenna
677 3559 880 3628 considerans,
905 3559 943 3614 ad
967 3560 1058 3615 deum
1077 3575 1184 3631 preces
1204 3573 1272 3614 cum
1292 3557 1445 3616 lachrimis
1476 3569 1480 3578 ‘

293 3649 384 3706 fudit:
403 3658 434 3705 et
449 3647 525 3705 facto
543 3666 640 3719 mane,
653 3647 745 3705 misse
758 3655 828 3703 sunt
841 3663 860 3702 a
876 3645 996 3703 domino
1009 3645 1166 3703 duodecim
1178 3655 1280 3702 vestes
1293 3645 1323 3701 in
1345 3647 1445 3704 stratis

292 3737 451 3810 virginum,
474 3735 515 3792 ita
539 3733 666 3808 singulis
690 3733 904 3792 conuenientes
929 3733 1014 3806 quasi
1039 3734 1170 3790 humano
1195 3732 1294 3790 studio
1318 3731 1446 3792 fluissent

294 3833 474 3882 mensurate.
523 3822 606 3893 Quas
630 3824 702 3880 dum
727 3822 777 3879 ille
802 3821 985 3878 admirantes
1009 3821 1163 3894 suscipere
1187 3831 1364 3878 recusarent
1394 3841 1445 3881 ne-

248 3913 424 3984 4oscientes
446 3912 526 3968 vnde
540 3911 637 3968 allate
661 3910 795 3978 luissent,
814 3917 958 3982 precepto
982 3915 1082 3964 tamen
1100 3907 1225 3982 virginis
1249 3917 1354 3965 sancte
1382 3909 1444 3968 illas

294 3999 420 4056 induere
432 4006 533 4056 coacte
546 4007 625 4055 sunt.
696 3985 793 4054 Venit
804 3996 886 4053 enim
899 3995 1080 4052 Modwenna
1098 3995 1136 4053 ad
1154 3996 1277 4052 domum
1290 3996 1443 4054 cuiusdam

295 4087 414 4144 Deneth
432 4086 563 4155 nominc,
575 4085 627 4160 qui
643 4087 775 4142 maxima
792 4100 864 4141 cura
881 4100 1032 4157 pauperes
1049 4101 1084 4140 ac
1101 4081 1300 4156 peregrinos·
1316 4083 1443 4158 hospitio

327 4293 382 4343 ¹E.
395 4293 528 4344 Demissis
632 4291 861 4354 ¹E.inrpendere.
962 4290 1085 4342 mua
1189 4290 1247 4342 ⁴1⁸.
1261 4291 1327 4352 bec;
1345 4291 1442 4343 ahoe.

297 4359 449 4410 ⁵0m.iu'l'.
515 4359 569 4409 “l'.
584 4358 782 4422 Epauperibus
793 4372 823 4406 ac
835 4357 985 4420 peregrinis.
