3052 4896
101 323 242 376 irs-sou.
257 325 326 392 aa]
448 309 523 403 ma
548 301 607 399 ἐ.
632 307 908 398 mausum.
1178 318 1245 406 561

99 517 129 564 et
149 508 233 566 alibi:
260 510 418 579 ‘Quamdiu
437 511 544 568 fecistis
564 511 612 567 vni
634 529 668 567 ex
686 511 810 568 minimis
829 511 908 582 meis,
920 510 1005 567 michi
1023 509 1145 568 lecistis!
1181 513 1251 567 Mox

101 591 177 646 enim
196 593 243 649 vbi
261 610 368 665 pauper
386 595 527 663 clamaret,
539 595 594 651 deo
611 595 719 665 gracias
737 613 825 666 agens
842 595 968 662 festinus,
980 613 1044 650 curn
1062 594 1139 651 omni
1156 605 1251 651 tamen

100 675 241 742 grauitate
256 685 285 732 et
303 677 449 742 modestia,
463 678 517 732 nisi
535 677 563 733 in
581 679 673 749 aliquo
684 679 757 734 forte
769 678 857 733 diuini
869 679 954 734 officii
967 686 1120 749 occupatus
1132 677 1252 748 negocio

100 758 179 827 quod
197 760 274 813 nullo
294 759 408 814 omnino
429 771 525 831 posset
546 760 649 816 differri
670 761 764 829 modo,
783 762 945 817 occurrebat
963 762 1001 816 ad
1019 777 1092 829 eum,
1110 777 1194 832 opem
1213 757 1252 815 illi

101 839 249 896 confestim
258 853 439 912 prestaturus.
465 845 503 898 Et
511 861 580 914 quos
593 845 668 898 vnde
677 854 805 915 pasceret
814 845 974 900 substancia
987 843 1124 915 corporali
1136 843 1251 899 minime
1265 852 1280 904 5

100 923 226 991 haberet,
246 925 379 981 vben'bus
401 926 517 982 fletuum
534 926 715 997 querimoniis
737 926 848 982 illorum
866 927 1011 998 penuriam
1031 926 1203 997 deplorabat,
1222 936 1252 981 et

101 1005 190 1060 corda
215 1023 311 1062 eorum
340 1024 390 1078 spe
416 1009 612 1064 retribucionis
639 1019 733 1065 eterne
757 1010 942 1077 subleuabat;
972 1020 1002 1065 et
1028 1025 1252 1064 commemorans

101 1086 157 1142 illis
170 1105 269 1144 vocem
282 1091 434 1160 euangelii,
448 1091 455 1120 ‘
468 1092 548 1147 Beati
561 1091 638 1147 eritis
651 1092 697 1162 qui
708 1109 783 1148 nunc
791 1092 864 1148 fletis
877 1103 906 1148 et
914 1092 1033 1159 esuritis,
1046 1091 1112 1162 quia
1123 1091 1252 1146 ridebitis

101 1179 130 1224 et
144 1172 355 1242 saturabimini,’
369 1173 517 1229 celestibus
527 1191 576 1230 eos
588 1192 646 1230 non
655 1175 782 1230 cessabat
792 1175 911 1230 educare
921 1175 1040 1244 diuitiis,
1053 1191 1107 1244 que
1119 1191 1252 1245 vmquam

101 1251 290 1325 dispergendo
302 1257 500 1312 detrimentum
514 1257 572 1327 pati
591 1257 729 1325 nesciunt,
741 1267 784 1312 set
801 1257 894 1328 magis
910 1258 1055 1328 magisque
1066 1256 1211 1326 largiendo
1222 1257 1251 1311 in
1267 1270 1298 1308 ro

101 1349 285 1406 augmentum
299 1339 341 1393 sui
354 1355 418 1394 cum
431 1339 538 1394 feruore
550 1349 722 1395 accrescunt.
761 1342 804 1395 lta
816 1357 880 1396 cum
892 1357 949 1395 non
959 1342 1073 1396 haberet
1082 1338 1252 1410 ter[r]estres

101 1436 194 1489 gasas,
214 1423 348 1491 prebebat
367 1423 492 1478 celestes.
515 1425 525 1488 ΙΙ
547 1423 677 1493 Quadam
698 1423 851 1494 aliquando
872 1423 918 1478 die
937 1425 1005 1478 durn
1023 1441 1058 1478 ex
1076 1439 1154 1478 more
1171 1423 1253 1478 solito

101 1519 257 1573 pauperum
279 1505 366 1560 corda
390 1504 498 1560 mollita
516 1505 626 1561 celestis
646 1505 749 1561 oraculi
769 1506 917 1561 dulcedine
939 1505 1068 1561 deliniret
1088 1522 1168 1576 spem
1187 1523 1253 1576 pro·

103 1586 218 1641 mittens
236 1587 431 1643 retribucionis
450 1597 553 1655 eterne,
571 1597 657 1659 atque
673 1589 810 1644 oracionis
830 1589 934 1644 solacia
952 1588 1138 1644 commiscens
1156 1605 1253 1644 eorum

102 1668 292 1739 indigenciam
304 1672 421 1726 multum
433 1671 565 1728 defieret:
584 1671 700 1742 contigit
709 1682 738 1727 vt
751 1673 865 1743 quidam
873 1691 906 1728 ex
915 1671 1125 1726 scolasticorum
1137 1671 1253 1741 collegio
1268 1682 1297 1734 15

102 1751 167 1807 illac
179 1753 318 1810 transiret.
355 1754 411 1823 Qui
426 1772 492 1811 mox
508 1755 596 1810 liuore
612 1772 760 1824 percussus
779 1755 884 1811 inuidia
898 1765 927 1810 et
943 1765 1041 1810 contra
1055 1754 1100 1810 dei
1117 1755 1253 1809 ramulum

102 1836 283 1892 vehementer
306 1835 402 1905 iratus,
425 1837 455 1892 in
479 1838 567 1893 verba
591 1837 824 1893 subsannacionis
848 1848 877 1893 et
900 1836 1082 1893 inclemencie
1105 1837 1253 1907 prosiliens

101 1919 205 1974 talibus
226 1919 304 1974 illurn
322 1920 416 1975 verbis
437 1920 583 1992 increpitat
607 1920 722 1976 dicens:
751 1923 848 1976 ‘Tune
869 1921 923 1975 hec
944 1937 1017 1975 vana
1040 1919 1120 1991 quasi
1145 1918 1254 1976 miseri-

102 2002 201 2057 cordie
212 2019 298 2074 opera
315 2021 384 2072 erga
401 2003 446 2060 dei
465 2021 602 2075 pauperes
614 2005 726 2074 agitas?
762 2005 838 2060 Ecce
857 2003 959 2059 cotidie
972 2003 1095 2058 iacentes
1111 2003 1141 2057 in
1152 2001 1253 2073 plateis

102 2085 169 2156 vagi
186 2087 309 2157 rudique
326 2085 494 2156 colliguntur
505 2103 643 2158 pauperes
655 2097 686 2142 vt
697 2102 715 2142 a
727 2096 755 2142 te
767 2086 926 2155 inbuuntur,
940 2096 968 2142 et
980 2086 1066 2141 nichil
1078 2085 1254 2157 pmficientes
1268 2097 1300 2134 20

102 2168 297 2238 regrediuntur
308 2170 397 2225 vacui.
433 2170 585 2238 Quomodo
596 2187 663 2240 ergo
676 2186 727 2240 per
735 2179 825 2226 totum
839 2167 939 2241 [diem]
950 2169 1081 2224 laborans
1093 2184 1163 2239 opus
1175 2179 1254 2224 tuum

103 2251 133 2305 in
156 2261 214 2306 tam
234 2252 349 2322 ignobili
369 2254 452 2322 vulgo
473 2253 603 2310 flebiliter
621 2253 760 2324 deperdis,
780 2253 861 2324 quasi
880 2252 1100 2308 misericordiam
1119 2252 1255 2307 simulans

103 2333 184 2390 cuius
201 2336 334 2392 affectum
350 2354 409 2392 non
425 2337 534 2392 habes?
570 2339 650 2392 Tune
667 2337 713 2392 ille
726 2354 758 2393 es
777 2337 855 2392 cuius
872 2337 972 2391 saltem
984 2336 1029 2390 vel
1041 2335 1140 2390 vmbra
1157 2351 1255 2391 omnes

104 2428 237 2473 curantur
261 2428 417 2490 poscentes,
437 2429 486 2476 aut
507 2418 596 2488 cuius,
617 2420 767 2490 pecuniam
786 2420 891 2475 habere
909 2436 940 2474 se
959 2419 1133 2488 denegantis,
1153 2418 1255 2474 virtute

104 2501 257 2558 suscitatur
269 2503 386 2558 claudus
395 2503 421 2558 i’
457 2505 495 2558 At
508 2513 607 2558 contra
620 2502 751 2572 aperiens
766 2519 799 2558 os
817 2519 900 2557 suum
916 2503 1015 2558 beatus
1027 2501 1214 2558 Winwaloeus
1226 2511 1254 2558 et
1269 2517 1299 2569 ²5

103 2585 160 2640 deo
172 2585 280 2654 gracias
292 2603 388 2656 agens,
402 2586 476 2641 hanc
488 2587 629 2642 humiliter
637 2585 774 2642 letissimo
783 2603 834 2657 pro
843 2586 891 2642 tali
904 2585 1031 2642 conuicio
1043 2587 1120 2640 uultu
1133 2584 1256 2641 reddidit

103 2668 144 2722 illi
156 2669 378 2739 responsionem,
391 2669 507 2724 dicens:
527 2669 716 2725 ‘Benedictus
734 2669 780 2736 sis,
794 2669 989 2725 amantissime
1000 2669 1093 2736 frater,
1106 2667 1172 2740 quia
1184 2668 1255 2724 sicut

103 2753 250 2822 oportebat
263 2752 528 2808 conuenientissima
545 2751 631 2808 michi
643 2753 782 2824 protulisti
795 2754 965 2809 testimonia.
1005 2753 1115 2808 Clausis
1127 2751 1253 2807 omnium

103 2836 193 2890 oculis
211 2836 351 2890 calamum
370 2847 533 2906 quassatum
552 2835 739 2904 laudancium,
758 2836 797 2891 tui
817 2836 902 2892 solius
924 2836 1013 2908 aperti
1032 2846 1097 2892 sunt
1114 2836 1195 2902 oculi,
1208 2835 1254 2906 qui

103 2920 161 2973 hoc
173 2928 232 2974 tam
244 2928 320 2974 recte
334 2919 370 2974 de
384 2937 431 2974 me
447 2918 601 2974 diiudicare
617 2918 749 2990 potuisti!
787 2919 918 2974 Protinus
935 2930 1049 2975 sanctus
1065 2919 1255 2974 Winwaloeus
1269 2937 1301 2986 30

104 3001 143 3056 de
160 3001 253 3056 medio
271 2999 465 3071 langnencium
484 3003 625 3072 quendam
643 3019 742 3058 cecum
760 3000 896 3072 arripiens
915 3001 1032 3072 excepit,
1052 3001 1157 3056 ducens
1178 3002 1255 3056 illum

105 3082 216 3140 secum¹
223 3085 415 3151 secreciorem,
424 3095 451 3140 et
462 3084 502 3140 ita
509 3102 591 3140 orans
601 3085 654 3142 ait:
669 3085 762 3142 ‘Sicut
770 3083 879 3139 oculos‘
886 3102 1014 3140 cecorum
1025 3083 1211 3139 clamancium
1218 3084 1256 3138 ad

103 3178 134 3223 te
148 3168 308 3223 “Miserere
326 3167 412 3223 nostri
428 3167 467 3222 fili
486 3167 580 3222 Dauid
587 3168 603 3198 ’⁹
614 3167 730 3236 sanasti,
743 3167 783 3222 ita
799 3177 837 3235 tu,
850 3167 963 3222 domine
984 3169 1048 3222 lesu
1063 3166 1183 3235 Christe,
1196 3167 1255 3236 dig-

104 3251 180 3306 neris
188 3261 334 3321 quoqueet
344 3251 424 3305 istius
433 3250 526 3305 fratris
534 3251 563 3305 in
572 3260 601 3305 te
611 3249 778 3306 confidentis
787 3251 884 3306 oculos
893 3250 1010 3306 sanare!
1030 3249 1169 3320 Aperiens
1179 3249 1256 3304 deni-

104 3350 162 3405 que
174 3335 268 3389 oculos
277 3333 336 3388 eius
346 3333 477 3388 manibus
490 3334 557 3402 suis,
568 3343 596 3388 et
610 3350 713 3403 spuens
726 3333 755 3388 in
767 3333 838 3402 illos,
851 3334 891 3389 ait
905 3351 911 3388 :
931 3334 1105 3403 ‘Argentum
1117 3342 1144 3389 et
1157 3349 1256 3388 aurum
1270 3353 1301 3404 55

103 3433 164 3472 non
182 3426 225 3471 est
245 3415 338 3484 michi,
352 3417 428 3486 quod
440 3427 534 3472 autem
552 3417 645 3472 habeo
664 3418 718 3471 hoc
735 3416 786 3471 tibi
800 3417 855 3472 do:
877 3419 910 3472 ln
923 3417 1037 3472 nomine
1049 3416 1156 3471 domini
1169 3416 1256 3472 nostri

105 3501 191 3555 Ihesu
205 3499 309 3555 Christi
322 3498 446 3569 respice!
481 3499 649 3570 Apertisque
665 3499 726 3554 eius
745 3499 841 3569 oculis,
854 3500 902 3570 qui
918 3499 1006 3555 tristis
1022 3501 1123 3556 ductus
1136 3500 1257 3556 firerate

103 3591 194 3654 porta,
203 3584 282 3650 letus,
292 3582 368 3637 nullo
377 3583 535 3651 reducente,
545 3582 660 3638 recurrit
668 3583 707 3637 ad
719 3582 803 3638 illam.
833 3582 978 3652 Magister,
987 3583 1033 3638 vbi
1046 3583 1127 3638 heca
1139 3599 1257 3638 narran-

104 3666 181 3722 tibus
202 3665 310 3722 audiuit
327 3675 371 3721 set
389 3675 484 3719 tamen
505 3667 648 3736 quomodo
665 3665 835 3722 accidissent
852 3665 962 3736 penitus
980 3666 1183 3736 ignorantibus,
1203 3665 1257 3721 deo

103 3748 216 3818 gracias
237 3765 326 3819 agens
348 3747 520 3817 festinanter,
542 3765 606 3803 cum
627 3765 737 3804 summa
754 3760 849 3804 tamen
870 3748 1016 3818 grauitate,
1041 3766 1078 3803 ne
1102 3749 1163 3819 quis
1187 3749 1257 3805 sone
1269 3766 1303 3816 40

103 3841 221 3904 propter
238 3833 293 3886 hoc
312 3831 491 3886 extolleretur
512 3831 540 3886 in
561 3840 664 3896 mente,
683 3832 754 3886 letus
779 3831 865 3886 currit
886 3832 923 3886 ad
947 3842 1067 3902 portam.
1112 3833 1149 3886 Et
1174 3832 1256 3886 inter·

103 3932 211 3985 rogans
233 3914 363 3985 quisnam
388 3931 485 3970 eorum
510 3923 539 3969 et
562 3915 703 3984 quomodo
727 3913 798 3968 visui
823 3915 943 3969 donatus
964 3915 1070 3981 suisset,
1092 3931 1110 3968 a
1133 3914 1258 3984 quodam

104 3997 205 4054 didicit
217 4015 248 4052 se
260 4015 358 4053 cecum
370 3997 457 4052 inisse
467 4007 509 4052 set
517 3998 665 4068 aquodam
674 3997 773 4052 iuuene
783 3997 972 4053 introductum
984 3998 1069 4052 fuisse
1080 4005 1108 4051 et
1121 4005 1257 4050 curatum.

103 4085 200 4138 Senex
210 4090 305 4136 autem
318 4080 462 4136 admirans
480 4097 530 4150 pre
542 4079 664 4150 gaudio:
685 4079 778 4150 ‘Quid
796 4080 847 4136 tibi
859 4081 934 4149 fecit,
947 4079 1045 4151 inquit,
1057 4089 1105 4134 aut
1117 4079 1258 4148 quomodo

102 4164 215 4236 aperuit
226 4163 277 4218 tibi
290 4165 386 4218 oculos
395 4163 422 4218 i’
458 4160 512 4219 At³
528 4163 573 4218 ille
585 4163 778 4232 respondens:
799 4162 975 4230 ‘Mendicus,
991 4163 1068 4232 dicit,
1085 4162 1218 4218 sedebam
1230 4171 1258 4217 et
1269 4181 1301 4234 45

103 4264 199 4316 cecus,
225 4264 343 4318 sperans
367 4246 397 4301 in
421 4245 515 4302 medio
539 4262 693 4317 pauperum
725 4263 744 4300 a
773 4247 984 4302 transeuntibus
1010 4245 1116 4317 aliquid
1139 4261 1186 4303 rue
1212 4261 1259 4301 ac·

305 4354 315 4384 ¹
333 4353 407 4405 MSS.
419 4369 512 4405 cecum.
649 4351 659 4381 ¹
676 4353 731 4404 MS.
742 4352 817 4405 oculi.
948 4352 958 4381 ⁸
974 4369 993 4404 r.
1006 4354 1062 4406 Aci

140 4461 211 4506 VOL.
224 4462 257 4506 11.
659 4459 679 4504 0
692 4464 710 4503 0
