<?xml version="1.0" encoding="UTF-8"?>
<!DOCTYPE html PUBLIC "-//W3C//DTD XHTML 1.0 Transitional//EN"
    "http://www.w3.org/TR/xhtml1/DTD/xhtml1-transitional.dtd">
<html xmlns="http://www.w3.org/1999/xhtml" xml:lang="en" lang="en">
 <head>
  <title>
</title>
<meta http-equiv="Content-Type" content="text/html;charset=utf-8" />
  <meta name='ocr-system' content='tesseract 3.04.00' />
  <meta name='ocr-capabilities' content='ocr_page ocr_carea ocr_par ocr_line ocrx_word'/>
</head>
<body>
  <div class='ocr_page' id='page_1' title='image "./novalegendaangl00wordgoog/novalegendaangl00wordgoog_0278.png"; bbox 0 0 3008 4904; ppageno 0'>
   <div class='ocr_carea' id='block_1_1' title="bbox 426 319 1244 418">
    <p class='ocr_par' dir='ltr' id='par_1_1' title="bbox 426 319 1244 418">
     <span class='ocr_line' id='line_1_1' title="bbox 426 319 1244 418; baseline 0.002 -2"><span class='ocrx_word' id='word_1_1' title='bbox 426 320 500 416; x_wconf 69' lang='lat' dir='ltr'><strong>be</strong></span> <span class='ocrx_word' id='word_1_2' title='bbox 525 319 689 410; x_wconf 57' lang='lat' dir='ltr'><strong>&amp;mtto</strong></span> <span class='ocrx_word' id='word_1_3' title='bbox 715 319 906 412; x_wconf 72' lang='lat' dir='ltr'><strong>umine.</strong></span> <span class='ocrx_word' id='word_1_4' title='bbox 1172 330 1244 418; x_wconf 85' lang='lat'><strong>269</strong></span> 
     </span>
    </p>
   </div>
   <div class='ocr_carea' id='block_1_2' title="bbox 83 521 1291 3841">
    <p class='ocr_par' dir='ltr' id='par_1_2' title="bbox 83 521 1291 3841">
     <span class='ocr_line' id='line_1_2' title="bbox 85 521 1245 598; baseline 0 -16"><span class='ocrx_word' id='word_1_5' title='bbox 85 521 295 582; x_wconf 85' lang='lat' dir='ltr'><strong>constituistis.</strong></span> <span class='ocrx_word' id='word_1_6' title='bbox 334 523 414 581; x_wconf 88' lang='lat' dir='ltr'><strong>Malo</strong></span> <span class='ocrx_word' id='word_1_7' title='bbox 436 523 537 598; x_wconf 89' lang='lat' dir='ltr'><strong>itaque</strong></span> <span class='ocrx_word' id='word_1_8' title='bbox 559 541 627 581; x_wconf 90' lang='lat' dir='ltr'><strong>curn</strong></span> <span class='ocrx_word' id='word_1_9' title='bbox 649 522 752 598; x_wconf 82' lang='lat' dir='ltr'>paucis</span> <span class='ocrx_word' id='word_1_10' title='bbox 776 523 859 580; x_wconf 89' lang='lat' dir='ltr'><strong>solus</strong></span> <span class='ocrx_word' id='word_1_11' title='bbox 879 522 1011 592; x_wconf 84' lang='lat' dir='ltr'>exulare,</span> <span class='ocrx_word' id='word_1_12' title='bbox 1029 522 1122 582; x_wconf 91' lang='lat' dir='ltr'><strong>immo</strong></span> <span class='ocrx_word' id='word_1_13' title='bbox 1144 522 1245 597; x_wconf 85' lang='lat' dir='ltr'><strong>potius</strong></span> 
     </span>
     <span class='ocr_line' id='line_1_3' title="bbox 86 611 1246 687; baseline -0.001 -18"><span class='ocrx_word' id='word_1_14' title='bbox 86 613 182 686; x_wconf 85' lang='lat' dir='ltr'>diligo</span> <span class='ocrx_word' id='word_1_15' title='bbox 195 613 280 682; x_wconf 89' lang='lat' dir='ltr'><strong>mori,</strong></span> <span class='ocrx_word' id='word_1_16' title='bbox 293 631 383 687; x_wconf 89' lang='lat' dir='ltr'><strong>quam</strong></span> <span class='ocrx_word' id='word_1_17' title='bbox 395 629 451 670; x_wconf 86' lang='lat' dir='ltr'><strong>vos</strong></span> <span class='ocrx_word' id='word_1_18' title='bbox 468 612 528 670; x_wconf 90' lang='lat' dir='ltr'><strong>mei</strong></span> <span class='ocrx_word' id='word_1_19' title='bbox 545 611 638 669; x_wconf 89' lang='lat' dir='ltr'><strong>solius</strong></span> <span class='ocrx_word' id='word_1_20' title='bbox 656 629 747 669; x_wconf 89' lang='lat' dir='ltr'><strong>causa</strong></span> <span class='ocrx_word' id='word_1_21' title='bbox 764 611 915 684; x_wconf 85' lang='lat' dir='ltr'><strong>contingat</strong></span> <span class='ocrx_word' id='word_1_22' title='bbox 927 628 1047 684; x_wconf 91' lang='lat' dir='ltr'><strong>quoquo</strong></span> <span class='ocrx_word' id='word_1_23' title='bbox 1060 613 1151 668; x_wconf 88' lang='lat' dir='ltr'><strong>modo</strong></span> <span class='ocrx_word' id='word_1_24' title='bbox 1163 611 1246 685; x_wconf 89' lang='lat' dir='ltr'><strong>peri·</strong></span> 
     </span>
     <span class='ocr_line' id='line_1_4' title="bbox 86 697 1245 774; baseline 0 -18"><span class='ocrx_word' id='word_1_25' title='bbox 86 700 194 756; x_wconf 89' lang='lat' dir='ltr'><strong>clitari.</strong></span> <span class='ocrx_word' id='word_1_26' title='bbox 232 700 348 774; x_wconf 87' lang='lat' dir='ltr'>Impius</span> <span class='ocrx_word' id='word_1_27' title='bbox 366 700 447 757; x_wconf 90' lang='lat' dir='ltr'><strong>enirn</strong></span> <span class='ocrx_word' id='word_1_28' title='bbox 467 708 496 756; x_wconf 91' lang='lat' dir='ltr'><strong>et</strong></span> <span class='ocrx_word' id='word_1_29' title='bbox 514 700 698 756; x_wconf 89' lang='lat' dir='ltr'><strong>inhumanus</strong></span> <span class='ocrx_word' id='word_1_30' title='bbox 716 707 762 756; x_wconf 88' lang='lat' dir='ltr'><strong>est</strong></span> <span class='ocrx_word' id='word_1_31' title='bbox 780 699 832 772; x_wconf 91' lang='lat' dir='ltr'><strong>qui</strong></span> <span class='ocrx_word' id='word_1_32' title='bbox 850 717 919 756; x_wconf 90' lang='lat' dir='ltr'><strong>cum</strong></span> <span class='ocrx_word' id='word_1_33' title='bbox 935 699 984 755; x_wconf 90' lang='lat' dir='ltr'><strong>dei</strong></span> <span class='ocrx_word' id='word_1_34' title='bbox 1003 697 1143 756; x_wconf 89' lang='lat' dir='ltr'><strong>iudicium</strong></span> <span class='ocrx_word' id='word_1_35' title='bbox 1162 699 1245 756; x_wconf 89' lang='lat' dir='ltr'><strong>nullo</strong></span> 
     </span>
     <span class='ocr_line' id='line_1_5' title="bbox 86 786 1244 861; baseline -0.002 -17"><span class='ocrx_word' id='word_1_36' title='bbox 86 789 181 844; x_wconf 90' lang='lat' dir='ltr'><strong>modo</strong></span> <span class='ocrx_word' id='word_1_37' title='bbox 199 789 294 860; x_wconf 87' lang='lat' dir='ltr'><strong>possit</strong></span> <span class='ocrx_word' id='word_1_38' title='bbox 315 797 451 845; x_wconf 88' lang='lat' dir='ltr'><strong>auertere</strong></span> <span class='ocrx_word' id='word_1_39' title='bbox 459 789 479 858; x_wconf 89' lang='lat'><strong>¹,</strong></span> <span class='ocrx_word' id='word_1_40' title='bbox 498 788 601 861; x_wconf 89' lang='lat' dir='ltr'><strong>plures</strong></span> <span class='ocrx_word' id='word_1_41' title='bbox 619 786 667 844; x_wconf 89' lang='lat' dir='ltr'><strong>sui</strong></span> <span class='ocrx_word' id='word_1_42' title='bbox 686 786 824 860; x_wconf 80' lang='lat' dir='ltr'><strong>(ipsius)¹</strong></span> <span class='ocrx_word' id='word_1_43' title='bbox 842 803 932 844; x_wconf 87' lang='lat' dir='ltr'><strong>causa</strong></span> <span class='ocrx_word' id='word_1_44' title='bbox 953 795 1078 844; x_wconf 91' lang='lat' dir='ltr'><strong>conatur</strong></span> <span class='ocrx_word' id='word_1_45' title='bbox 1097 795 1244 844; x_wconf 84' lang='lat' dir='ltr'><strong>euertere.</strong></span> 
     </span>
     <span class='ocr_line' id='line_1_6' title="bbox 86 873 1273 948; baseline -0.002 -16"><span class='ocrx_word' id='word_1_46' title='bbox 86 875 193 944; x_wconf 86' lang='lat' dir='ltr'><strong>Quare</strong></span> <span class='ocrx_word' id='word_1_47' title='bbox 217 875 350 932; x_wconf 88' lang='lat' dir='ltr'><strong>diuinam</strong></span> <span class='ocrx_word' id='word_1_48' title='bbox 375 893 469 948; x_wconf 85' lang='lat' dir='ltr'><strong>super</strong></span> <span class='ocrx_word' id='word_1_49' title='bbox 493 891 542 932; x_wconf 88' lang='lat' dir='ltr'><strong>me</strong></span> <span class='ocrx_word' id='word_1_50' title='bbox 564 875 745 932; x_wconf 86' lang='lat' dir='ltr'><strong>sententiam</strong></span> <span class='ocrx_word' id='word_1_51' title='bbox 770 873 921 948; x_wconf 86' lang='lat' dir='ltr'><strong>pacificus,</strong></span> <span class='ocrx_word' id='word_1_52' title='bbox 946 891 1006 930; x_wconf 90' lang='lat' dir='ltr'><strong>non</strong></span> <span class='ocrx_word' id='word_1_53' title='bbox 1031 873 1273 946; x_wconf 84' lang='lat' dir='ltr'><strong>belligerando‚5</strong></span> 
     </span>
     <span class='ocr_line' id='line_1_7' title="bbox 86 960 1246 1037; baseline 0 -19"><span class='ocrx_word' id='word_1_54' title='bbox 86 963 220 1020; x_wconf 86' lang='lat' dir='ltr'><strong>libenter</strong></span> <span class='ocrx_word' id='word_1_55' title='bbox 248 963 435 1036; x_wconf 90' lang='lat' dir='ltr'><strong>amplectens</strong></span> <span class='ocrx_word' id='word_1_56' title='bbox 443 962 462 1034; x_wconf 83' lang='lat'><strong>¹,</strong></span> <span class='ocrx_word' id='word_1_57' title='bbox 492 965 653 1037; x_wconf 88' lang='lat' dir='ltr'><strong>presertim</strong></span> <span class='ocrx_word' id='word_1_58' title='bbox 678 980 746 1018; x_wconf 90' lang='lat' dir='ltr'><strong>cum</strong></span> <span class='ocrx_word' id='word_1_59' title='bbox 775 980 831 1035; x_wconf 90' lang='lat' dir='ltr'><strong>per</strong></span> <span class='ocrx_word' id='word_1_60' title='bbox 861 979 896 1018; x_wconf 91' lang='lat' dir='ltr'><strong>os</strong></span> <span class='ocrx_word' id='word_1_61' title='bbox 927 961 1022 1019; x_wconf 87' lang='lat' dir='ltr'><strong>sancti</strong></span> <span class='ocrx_word' id='word_1_62' title='bbox 1047 960 1158 1018; x_wconf 82' lang='lat' dir='ltr'><strong>Aidani</strong></span> <span class='ocrx_word' id='word_1_63' title='bbox 1189 979 1246 1034; x_wconf 89' lang='lat' dir='ltr'><strong>per</strong></span> 
     </span>
     <span class='ocr_line' id='line_1_8' title="bbox 86 1048 1246 1125; baseline -0.003 -17"><span class='ocrx_word' id='word_1_64' title='bbox 86 1049 216 1108; x_wconf 84' lang='lat' dir='ltr'><strong>martirii</strong></span> <span class='ocrx_word' id='word_1_65' title='bbox 228 1051 359 1125; x_wconf 86' lang='lat' dir='ltr'><strong>palmam</strong></span> <span class='ocrx_word' id='word_1_66' title='bbox 377 1052 414 1107; x_wconf 86' lang='lat' dir='ltr'><strong>ad</strong></span> <span class='ocrx_word' id='word_1_67' title='bbox 432 1051 552 1108; x_wconf 90' lang='lat' dir='ltr'><strong>celestis</strong></span> <span class='ocrx_word' id='word_1_68' title='bbox 572 1051 657 1123; x_wconf 88' lang='lat' dir='ltr'><strong>regni</strong></span> <span class='ocrx_word' id='word_1_69' title='bbox 675 1050 781 1123; x_wconf 85' lang='lat' dir='ltr'><strong>gaudia</strong></span> <span class='ocrx_word' id='word_1_70' title='bbox 798 1066 848 1107; x_wconf 91' lang='lat' dir='ltr'><strong>me</strong></span> <span class='ocrx_word' id='word_1_71' title='bbox 863 1048 1058 1105; x_wconf 87' lang='lat' dir='ltr'><strong>transiturum</strong></span> <span class='ocrx_word' id='word_1_72' title='bbox 1075 1049 1246 1122; x_wconf 76' lang='lat' dir='ltr'><strong>agnosco⁴3</strong></span> 
     </span>
     <span class='ocr_line' id='line_1_9' title="bbox 86 1136 1245 1212; baseline -0.001 -18"><span class='ocrx_word' id='word_1_73' title='bbox 86 1157 149 1211; x_wconf 92' lang='lat' dir='ltr'><strong>quo</strong></span> <span class='ocrx_word' id='word_1_74' title='bbox 169 1139 275 1195; x_wconf 89' lang='lat' dir='ltr'><strong>ordine</strong></span> <span class='ocrx_word' id='word_1_75' title='bbox 296 1147 325 1196; x_wconf 89' lang='lat' dir='ltr'><strong>et</strong></span> <span class='ocrx_word' id='word_1_76' title='bbox 347 1147 483 1212; x_wconf 87' lang='lat' dir='ltr'><strong>tempore</strong></span> <span class='ocrx_word' id='word_1_77' title='bbox 503 1138 641 1195; x_wconf 88' lang='lat' dir='ltr'><strong>Christus</strong></span> <span class='ocrx_word' id='word_1_78' title='bbox 665 1136 801 1205; x_wconf 90' lang='lat' dir='ltr'><strong>voluerit,</strong></span> <span class='ocrx_word' id='word_1_79' title='bbox 825 1136 917 1194; x_wconf 91' lang='lat' dir='ltr'><strong>vitam</strong></span> <span class='ocrx_word' id='word_1_80' title='bbox 940 1136 1135 1210; x_wconf 87' lang='lat' dir='ltr'><strong>temporalem</strong></span> <span class='ocrx_word' id='word_1_81' title='bbox 1155 1136 1245 1194; x_wconf 90' lang='lat' dir='ltr'><strong>finire</strong></span> 
     </span>
     <span class='ocr_line' id='line_1_10' title="bbox 86 1223 1245 1296; baseline -0.002 -14"><span class='ocrx_word' id='word_1_82' title='bbox 86 1243 151 1282; x_wconf 90' lang='lat' dir='ltr'><strong>non</strong></span> <span class='ocrx_word' id='word_1_83' title='bbox 177 1229 303 1283; x_wconf 70' lang='lat' dir='ltr'><strong>recuso!</strong></span> <span class='ocrx_word' id='word_1_84' title='bbox 341 1226 410 1283; x_wconf 90' lang='lat' dir='ltr'><strong>Hiis</strong></span> <span class='ocrx_word' id='word_1_85' title='bbox 435 1225 532 1296; x_wconf 90' lang='lat' dir='ltr'><strong>dictis,</strong></span> <span class='ocrx_word' id='word_1_86' title='bbox 558 1227 723 1282; x_wconf 84' lang='lat' dir='ltr'><strong>exercitum</strong></span> <span class='ocrx_word' id='word_1_87' title='bbox 748 1227 871 1281; x_wconf 92' lang='lat' dir='ltr'><strong>domum</strong></span> <span class='ocrx_word' id='word_1_88' title='bbox 898 1223 1014 1282; x_wconf 89' lang='lat' dir='ltr'><strong>remisit</strong></span> <span class='ocrx_word' id='word_1_89' title='bbox 1039 1233 1069 1280; x_wconf 91' lang='lat' dir='ltr'><strong>et</strong></span> <span class='ocrx_word' id='word_1_90' title='bbox 1093 1241 1160 1281; x_wconf 92' lang='lat' dir='ltr'><strong>cum</strong></span> <span class='ocrx_word' id='word_1_91' title='bbox 1184 1242 1245 1281; x_wconf 87' lang='lat' dir='ltr'><strong>vno</strong></span> 
     </span>
     <span class='ocr_line' id='line_1_11' title="bbox 85 1311 1291 1386; baseline -0.002 -16"><span class='ocrx_word' id='word_1_92' title='bbox 85 1323 206 1370; x_wconf 89' lang='lat' dir='ltr'><strong>tantum</strong></span> <span class='ocrx_word' id='word_1_93' title='bbox 229 1314 323 1370; x_wconf 90' lang='lat' dir='ltr'><strong>milite</strong></span> <span class='ocrx_word' id='word_1_94' title='bbox 340 1314 522 1372; x_wconf 91' lang='lat' dir='ltr'><strong>Tondehere</strong></span> <span class='ocrx_word' id='word_1_95' title='bbox 543 1313 666 1370; x_wconf 91' lang='lat' dir='ltr'><strong>nomine</strong></span> <span class='ocrx_word' id='word_1_96' title='bbox 688 1311 719 1368; x_wconf 87' lang='lat' dir='ltr'><strong>in</strong></span> <span class='ocrx_word' id='word_1_97' title='bbox 739 1311 921 1386; x_wconf 80' lang='lat' dir='ltr'><strong>Gedlingum</strong></span> <span class='ocrx_word' id='word_1_98' title='bbox 942 1311 971 1368; x_wconf 88' lang='lat' dir='ltr'><strong>in</strong></span> <span class='ocrx_word' id='word_1_99' title='bbox 993 1312 1117 1368; x_wconf 89' lang='lat' dir='ltr'><strong>domum</strong></span> <span class='ocrx_word' id='word_1_100' title='bbox 1139 1311 1244 1368; x_wconf 90' lang='lat' dir='ltr'><strong>Hune·</strong></span> <span class='ocrx_word' id='word_1_101' title='bbox 1259 1329 1291 1368; x_wconf 88' lang='lat' dir='ltr'><strong>ro</strong></span> 
     </span>
     <span class='ocr_line' id='line_1_12' title="bbox 85 1399 1245 1473; baseline -0.002 -15"><span class='ocrx_word' id='word_1_102' title='bbox 85 1401 182 1458; x_wconf 85' lang='lat' dir='ltr'><strong>waldi</strong></span> <span class='ocrx_word' id='word_1_103' title='bbox 195 1401 321 1472; x_wconf 90' lang='lat' dir='ltr'><strong>comitis,</strong></span> <span class='ocrx_word' id='word_1_104' title='bbox 334 1401 382 1458; x_wconf 93' lang='lat' dir='ltr'><strong>cui</strong></span> <span class='ocrx_word' id='word_1_105' title='bbox 393 1401 493 1459; x_wconf 89' lang='lat' dir='ltr'><strong>vicum</strong></span> <span class='ocrx_word' id='word_1_106' title='bbox 507 1401 590 1457; x_wconf 90' lang='lat' dir='ltr'><strong>illum</strong></span> <span class='ocrx_word' id='word_1_107' title='bbox 605 1409 635 1457; x_wconf 91' lang='lat' dir='ltr'><strong>et</strong></span> <span class='ocrx_word' id='word_1_108' title='bbox 653 1400 746 1456; x_wconf 91' lang='lat' dir='ltr'><strong>multa</strong></span> <span class='ocrx_word' id='word_1_109' title='bbox 765 1399 930 1456; x_wconf 88' lang='lat' dir='ltr'><strong>contulerat</strong></span> <span class='ocrx_word' id='word_1_110' title='bbox 943 1399 1056 1473; x_wconf 85' lang='lat' dir='ltr'><strong>predia,</strong></span> <span class='ocrx_word' id='word_1_111' title='bbox 1071 1417 1105 1456; x_wconf 87' lang='lat' dir='ltr'><strong>se</strong></span> <span class='ocrx_word' id='word_1_112' title='bbox 1122 1401 1245 1472; x_wconf 89' lang='lat' dir='ltr'><strong>recepit.</strong></span> 
     </span>
     <span class='ocr_line' id='line_1_13' title="bbox 87 1486 1244 1560; baseline -0.001 -15"><span class='ocrx_word' id='word_1_113' title='bbox 87 1489 300 1546; x_wconf 83' lang='lat' dir='ltr'><strong>Hunewaldus</strong></span> <span class='ocrx_word' id='word_1_114' title='bbox 325 1498 426 1547; x_wconf 86' lang='lat' dir='ltr'><strong>autem</strong></span> <span class='ocrx_word' id='word_1_115' title='bbox 449 1504 518 1546; x_wconf 91' lang='lat' dir='ltr'><strong>eum</strong></span> <span class='ocrx_word' id='word_1_116' title='bbox 543 1489 575 1544; x_wconf 90' lang='lat' dir='ltr'><strong>in</strong></span> <span class='ocrx_word' id='word_1_117' title='bbox 596 1489 742 1556; x_wconf 89' lang='lat' dir='ltr'><strong>conclaui,</strong></span> <span class='ocrx_word' id='word_1_118' title='bbox 760 1487 847 1560; x_wconf 90' lang='lat' dir='ltr'><strong>quasi</strong></span> <span class='ocrx_word' id='word_1_119' title='bbox 865 1486 1022 1544; x_wconf 90' lang='lat' dir='ltr'><strong>decentius</strong></span> <span class='ocrx_word' id='word_1_120' title='bbox 1044 1487 1244 1544; x_wconf 81' lang='lat' dir='ltr'><strong>habitaturum</strong></span> 
     </span>
     <span class='ocr_line' id='line_1_14' title="bbox 85 1573 1244 1651; baseline -0.001 -18"><span class='ocrx_word' id='word_1_121' title='bbox 85 1577 265 1648; x_wconf 86' lang='lat' dir='ltr'><strong>introduxit,</strong></span> <span class='ocrx_word' id='word_1_122' title='bbox 284 1577 393 1651; x_wconf 90' lang='lat' dir='ltr'><strong>deique</strong></span> <span class='ocrx_word' id='word_1_123' title='bbox 411 1577 520 1634; x_wconf 91' lang='lat' dir='ltr'><strong>timore</strong></span> <span class='ocrx_word' id='word_1_124' title='bbox 538 1575 714 1650; x_wconf 86' lang='lat' dir='ltr'><strong>postposito,</strong></span> <span class='ocrx_word' id='word_1_125' title='bbox 732 1573 796 1647; x_wconf 83' lang='lat' dir='ltr'><strong>regi</strong></span> <span class='ocrx_word' id='word_1_126' title='bbox 817 1573 1033 1645; x_wconf 75' lang='lat' dir='ltr'><strong>berniciorum,</strong></span> <span class='ocrx_word' id='word_1_127' title='bbox 1052 1575 1122 1648; x_wconf 85' lang='lat' dir='ltr'><strong>quia</strong></span> <span class='ocrx_word' id='word_1_128' title='bbox 1140 1592 1244 1648; x_wconf 89' lang='lat' dir='ltr'><strong>regem</strong></span> 
     </span>
     <span class='ocr_line' id='line_1_15' title="bbox 87 1661 1244 1738; baseline -0.002 -17"><span class='ocrx_word' id='word_1_129' title='bbox 87 1665 250 1722; x_wconf 84' lang='lat' dir='ltr'><strong>Oswinum</strong></span> <span class='ocrx_word' id='word_1_130' title='bbox 264 1666 320 1722; x_wconf 87' lang='lat' dir='ltr'><strong>sibi</strong></span> <span class='ocrx_word' id='word_1_131' title='bbox 334 1667 465 1723; x_wconf 91' lang='lat' dir='ltr'><strong>traderet</strong></span> <span class='ocrx_word' id='word_1_132' title='bbox 477 1665 681 1738; x_wconf 87' lang='lat' dir='ltr'><strong>iugulandum,</strong></span> <span class='ocrx_word' id='word_1_133' title='bbox 691 1663 839 1721; x_wconf 87' lang='lat' dir='ltr'><strong>scelestus</strong></span> <span class='ocrx_word' id='word_1_134' title='bbox 852 1661 989 1718; x_wconf 89' lang='lat' dir='ltr'><strong>innotuit.</strong></span> <span class='ocrx_word' id='word_1_135' title='bbox 1015 1662 1153 1719; x_wconf 88' lang='lat' dir='ltr'><strong>Audiens</strong></span> <span class='ocrx_word' id='word_1_136' title='bbox 1163 1662 1244 1720; x_wconf 90' lang='lat' dir='ltr'><strong>enim</strong></span> 
     </span>
     <span class='ocr_line' id='line_1_16' title="bbox 85 1749 1288 1823; baseline -0.003 -15"><span class='ocrx_word' id='word_1_137' title='bbox 85 1753 146 1808; x_wconf 90' lang='lat' dir='ltr'><strong>hoc</strong></span> <span class='ocrx_word' id='word_1_138' title='bbox 159 1769 214 1808; x_wconf 84' lang='lat' dir='ltr'><strong>rex</strong></span> <span class='ocrx_word' id='word_1_139' title='bbox 228 1752 320 1821; x_wconf 88' lang='lat' dir='ltr'><strong>Oswi,</strong></span> <span class='ocrx_word' id='word_1_140' title='bbox 335 1753 538 1809; x_wconf 89' lang='lat' dir='ltr'><strong>Ethelwinum</strong></span> <span class='ocrx_word' id='word_1_141' title='bbox 551 1753 658 1808; x_wconf 90' lang='lat' dir='ltr'><strong>domus</strong></span> <span class='ocrx_word' id='word_1_142' title='bbox 671 1768 726 1808; x_wconf 90' lang='lat' dir='ltr'><strong>sue</strong></span> <span class='ocrx_word' id='word_1_143' title='bbox 738 1749 926 1823; x_wconf 88' lang='lat' dir='ltr'><strong>prepositum</strong></span> <span class='ocrx_word' id='word_1_144' title='bbox 939 1749 1025 1806; x_wconf 65' lang='grc' dir='ltr'><strong>ἰΙΙικ5</strong></span> <span class='ocrx_word' id='word_1_145' title='bbox 1038 1750 1156 1818; x_wconf 84' lang='lat' dir='ltr'><strong>direxit,</strong></span> <span class='ocrx_word' id='word_1_146' title='bbox 1169 1758 1199 1806; x_wconf 92' lang='lat' dir='ltr'><strong>et</strong></span> <span class='ocrx_word' id='word_1_147' title='bbox 1211 1759 1243 1806; x_wconf 85' lang='lat' dir='ltr'><strong>vt</strong></span> <span class='ocrx_word' id='word_1_148' title='bbox 1259 1767 1288 1820; x_wconf 88' lang='lat'><strong>15</strong></span> 
     </span>
     <span class='ocr_line' id='line_1_17' title="bbox 85 1837 1244 1912; baseline -0.002 -16"><span class='ocrx_word' id='word_1_149' title='bbox 85 1857 195 1912; x_wconf 87' lang='lat' dir='ltr'><strong>regem</strong></span> <span class='ocrx_word' id='word_1_150' title='bbox 214 1839 392 1898; x_wconf 81' lang='lat' dir='ltr'><strong>Oswinum⁶</strong></span> <span class='ocrx_word' id='word_1_151' title='bbox 410 1839 595 1897; x_wconf 90' lang='lat' dir='ltr'><strong>interimeret</strong></span> <span class='ocrx_word' id='word_1_152' title='bbox 617 1837 784 1911; x_wconf 89' lang='lat' dir='ltr'><strong>imperauit.</strong></span> <span class='ocrx_word' id='word_1_153' title='bbox 823 1837 890 1908; x_wconf 85' lang='lat' dir='ltr'><strong>Quo</strong></span> <span class='ocrx_word' id='word_1_154' title='bbox 909 1856 978 1894; x_wconf 91' lang='lat' dir='ltr'><strong>cum</strong></span> <span class='ocrx_word' id='word_1_155' title='bbox 997 1837 1194 1911; x_wconf 89' lang='lat' dir='ltr'><strong>peruenisset,</strong></span> <span class='ocrx_word' id='word_1_156' title='bbox 1214 1845 1244 1894; x_wconf 88' lang='lat' dir='ltr'><strong>et</strong></span> 
     </span>
     <span class='ocr_line' id='line_1_18' title="bbox 85 1924 1244 1998; baseline -0.003 -14"><span class='ocrx_word' id='word_1_157' title='bbox 85 1927 234 1984; x_wconf 89' lang='lat' dir='ltr'><strong>Oswinus</strong></span> <span class='ocrx_word' id='word_1_158' title='bbox 251 1928 288 1984; x_wconf 88' lang='lat' dir='ltr'><strong>ab</strong></span> <span class='ocrx_word' id='word_1_159' title='bbox 303 1927 493 1984; x_wconf 89' lang='lat' dir='ltr'><strong>Hunewaldo</strong></span> <span class='ocrx_word' id='word_1_160' title='bbox 506 1927 563 1984; x_wconf 85' lang='lat' dir='ltr'><strong>sibi</strong></span> <span class='ocrx_word' id='word_1_161' title='bbox 576 1927 702 1983; x_wconf 89' lang='lat' dir='ltr'><strong>traditus</strong></span> <span class='ocrx_word' id='word_1_162' title='bbox 717 1925 831 1994; x_wconf 85' lang='lat' dir='ltr'><strong>fuisset,</strong></span> <span class='ocrx_word' id='word_1_163' title='bbox 845 1925 885 1982; x_wconf 91' lang='lat' dir='ltr'><strong>ait</strong></span> <span class='ocrx_word' id='word_1_164' title='bbox 901 1943 974 1982; x_wconf 85' lang='lat' dir='ltr'><strong>rex:</strong></span> <span class='ocrx_word' id='word_1_165' title='bbox 995 1925 1089 1996; x_wconf 81' lang='lat' dir='ltr'><strong>‘Quia</strong></span> <span class='ocrx_word' id='word_1_166' title='bbox 1106 1924 1244 1998; x_wconf 90' lang='lat' dir='ltr'><strong>nequiter</strong></span> 
     </span>
     <span class='ocr_line' id='line_1_19' title="bbox 85 2012 1242 2086; baseline 0 -16"><span class='ocrx_word' id='word_1_167' title='bbox 85 2015 225 2086; x_wconf 88' lang='lat' dir='ltr'><strong>traditus,</strong></span> <span class='ocrx_word' id='word_1_168' title='bbox 239 2015 384 2072; x_wconf 88' lang='lat' dir='ltr'><strong>innocens</strong></span> <span class='ocrx_word' id='word_1_169' title='bbox 401 2014 519 2072; x_wconf 88' lang='lat' dir='ltr'><strong>avobis</strong></span> <span class='ocrx_word' id='word_1_170' title='bbox 536 2015 637 2072; x_wconf 87' lang='lat' dir='ltr'><strong>iussus</strong></span> <span class='ocrx_word' id='word_1_171' title='bbox 654 2031 721 2072; x_wconf 92' lang='lat' dir='ltr'><strong>surn</strong></span> <span class='ocrx_word' id='word_1_172' title='bbox 738 2012 840 2083; x_wconf 90' lang='lat' dir='ltr'><strong>occidi,</strong></span> <span class='ocrx_word' id='word_1_173' title='bbox 853 2029 962 2086; x_wconf 91' lang='lat' dir='ltr'><strong>precor</strong></span> <span class='ocrx_word' id='word_1_174' title='bbox 972 2023 1004 2070; x_wconf 85' lang='lat' dir='ltr'><strong>vt</strong></span> <span class='ocrx_word' id='word_1_175' title='bbox 1021 2013 1101 2070; x_wconf 93' lang='lat' dir='ltr'><strong>hunc</strong></span> <span class='ocrx_word' id='word_1_176' title='bbox 1118 2012 1242 2070; x_wconf 89' lang='lat' dir='ltr'><strong>militem</strong></span> 
     </span>
     <span class='ocr_line' id='line_1_20' title="bbox 84 2099 1242 2177; baseline -0.001 -19"><span class='ocrx_word' id='word_1_177' title='bbox 84 2103 184 2159; x_wconf 90' lang='lat' dir='ltr'><strong>libere</strong></span> <span class='ocrx_word' id='word_1_178' title='bbox 202 2102 381 2177; x_wconf 85' lang='lat' dir='ltr'><strong>permittatis</strong></span> <span class='ocrx_word' id='word_1_179' title='bbox 399 2101 490 2172; x_wconf 90' lang='lat' dir='ltr'><strong>abire,</strong></span> <span class='ocrx_word' id='word_1_180' title='bbox 504 2119 560 2158; x_wconf 90' lang='lat' dir='ltr'><strong>nec</strong></span> <span class='ocrx_word' id='word_1_181' title='bbox 579 2101 638 2158; x_wconf 93' lang='lat' dir='ltr'><strong>mei</strong></span> <span class='ocrx_word' id='word_1_182' title='bbox 656 2118 746 2158; x_wconf 90' lang='lat' dir='ltr'><strong>causa</strong></span> <span class='ocrx_word' id='word_1_183' title='bbox 761 2099 875 2158; x_wconf 81' lang='lat' dir='ltr'><strong>faciatis</strong></span> <span class='ocrx_word' id='word_1_184' title='bbox 892 2119 962 2158; x_wconf 92' lang='lat' dir='ltr'><strong>eum</strong></span> <span class='ocrx_word' id='word_1_185' title='bbox 980 2109 1108 2158; x_wconf 90' lang='lat' dir='ltr'><strong>mortem</strong></span> <span class='ocrx_word' id='word_1_186' title='bbox 1122 2101 1242 2158; x_wconf 71' lang='lat' dir='ltr'><strong>subire!</strong></span> 
     </span>
     <span class='ocr_line' id='line_1_21' title="bbox 86 2188 1290 2263; baseline 0 -17"><span class='ocrx_word' id='word_1_187' title='bbox 86 2189 197 2248; x_wconf 87' lang='lat' dir='ltr'><strong>Maluit</strong></span> <span class='ocrx_word' id='word_1_188' title='bbox 215 2200 316 2247; x_wconf 89' lang='lat' dir='ltr'><strong>tamen</strong></span> <span class='ocrx_word' id='word_1_189' title='bbox 337 2191 424 2247; x_wconf 90' lang='lat' dir='ltr'><strong>miles</strong></span> <span class='ocrx_word' id='word_1_190' title='bbox 443 2189 532 2246; x_wconf 84' lang='lat' dir='ltr'><strong>morti</strong></span> <span class='ocrx_word' id='word_1_191' title='bbox 550 2190 758 2258; x_wconf 89' lang='lat' dir='ltr'><strong>succumbere,</strong></span> <span class='ocrx_word' id='word_1_192' title='bbox 771 2205 861 2263; x_wconf 90' lang='lat' dir='ltr'><strong>quam</strong></span> <span class='ocrx_word' id='word_1_193' title='bbox 879 2197 997 2246; x_wconf 91' lang='lat' dir='ltr'><strong>mortuo</strong></span> <span class='ocrx_word' id='word_1_194' title='bbox 1009 2188 1139 2258; x_wconf 89' lang='lat' dir='ltr'><strong>domino,</strong></span> <span class='ocrx_word' id='word_1_195' title='bbox 1153 2188 1242 2245; x_wconf 86' lang='lat' dir='ltr'><strong>etiam</strong></span> <span class='ocrx_word' id='word_1_196' title='bbox 1258 2207 1290 2246; x_wconf 84' lang='lat' dir='ltr'><strong>ao</strong></span> 
     </span>
     <span class='ocr_line' id='line_1_22' title="bbox 85 2275 1242 2351; baseline -0.001 -16"><span class='ocrx_word' id='word_1_197' title='bbox 85 2278 113 2335; x_wconf 92' lang='lat' dir='ltr'><strong>si</strong></span> <span class='ocrx_word' id='word_1_198' title='bbox 126 2277 214 2351; x_wconf 88' lang='lat' dir='ltr'><strong>copia</strong></span> <span class='ocrx_word' id='word_1_199' title='bbox 226 2280 356 2347; x_wconf 91' lang='lat' dir='ltr'><strong>daretur,</strong></span> <span class='ocrx_word' id='word_1_200' title='bbox 370 2278 576 2350; x_wconf 90' lang='lat' dir='ltr'><strong>superuiuere.</strong></span> <span class='ocrx_word' id='word_1_201' title='bbox 614 2276 741 2350; x_wconf 86' lang='lat' dir='ltr'><strong>Excepit</strong></span> <span class='ocrx_word' id='word_1_202' title='bbox 761 2277 861 2350; x_wconf 90' lang='lat' dir='ltr'><strong>itaque</strong></span> <span class='ocrx_word' id='word_1_203' title='bbox 878 2294 933 2333; x_wconf 83' lang='lat' dir='ltr'><strong>rex</strong></span> <span class='ocrx_word' id='word_1_204' title='bbox 946 2275 1090 2333; x_wconf 89' lang='lat' dir='ltr'><strong>Oswinus</strong></span> <span class='ocrx_word' id='word_1_205' title='bbox 1102 2294 1161 2333; x_wconf 86' lang='lat' dir='ltr'><strong>vna</strong></span> <span class='ocrx_word' id='word_1_206' title='bbox 1173 2295 1242 2334; x_wconf 90' lang='lat' dir='ltr'><strong>curn</strong></span> 
     </span>
     <span class='ocr_line' id='line_1_23' title="bbox 83 2363 1242 2438; baseline -0.003 -16"><span class='ocrx_word' id='word_1_207' title='bbox 83 2365 183 2422; x_wconf 90' lang='lat' dir='ltr'><strong>milite</strong></span> <span class='ocrx_word' id='word_1_208' title='bbox 200 2382 257 2421; x_wconf 89' lang='lat' dir='ltr'><strong>suo</strong></span> <span class='ocrx_word' id='word_1_209' title='bbox 273 2365 377 2422; x_wconf 89' lang='lat' dir='ltr'><strong>mortis</strong></span> <span class='ocrx_word' id='word_1_210' title='bbox 394 2366 584 2436; x_wconf 89' lang='lat' dir='ltr'><strong>sententiam,</strong></span> <span class='ocrx_word' id='word_1_211' title='bbox 602 2374 632 2421; x_wconf 92' lang='lat' dir='ltr'><strong>et</strong></span> <span class='ocrx_word' id='word_1_212' title='bbox 650 2364 746 2422; x_wconf 88' lang='lat' dir='ltr'><strong>effuso</strong></span> <span class='ocrx_word' id='word_1_213' title='bbox 764 2363 912 2437; x_wconf 78' lang='lat' dir='ltr'><strong>sanguine</strong></span> <span class='ocrx_word' id='word_1_214' title='bbox 930 2382 994 2433; x_wconf 91' lang='lat' dir='ltr'><strong>suo,</strong></span> <span class='ocrx_word' id='word_1_215' title='bbox 1013 2373 1190 2438; x_wconf 90' lang='lat' dir='ltr'><strong>perpetuam</strong></span> <span class='ocrx_word' id='word_1_216' title='bbox 1211 2365 1242 2420; x_wconf 92' lang='lat' dir='ltr'><strong>in</strong></span> 
     </span>
     <span class='ocr_line' id='line_1_24' title="bbox 85 2451 1243 2526; baseline -0.002 -16"><span class='ocrx_word' id='word_1_217' title='bbox 85 2453 153 2510; x_wconf 93' lang='lat' dir='ltr'><strong>celo</strong></span> <span class='ocrx_word' id='word_1_218' title='bbox 166 2453 268 2526; x_wconf 85' lang='lat' dir='ltr'><strong>adepti</strong></span> <span class='ocrx_word' id='word_1_219' title='bbox 282 2462 353 2510; x_wconf 90' lang='lat' dir='ltr'><strong>sunt</strong></span> <span class='ocrx_word' id='word_1_220' title='bbox 366 2453 564 2523; x_wconf 88' lang='lat' dir='ltr'><strong>mansionem,</strong></span> <span class='ocrx_word' id='word_1_221' title='bbox 574 2452 663 2510; x_wconf 84' lang='lat' dir='ltr'><strong>tertio</strong></span> <span class='ocrx_word' id='word_1_222' title='bbox 673 2453 789 2509; x_wconf 90' lang='lat' dir='ltr'><strong>decimo</strong></span> <span class='ocrx_word' id='word_1_223' title='bbox 799 2452 855 2508; x_wconf 85' lang='lat' dir='ltr'><strong>kal.</strong></span> <span class='ocrx_word' id='word_1_224' title='bbox 864 2452 1054 2525; x_wconf 90' lang='lat' dir='ltr'><strong>septembris,</strong></span> <span class='ocrx_word' id='word_1_225' title='bbox 1064 2470 1144 2509; x_wconf 90' lang='lat' dir='ltr'><strong>anno</strong></span> <span class='ocrx_word' id='word_1_226' title='bbox 1157 2451 1243 2524; x_wconf 87' lang='lat' dir='ltr'><strong>regni</strong></span> 
     </span>
     <span class='ocr_line' id='line_1_25' title="bbox 84 2529 1243 2614; baseline -0.003 -14"><span class='ocrx_word' id='word_1_227' title='bbox 84 2541 154 2600; x_wconf 90' lang='lat' dir='ltr'><strong>eius</strong></span> <span class='ocrx_word' id='word_1_228' title='bbox 180 2559 270 2598; x_wconf 90' lang='lat' dir='ltr'><strong>nono.</strong></span> <span class='ocrx_word' id='word_1_229' title='bbox 315 2529 393 2600; x_wconf 86' lang='lat' dir='ltr'><strong>Erat</strong></span> <span class='ocrx_word' id='word_1_230' title='bbox 421 2540 564 2613; x_wconf 82' lang='lat' dir='ltr'><strong>[autem]⁷</strong></span> <span class='ocrx_word' id='word_1_231' title='bbox 591 2559 645 2598; x_wconf 83' lang='lat' dir='ltr'><strong>rex</strong></span> <span class='ocrx_word' id='word_1_232' title='bbox 668 2539 812 2596; x_wconf 89' lang='lat' dir='ltr'><strong>Oswinus</strong></span> <span class='ocrx_word' id='word_1_233' title='bbox 837 2548 867 2596; x_wconf 91' lang='lat' dir='ltr'><strong>et</strong></span> <span class='ocrx_word' id='word_1_234' title='bbox 891 2549 1015 2614; x_wconf 87' lang='lat' dir='ltr'><strong>aspectu</strong></span> <span class='ocrx_word' id='word_1_235' title='bbox 1037 2549 1192 2610; x_wconf 90' lang='lat' dir='ltr'><strong>venustus,</strong></span> <span class='ocrx_word' id='word_1_236' title='bbox 1212 2548 1243 2596; x_wconf 92' lang='lat' dir='ltr'><strong>et</strong></span> 
     </span>
     <span class='ocr_line' id='line_1_26' title="bbox 84 2627 1288 2700; baseline -0.004 -14"><span class='ocrx_word' id='word_1_237' title='bbox 84 2637 202 2686; x_wconf 90' lang='lat' dir='ltr'><strong>statura</strong></span> <span class='ocrx_word' id='word_1_238' title='bbox 222 2629 360 2686; x_wconf 88' lang='lat' dir='ltr'><strong>sublimis</strong></span> <span class='ocrx_word' id='word_1_239' title='bbox 368 2629 387 2700; x_wconf 76' lang='lat'><strong>⁸,</strong></span> <span class='ocrx_word' id='word_1_240' title='bbox 400 2629 490 2686; x_wconf 85' lang='lat' dir='ltr'><strong>affatu</strong></span> <span class='ocrx_word' id='word_1_241' title='bbox 509 2629 664 2696; x_wconf 90' lang='lat' dir='ltr'><strong>iocundus‚</strong></span> <span class='ocrx_word' id='word_1_242' title='bbox 677 2627 811 2684; x_wconf 90' lang='lat' dir='ltr'><strong>moribus</strong></span> <span class='ocrx_word' id='word_1_243' title='bbox 830 2627 933 2696; x_wconf 92' lang='lat' dir='ltr'><strong>ciuilis,</strong></span> <span class='ocrx_word' id='word_1_244' title='bbox 947 2637 976 2684; x_wconf 91' lang='lat' dir='ltr'><strong>et</strong></span> <span class='ocrx_word' id='word_1_245' title='bbox 993 2645 1084 2684; x_wconf 90' lang='lat' dir='ltr'><strong>manu</strong></span> <span class='ocrx_word' id='word_1_246' title='bbox 1103 2627 1242 2684; x_wconf 90' lang='lat' dir='ltr'><strong>omnibus</strong></span> <span class='ocrx_word' id='word_1_247' title='bbox 1259 2645 1288 2698; x_wconf 86' lang='lat'><strong>²⁵</strong></span> 
     </span>
     <span class='ocr_line' id='line_1_27' title="bbox 85 2715 1243 2791; baseline -0.001 -18"><span class='ocrx_word' id='word_1_248' title='bbox 85 2716 238 2773; x_wconf 91' lang='lat' dir='ltr'><strong>nobilibus</strong></span> <span class='ocrx_word' id='word_1_249' title='bbox 252 2717 341 2773; x_wconf 89' lang='lat' dir='ltr'><strong>simul</strong></span> <span class='ocrx_word' id='word_1_250' title='bbox 354 2725 384 2773; x_wconf 91' lang='lat' dir='ltr'><strong>et</strong></span> <span class='ocrx_word' id='word_1_251' title='bbox 396 2716 576 2791; x_wconf 82' lang='lat' dir='ltr'><strong>ignobilibus</strong></span> <span class='ocrx_word' id='word_1_252' title='bbox 591 2717 702 2789; x_wconf 81' lang='lat' dir='ltr'><strong>largus.</strong></span> <span class='ocrx_word' id='word_1_253' title='bbox 738 2715 826 2772; x_wconf 90' lang='lat' dir='ltr'><strong>Vnde</strong></span> <span class='ocrx_word' id='word_1_254' title='bbox 839 2715 878 2770; x_wconf 92' lang='lat' dir='ltr'><strong>ob</strong></span> <span class='ocrx_word' id='word_1_255' title='bbox 891 2715 1004 2788; x_wconf 87' lang='lat' dir='ltr'><strong>regiam</strong></span> <span class='ocrx_word' id='word_1_256' title='bbox 1021 2715 1113 2772; x_wconf 87' lang='lat' dir='ltr'><strong>animi</strong></span> <span class='ocrx_word' id='word_1_257' title='bbox 1130 2715 1196 2772; x_wconf 89' lang='lat' dir='ltr'><strong>eius</strong></span> <span class='ocrx_word' id='word_1_258' title='bbox 1213 2724 1243 2772; x_wconf 90' lang='lat' dir='ltr'><strong>et</strong></span> 
     </span>
     <span class='ocr_line' id='line_1_28' title="bbox 84 2802 1243 2877; baseline -0.001 -16"><span class='ocrx_word' id='word_1_259' title='bbox 84 2805 188 2861; x_wconf 88' lang='lat' dir='ltr'><strong>vultus</strong></span> <span class='ocrx_word' id='word_1_260' title='bbox 202 2813 233 2861; x_wconf 92' lang='lat' dir='ltr'><strong>et</strong></span> <span class='ocrx_word' id='word_1_261' title='bbox 246 2805 421 2862; x_wconf 89' lang='lat' dir='ltr'><strong>meritorum</strong></span> <span class='ocrx_word' id='word_1_262' title='bbox 434 2804 609 2877; x_wconf 78' lang='lat' dir='ltr'><strong>dignitatem</strong></span> <span class='ocrx_word' id='word_1_263' title='bbox 622 2804 659 2860; x_wconf 90' lang='lat' dir='ltr'><strong>ab</strong></span> <span class='ocrx_word' id='word_1_264' title='bbox 672 2803 810 2860; x_wconf 86' lang='lat' dir='ltr'><strong>omnibus</strong></span> <span class='ocrx_word' id='word_1_265' title='bbox 822 2802 1009 2876; x_wconf 87' lang='lat' dir='ltr'><strong>diligebatur,</strong></span> <span class='ocrx_word' id='word_1_266' title='bbox 1020 2812 1050 2860; x_wconf 90' lang='lat' dir='ltr'><strong>et</strong></span> <span class='ocrx_word' id='word_1_267' title='bbox 1061 2802 1192 2876; x_wconf 84' lang='lat' dir='ltr'><strong>undique</strong></span> <span class='ocrx_word' id='word_1_268' title='bbox 1205 2803 1243 2860; x_wconf 86' lang='lat' dir='ltr'><strong>ad</strong></span> 
     </span>
     <span class='ocr_line' id='line_1_29' title="bbox 85 2889 1243 2965; baseline -0.003 -16"><span class='ocrx_word' id='word_1_269' title='bbox 85 2891 154 2950; x_wconf 90' lang='lat' dir='ltr'><strong>eius</strong></span> <span class='ocrx_word' id='word_1_270' title='bbox 171 2891 372 2950; x_wconf 88' lang='lat' dir='ltr'><strong>ministerium</strong></span> <span class='ocrx_word' id='word_1_271' title='bbox 390 2894 428 2949; x_wconf 94' lang='lat' dir='ltr'><strong>de</strong></span> <span class='ocrx_word' id='word_1_272' title='bbox 445 2892 560 2949; x_wconf 90' lang='lat' dir='ltr'><strong>cunctis</strong></span> <span class='ocrx_word' id='word_1_273' title='bbox 577 2909 672 2965; x_wconf 88' lang='lat' dir='ltr'><strong>prope</strong></span> <span class='ocrx_word' id='word_1_274' title='bbox 689 2890 853 2964; x_wconf 88' lang='lat' dir='ltr'><strong>prouinciis</strong></span> <span class='ocrx_word' id='word_1_275' title='bbox 864 2890 920 2947; x_wconf 84' lang='lat' dir='ltr'><strong>viri</strong></span> <span class='ocrx_word' id='word_1_276' title='bbox 938 2891 1028 2947; x_wconf 87' lang='lat' dir='ltr'><strong>etiam</strong></span> <span class='ocrx_word' id='word_1_277' title='bbox 1041 2889 1156 2947; x_wconf 88' lang='lat' dir='ltr'><strong>nobiles</strong></span> <span class='ocrx_word' id='word_1_278' title='bbox 1173 2909 1243 2946; x_wconf 91' lang='lat' dir='ltr'><strong>con·</strong></span> 
     </span>
     <span class='ocr_line' id='line_1_30' title="bbox 84 2968 1243 3051; baseline -0.001 -15"><span class='ocrx_word' id='word_1_279' title='bbox 84 2980 258 3036; x_wconf 86' lang='lat' dir='ltr'><strong>currebant.</strong></span> <span class='ocrx_word' id='word_1_280' title='bbox 332 2968 512 3036; x_wconf 84' lang='lat' dir='ltr'><strong>Donauerat</strong></span> <span class='ocrx_word' id='word_1_281' title='bbox 524 2989 624 3036; x_wconf 89' lang='lat' dir='ltr'><strong>autem</strong></span> <span class='ocrx_word' id='word_1_282' title='bbox 637 2997 690 3035; x_wconf 83' lang='lat' dir='ltr'><strong>rex</strong></span> <span class='ocrx_word' id='word_1_283' title='bbox 705 2978 847 3036; x_wconf 90' lang='lat' dir='ltr'><strong>Oswinus</strong></span> <span class='ocrx_word' id='word_1_284' title='bbox 860 2995 972 3051; x_wconf 90' lang='lat' dir='ltr'><strong>equum</strong></span> <span class='ocrx_word' id='word_1_285' title='bbox 982 2979 1086 3036; x_wconf 74' lang='lat' dir='ltr'><strong>suum&#39;</strong></span> <span class='ocrx_word' id='word_1_286' title='bbox 1096 2977 1243 3050; x_wconf 85' lang='lat' dir='ltr'><strong>optimum</strong></span> 
     </span>
     <span class='ocr_line' id='line_1_31' title="bbox 83 3066 1291 3141; baseline -0.002 -17"><span class='ocrx_word' id='word_1_287' title='bbox 83 3067 209 3124; x_wconf 83' lang='lat' dir='ltr'><strong>Aidano</strong></span> <span class='ocrx_word' id='word_1_288' title='bbox 219 3066 369 3140; x_wconf 90' lang='lat' dir='ltr'><strong>episcopo,</strong></span> <span class='ocrx_word' id='word_1_289' title='bbox 378 3085 414 3124; x_wconf 89' lang='lat' dir='ltr'><strong>eo</strong></span> <span class='ocrx_word' id='word_1_290' title='bbox 423 3069 503 3141; x_wconf 90' lang='lat' dir='ltr'><strong>quod</strong></span> <span class='ocrx_word' id='word_1_291' title='bbox 513 3067 609 3141; x_wconf 85' lang='lat' dir='ltr'><strong>magis</strong></span> <span class='ocrx_word' id='word_1_292' title='bbox 619 3067 747 3140; x_wconf 90' lang='lat' dir='ltr'><strong>pedibus</strong></span> <span class='ocrx_word' id='word_1_293' title='bbox 760 3083 897 3139; x_wconf 81' lang='lat' dir='ltr'><strong>pergere,</strong></span> <span class='ocrx_word' id='word_1_294' title='bbox 905 3083 995 3139; x_wconf 86' lang='lat' dir='ltr'><strong>quarn</strong></span> <span class='ocrx_word' id='word_1_295' title='bbox 1005 3083 1083 3139; x_wconf 91' lang='lat' dir='ltr'><strong>equo</strong></span> <span class='ocrx_word' id='word_1_296' title='bbox 1092 3066 1162 3123; x_wconf 89' lang='lat' dir='ltr'><strong>vehi</strong></span> <span class='ocrx_word' id='word_1_297' title='bbox 1173 3083 1243 3122; x_wconf 91' lang='lat' dir='ltr'><strong>con·</strong></span> <span class='ocrx_word' id='word_1_298' title='bbox 1258 3083 1291 3133; x_wconf 77' lang='lat'><strong>30</strong></span> 
     </span>
     <span class='ocr_line' id='line_1_32' title="bbox 84 3153 1243 3228; baseline -0.003 -16"><span class='ocrx_word' id='word_1_299' title='bbox 84 3163 240 3212; x_wconf 78' lang='lat' dir='ltr'><strong>euenerat.</strong></span> <span class='ocrx_word' id='word_1_300' title='bbox 267 3153 325 3225; x_wconf 81' lang='lat' dir='ltr'><strong>Qui</strong></span> <span class='ocrx_word' id='word_1_301' title='bbox 339 3157 396 3212; x_wconf 91' lang='lat' dir='ltr'><strong>cito</strong></span> <span class='ocrx_word' id='word_1_302' title='bbox 409 3156 600 3228; x_wconf 89' lang='lat' dir='ltr'><strong>postmodum</strong></span> <span class='ocrx_word' id='word_1_303' title='bbox 615 3171 725 3227; x_wconf 89' lang='lat' dir='ltr'><strong>equum</strong></span> <span class='ocrx_word' id='word_1_304' title='bbox 738 3154 830 3223; x_wconf 88' lang='lat' dir='ltr'><strong>illum,</strong></span> <span class='ocrx_word' id='word_1_305' title='bbox 845 3171 912 3210; x_wconf 90' lang='lat' dir='ltr'><strong>curn</strong></span> <span class='ocrx_word' id='word_1_306' title='bbox 925 3153 966 3210; x_wconf 92' lang='lat' dir='ltr'><strong>nil</strong></span> <span class='ocrx_word' id='word_1_307' title='bbox 978 3153 1057 3210; x_wconf 88' lang='lat' dir='ltr'><strong>aliud</strong></span> <span class='ocrx_word' id='word_1_308' title='bbox 1070 3155 1108 3210; x_wconf 89' lang='lat' dir='ltr'><strong>ad</strong></span> <span class='ocrx_word' id='word_1_309' title='bbox 1119 3170 1243 3210; x_wconf 89' lang='lat' dir='ltr'><strong>manum</strong></span> 
     </span>
     <span class='ocr_line' id='line_1_33' title="bbox 85 3241 1243 3316; baseline -0.001 -18"><span class='ocrx_word' id='word_1_310' title='bbox 85 3242 222 3308; x_wconf 89' lang='lat' dir='ltr'><strong>haberet,</strong></span> <span class='ocrx_word' id='word_1_311' title='bbox 233 3241 351 3299; x_wconf 89' lang='lat' dir='ltr'><strong>cuidam</strong></span> <span class='ocrx_word' id='word_1_312' title='bbox 365 3242 489 3316; x_wconf 90' lang='lat' dir='ltr'><strong>pauperi</strong></span> <span class='ocrx_word' id='word_1_313' title='bbox 503 3242 701 3300; x_wconf 88' lang='lat' dir='ltr'><strong>elemosinam</strong></span> <span class='ocrx_word' id='word_1_314' title='bbox 712 3241 825 3314; x_wconf 87' lang='lat' dir='ltr'><strong>petenti</strong></span> <span class='ocrx_word' id='word_1_315' title='bbox 838 3241 967 3299; x_wconf 80' lang='lat' dir='ltr'><strong>donauit</strong></span> <span class='ocrx_word' id='word_1_316' title='bbox 1005 3241 1073 3298; x_wconf 90' lang='lat' dir='ltr'><strong>Hoc</strong></span> <span class='ocrx_word' id='word_1_317' title='bbox 1086 3259 1154 3298; x_wconf 92' lang='lat' dir='ltr'><strong>cum</strong></span> <span class='ocrx_word' id='word_1_318' title='bbox 1167 3241 1243 3298; x_wconf 92' lang='lat' dir='ltr'><strong>didi·</strong></span> 
     </span>
     <span class='ocr_line' id='line_1_34' title="bbox 84 3325 1243 3403; baseline -0.001 -17"><span class='ocrx_word' id='word_1_319' title='bbox 84 3333 180 3386; x_wconf 88' lang='lat' dir='ltr'><strong>cisset</strong></span> <span class='ocrx_word' id='word_1_320' title='bbox 197 3347 263 3400; x_wconf 90' lang='lat' dir='ltr'><strong>rex,</strong></span> <span class='ocrx_word' id='word_1_321' title='bbox 276 3325 439 3402; x_wconf 89' lang='lat' dir='ltr'><strong>plurimum</strong></span> <span class='ocrx_word' id='word_1_322' title='bbox 456 3329 629 3403; x_wconf 88' lang='lat' dir='ltr'><strong>indignatus</strong></span> <span class='ocrx_word' id='word_1_323' title='bbox 642 3329 681 3386; x_wconf 86' lang='lat' dir='ltr'><strong>ait</strong></span> <span class='ocrx_word' id='word_1_324' title='bbox 699 3331 842 3402; x_wconf 90' lang='lat' dir='ltr'><strong>episcopo</strong></span> <span class='ocrx_word' id='word_1_325' title='bbox 854 3328 974 3385; x_wconf 86' lang='lat' dir='ltr'><strong>Aidano</strong></span> <span class='ocrx_word' id='word_1_326' title='bbox 989 3345 1093 3386; x_wconf 90' lang='lat' dir='ltr'><strong>secum</strong></span> <span class='ocrx_word' id='word_1_327' title='bbox 1106 3330 1144 3386; x_wconf 92' lang='lat' dir='ltr'><strong>ad</strong></span> <span class='ocrx_word' id='word_1_328' title='bbox 1157 3347 1243 3385; x_wconf 85' lang='lat' dir='ltr'><strong>men-</strong></span> 
     </span>
     <span class='ocr_line' id='line_1_35' title="bbox 85 3417 1243 3490; baseline 0 -16"><span class='ocrx_word' id='word_1_329' title='bbox 85 3434 152 3474; x_wconf 85' lang='lat' dir='ltr'><strong>sam</strong></span> <span class='ocrx_word' id='word_1_330' title='bbox 166 3417 378 3476; x_wconf 86' lang='lat' dir='ltr'><strong>considenti¹⁰:</strong></span> <span class='ocrx_word' id='word_1_331' title='bbox 399 3417 495 3488; x_wconf 87' lang='lat' dir='ltr'><strong>‘Quid</strong></span> <span class='ocrx_word' id='word_1_332' title='bbox 511 3417 615 3488; x_wconf 89' lang='lat' dir='ltr'><strong>fecisti,</strong></span> <span class='ocrx_word' id='word_1_333' title='bbox 629 3417 751 3474; x_wconf 89' lang='lat' dir='ltr'><strong>domine</strong></span> <span class='ocrx_word' id='word_1_334' title='bbox 764 3417 884 3490; x_wconf 85' lang='lat' dir='ltr'><strong>presul?</strong></span> <span class='ocrx_word' id='word_1_335' title='bbox 903 3417 983 3473; x_wconf 92' lang='lat' dir='ltr'><strong>Num</strong></span> <span class='ocrx_word' id='word_1_336' title='bbox 998 3417 1081 3489; x_wconf 92' lang='lat' dir='ltr'><strong>[non]</strong></span> <span class='ocrx_word' id='word_1_337' title='bbox 1090 3417 1109 3450; x_wconf 85' lang='lat'><strong>¹¹</strong></span> <span class='ocrx_word' id='word_1_338' title='bbox 1122 3417 1243 3474; x_wconf 88' lang='lat' dir='ltr'><strong>viliores</strong></span> 
     </span>
     <span class='ocr_line' id='line_1_36' title="bbox 86 3503 1287 3584; baseline 0.005 -25"><span class='ocrx_word' id='word_1_339' title='bbox 86 3521 185 3576; x_wconf 90' lang='lat' dir='ltr'><strong>equos</strong></span> <span class='ocrx_word' id='word_1_340' title='bbox 208 3504 376 3575; x_wconf 88' lang='lat' dir='ltr'><strong>habuimus,</strong></span> <span class='ocrx_word' id='word_1_341' title='bbox 396 3505 448 3578; x_wconf 93' lang='lat' dir='ltr'><strong>qui</strong></span> <span class='ocrx_word' id='word_1_342' title='bbox 467 3505 641 3562; x_wconf 88' lang='lat' dir='ltr'><strong>sufficerent</strong></span> <span class='ocrx_word' id='word_1_343' title='bbox 659 3506 697 3561; x_wconf 88' lang='lat' dir='ltr'><strong>ad</strong></span> <span class='ocrx_word' id='word_1_344' title='bbox 716 3503 911 3561; x_wconf 87' lang='lat' dir='ltr'><strong>elemosinam</strong></span> <span class='ocrx_word' id='word_1_345' title='bbox 922 3506 947 3562; x_wconf 77' lang='lat' dir='ltr'><strong>i&#39;</strong></span> <span class='ocrx_word' id='word_1_346' title='bbox 985 3504 1041 3561; x_wconf 89' lang='lat' dir='ltr'><strong>Cui</strong></span> <span class='ocrx_word' id='word_1_347' title='bbox 1063 3505 1241 3578; x_wconf 88' lang='lat' dir='ltr'><strong>episcopus:</strong></span> <span class='ocrx_word' id='word_1_348' title='bbox 1257 3516 1287 3584; x_wconf 71' lang='lat'><strong>³⁵,</strong></span> 
     </span>
     <span class='ocr_line' id='line_1_37' title="bbox 86 3591 1242 3666; baseline 0.002 -18"><span class='ocrx_word' id='word_1_349' title='bbox 86 3591 185 3661; x_wconf 86' lang='lat' dir='ltr'><strong>‘Quid</strong></span> <span class='ocrx_word' id='word_1_350' title='bbox 196 3591 337 3664; x_wconf 90' lang='lat' dir='ltr'><strong>loqueris,</strong></span> <span class='ocrx_word' id='word_1_351' title='bbox 345 3593 467 3649; x_wconf 89' lang='lat' dir='ltr'><strong>domine</strong></span> <span class='ocrx_word' id='word_1_352' title='bbox 475 3598 548 3650; x_wconf 84' lang='lat' dir='ltr'><strong>rex?</strong></span> <span class='ocrx_word' id='word_1_353' title='bbox 577 3593 657 3650; x_wconf 90' lang='lat' dir='ltr'><strong>Num</strong></span> <span class='ocrx_word' id='word_1_354' title='bbox 667 3592 810 3649; x_wconf 79' lang='lat' dir='ltr'><strong>charior¹¹</strong></span> <span class='ocrx_word' id='word_1_355' title='bbox 819 3591 899 3649; x_wconf 80' lang='lat' dir='ltr'><strong>erit¹⁸</strong></span> <span class='ocrx_word' id='word_1_356' title='bbox 909 3591 961 3648; x_wconf 93' lang='lat' dir='ltr'><strong>tibi</strong></span> <span class='ocrx_word' id='word_1_357' title='bbox 969 3592 1047 3649; x_wconf 88' lang='lat' dir='ltr'><strong>filius</strong></span> <span class='ocrx_word' id='word_1_358' title='bbox 1057 3610 1143 3666; x_wconf 90' lang='lat' dir='ltr'><strong>eque,</strong></span> <span class='ocrx_word' id='word_1_359' title='bbox 1151 3609 1242 3666; x_wconf 84' lang='lat' dir='ltr'><strong>quarn</strong></span> 
     </span>
     <span class='ocr_line' id='line_1_38' title="bbox 84 3678 1242 3754; baseline 0.001 -18"><span class='ocrx_word' id='word_1_360' title='bbox 84 3679 169 3736; x_wconf 90' lang='lat' dir='ltr'><strong>filius</strong></span> <span class='ocrx_word' id='word_1_361' title='bbox 193 3678 325 3736; x_wconf 81' lang='lat' dir='ltr'><strong>Mariei’</strong></span> <span class='ocrx_word' id='word_1_362' title='bbox 361 3680 509 3736; x_wconf 89' lang='lat' dir='ltr'><strong>Continuo</strong></span> <span class='ocrx_word' id='word_1_363' title='bbox 531 3698 586 3737; x_wconf 87' lang='lat' dir='ltr'><strong>rex</strong></span> <span class='ocrx_word' id='word_1_364' title='bbox 608 3681 769 3754; x_wconf 89' lang='lat' dir='ltr'><strong>procidens</strong></span> <span class='ocrx_word' id='word_1_365' title='bbox 788 3681 826 3736; x_wconf 87' lang='lat' dir='ltr'><strong>ad</strong></span> <span class='ocrx_word' id='word_1_366' title='bbox 846 3681 941 3753; x_wconf 87' lang='lat' dir='ltr'><strong>pedes</strong></span> <span class='ocrx_word' id='word_1_367' title='bbox 961 3679 1103 3754; x_wconf 89' lang='lat' dir='ltr'><strong>episcopi,</strong></span> <span class='ocrx_word' id='word_1_368' title='bbox 1122 3680 1242 3737; x_wconf 89' lang='lat' dir='ltr'><strong>veniam</strong></span> 
     </span>
     <span class='ocr_line' id='line_1_39' title="bbox 85 3765 1242 3841; baseline 0.002 -19"><span class='ocrx_word' id='word_1_369' title='bbox 85 3765 212 3839; x_wconf 80' lang='lat' dir='ltr'><strong>rogauit,</strong></span> <span class='ocrx_word' id='word_1_370' title='bbox 226 3766 405 3840; x_wconf 87' lang='lat' dir='ltr'><strong>promittens</strong></span> <span class='ocrx_word' id='word_1_371' title='bbox 418 3767 546 3824; x_wconf 90' lang='lat' dir='ltr'><strong>fideliter</strong></span> <span class='ocrx_word' id='word_1_372' title='bbox 559 3769 638 3841; x_wconf 93' lang='lat' dir='ltr'><strong>quod</strong></span> <span class='ocrx_word' id='word_1_373' title='bbox 652 3785 805 3840; x_wconf 84' lang='lat' dir='ltr'><strong>nunquam</strong></span> <span class='ocrx_word' id='word_1_374' title='bbox 818 3768 1038 3840; x_wconf 87' lang='lat' dir='ltr'><strong>obloqueretur,</strong></span> <span class='ocrx_word' id='word_1_375' title='bbox 1049 3767 1190 3841; x_wconf 91' lang='lat' dir='ltr'><strong>quicquid</strong></span> <span class='ocrx_word' id='word_1_376' title='bbox 1203 3769 1242 3824; x_wconf 88' lang='lat' dir='ltr'><strong>de</strong></span> 
     </span>
    </p>
   </div>
   <div class='ocr_carea' id='block_1_3' title="bbox 85 3853 1289 4104">
    <p class='ocr_par' dir='ltr' id='par_1_3' title="bbox 85 3853 1289 4104">
     <span class='ocr_line' id='line_1_40' title="bbox 85 3853 1240 3928; baseline 0.002 -18"><span class='ocrx_word' id='word_1_377' title='bbox 85 3854 181 3911; x_wconf 86' lang='lat' dir='ltr'><strong>rebus</strong></span> <span class='ocrx_word' id='word_1_378' title='bbox 199 3853 264 3910; x_wconf 90' lang='lat' dir='ltr'><strong>suis</strong></span> <span class='ocrx_word' id='word_1_379' title='bbox 282 3854 331 3911; x_wconf 91' lang='lat' dir='ltr'><strong>dei</strong></span> <span class='ocrx_word' id='word_1_380' title='bbox 349 3855 418 3912; x_wconf 91' lang='lat' dir='ltr'><strong>filiis</strong></span> <span class='ocrx_word' id='word_1_381' title='bbox 437 3864 598 3928; x_wconf 85' lang='lat' dir='ltr'><strong>errogaret.</strong></span> <span class='ocrx_word' id='word_1_382' title='bbox 636 3854 716 3911; x_wconf 91' lang='lat' dir='ltr'><strong>Dum</strong></span> <span class='ocrx_word' id='word_1_383' title='bbox 729 3855 819 3928; x_wconf 87' lang='lat' dir='ltr'><strong>igitur</strong></span> <span class='ocrx_word' id='word_1_384' title='bbox 831 3853 928 3928; x_wconf 90' lang='lat' dir='ltr'><strong>pacati</strong></span> <span class='ocrx_word' id='word_1_385' title='bbox 944 3855 1033 3911; x_wconf 90' lang='lat' dir='ltr'><strong>simul</strong></span> <span class='ocrx_word' id='word_1_386' title='bbox 1050 3857 1088 3911; x_wconf 90' lang='lat' dir='ltr'><strong>ad</strong></span> <span class='ocrx_word' id='word_1_387' title='bbox 1104 3872 1240 3912; x_wconf 89' lang='lat' dir='ltr'><strong>mensam</strong></span> 
     </span>
     <span class='ocr_line' id='line_1_41' title="bbox 86 3941 1289 4015; baseline -0.003 -17"><span class='ocrx_word' id='word_1_388' title='bbox 86 3943 239 4012; x_wconf 85' lang='lat' dir='ltr'><strong>sederent,</strong></span> <span class='ocrx_word' id='word_1_389' title='bbox 265 3941 426 4015; x_wconf 88' lang='lat' dir='ltr'><strong>episeopus</strong></span> <span class='ocrx_word' id='word_1_390' title='bbox 450 3943 548 4000; x_wconf 90' lang='lat' dir='ltr'><strong>subito</strong></span> <span class='ocrx_word' id='word_1_391' title='bbox 573 3942 603 3999; x_wconf 90' lang='lat' dir='ltr'><strong>in</strong></span> <span class='ocrx_word' id='word_1_392' title='bbox 629 3943 790 4000; x_wconf 89' lang='lat' dir='ltr'><strong>lachrimas</strong></span> <span class='ocrx_word' id='word_1_393' title='bbox 814 3952 860 4000; x_wconf 90' lang='lat' dir='ltr'><strong>est</strong></span> <span class='ocrx_word' id='word_1_394' title='bbox 885 3943 1044 4000; x_wconf 75' lang='lat' dir='ltr'><strong>resolutus,</strong></span> <span class='ocrx_word' id='word_1_395' title='bbox 1080 3942 1172 4001; x_wconf 90' lang='lat' dir='ltr'><strong>Cuius</strong></span> <span class='ocrx_word' id='word_1_396' title='bbox 1197 3943 1241 3999; x_wconf 91' lang='lat' dir='ltr'><strong>rei</strong></span> <span class='ocrx_word' id='word_1_397' title='bbox 1254 3956 1289 4005; x_wconf 84' lang='lat'><strong>40</strong></span> 
     </span>
     <span class='ocr_line' id='line_1_42' title="bbox 85 4029 1241 4104; baseline 0.003 -18"><span class='ocrx_word' id='word_1_398' title='bbox 85 4045 180 4086; x_wconf 84' lang='lat' dir='ltr'><strong>causa</strong></span> <span class='ocrx_word' id='word_1_399' title='bbox 198 4045 217 4086; x_wconf 84' lang='lat' dir='ltr'><strong>a</strong></span> <span class='ocrx_word' id='word_1_400' title='bbox 234 4029 497 4088; x_wconf 88' lang='lat' dir='ltr'><strong>circumstantibus</strong></span> <span class='ocrx_word' id='word_1_401' title='bbox 515 4031 665 4104; x_wconf 87' lang='lat' dir='ltr'><strong>requisita,</strong></span> <span class='ocrx_word' id='word_1_402' title='bbox 684 4031 786 4104; x_wconf 89' lang='lat' dir='ltr'><strong>presul</strong></span> <span class='ocrx_word' id='word_1_403' title='bbox 804 4031 862 4089; x_wconf 89' lang='lat' dir='ltr'><strong>ait:</strong></span> <span class='ocrx_word' id='word_1_404' title='bbox 888 4031 973 4088; x_wconf 90' lang='lat' dir='ltr'><strong>‘Non</strong></span> <span class='ocrx_word' id='word_1_405' title='bbox 992 4031 1086 4088; x_wconf 92' lang='lat' dir='ltr'><strong>multo</strong></span> <span class='ocrx_word' id='word_1_406' title='bbox 1104 4039 1241 4104; x_wconf 92' lang='lat' dir='ltr'><strong>tempore</strong></span> 
     </span>
    </p>
   </div>
   <div class='ocr_carea' id='block_1_4' title="bbox 84 4187 1241 4440">
    <p class='ocr_par' dir='ltr' id='par_1_4' title="bbox 84 4187 1241 4440">
     <span class='ocr_line' id='line_1_43' title="bbox 117 4187 1241 4254; baseline 0.003 -15"><span class='ocrx_word' id='word_1_407' title='bbox 117 4187 127 4217; x_wconf 88' lang='lat'>¹</span> <span class='ocrx_word' id='word_1_408' title='bbox 146 4189 176 4239; x_wconf 72' lang='lat' dir='ltr'><strong>F„</strong></span> <span class='ocrx_word' id='word_1_409' title='bbox 189 4197 318 4240; x_wconf 83' lang='lat' dir='ltr'><strong>euertere.</strong></span> <span class='ocrx_word' id='word_1_410' title='bbox 402 4189 412 4220; x_wconf 81' lang='lat'>²</span> <span class='ocrx_word' id='word_1_411' title='bbox 429 4206 479 4240; x_wconf 89' lang='lat' dir='ltr'><strong>om.</strong></span> <span class='ocrx_word' id='word_1_412' title='bbox 491 4191 519 4240; x_wconf 86' lang='lat' dir='ltr'><strong>in</strong></span> <span class='ocrx_word' id='word_1_413' title='bbox 531 4191 559 4243; x_wconf 88' lang='lat' dir='ltr'><strong>T.</strong></span> <span class='ocrx_word' id='word_1_414' title='bbox 572 4191 622 4242; x_wconf 85' lang='lat' dir='ltr'><strong>vit</strong></span> <span class='ocrx_word' id='word_1_415' title='bbox 724 4190 734 4220; x_wconf 84' lang='lat'>⁸</span> <span class='ocrx_word' id='word_1_416' title='bbox 752 4189 780 4241; x_wconf 69' lang='lat' dir='ltr'><strong>E.</strong></span> <span class='ocrx_word' id='word_1_417' title='bbox 795 4191 961 4254; x_wconf 81' lang='lat' dir='ltr'><strong>amplectans.</strong></span> <span class='ocrx_word' id='word_1_418' title='bbox 1055 4189 1065 4220; x_wconf 78' lang='lat'>⁴</span> <span class='ocrx_word' id='word_1_419' title='bbox 1082 4190 1112 4242; x_wconf 83' lang='lat' dir='ltr'><strong>E.</strong></span> <span class='ocrx_word' id='word_1_420' title='bbox 1124 4190 1241 4252; x_wconf 81' lang='lat' dir='ltr'><strong>ignosco.</strong></span> 
     </span>
     <span class='ocr_line' id='line_1_44' title="bbox 85 4255 1240 4312; baseline 0.003 -8"><span class='ocrx_word' id='word_1_421' title='bbox 85 4255 95 4286; x_wconf 83' lang='lat'><strong>¹</strong></span> <span class='ocrx_word' id='word_1_422' title='bbox 113 4255 142 4305; x_wconf 86' lang='lat' dir='ltr'><strong>E.</strong></span> <span class='ocrx_word' id='word_1_423' title='bbox 156 4256 216 4306; x_wconf 90' lang='lat' dir='ltr'><strong>illic.</strong></span> <span class='ocrx_word' id='word_1_424' title='bbox 325 4256 335 4288; x_wconf 83' lang='lat'>⁸</span> <span class='ocrx_word' id='word_1_425' title='bbox 352 4255 380 4306; x_wconf 85' lang='lat' dir='ltr'><strong>E.</strong></span> <span class='ocrx_word' id='word_1_426' title='bbox 396 4257 542 4306; x_wconf 82' lang='lat' dir='ltr'><strong>Edwinum.</strong></span> <span class='ocrx_word' id='word_1_427' title='bbox 645 4255 655 4286; x_wconf 67' lang='lat' dir='ltr'><strong>l</strong></span> <span class='ocrx_word' id='word_1_428' title='bbox 673 4256 701 4308; x_wconf 85' lang='lat' dir='ltr'><strong>T.</strong></span> <span class='ocrx_word' id='word_1_429' title='bbox 715 4265 817 4312; x_wconf 67' lang='lat' dir='ltr'><strong>autemz</strong></span> <span class='ocrx_word' id='word_1_430' title='bbox 834 4257 863 4308; x_wconf 84' lang='lat' dir='ltr'><strong>E.</strong></span> <span class='ocrx_word' id='word_1_431' title='bbox 878 4257 955 4306; x_wconf 86' lang='lat' dir='ltr'><strong>enim.</strong></span> <span class='ocrx_word' id='word_1_432' title='bbox 1055 4255 1066 4286; x_wconf 84' lang='lat'><em>⁰</em></span> <span class='ocrx_word' id='word_1_433' title='bbox 1083 4256 1112 4306; x_wconf 85' lang='lat' dir='ltr'><strong>E.</strong></span> <span class='ocrx_word' id='word_1_434' title='bbox 1123 4257 1240 4308; x_wconf 85' lang='lat' dir='ltr'><strong>sullimis.</strong></span> 
     </span>
     <span class='ocr_line' id='line_1_45' title="bbox 84 4319 1238 4440; baseline 0.005 -70"><span class='ocrx_word' id='word_1_435' title='bbox 84 4320 216 4440; x_wconf 39' lang='lat' dir='ltr'><strong>Lazo&amp;</strong></span> <span class='ocrx_word' id='word_1_436' title='bbox 270 4319 291 4352; x_wconf 84' lang='lat'><strong>¹⁰</strong></span> <span class='ocrx_word' id='word_1_437' title='bbox 301 4321 331 4372; x_wconf 91' lang='lat' dir='ltr'><strong>T.</strong></span> <span class='ocrx_word' id='word_1_438' title='bbox 340 4321 369 4371; x_wconf 83' lang='lat' dir='ltr'><strong>E.</strong></span> <span class='ocrx_word' id='word_1_439' title='bbox 383 4324 543 4373; x_wconf 85' lang='lat' dir='ltr'><strong>consedenti.</strong></span> <span class='ocrx_word' id='word_1_440' title='bbox 612 4321 630 4354; x_wconf 85' lang='lat'><strong>¹¹</strong></span> <span class='ocrx_word' id='word_1_441' title='bbox 642 4338 692 4374; x_wconf 88' lang='lat' dir='ltr'><strong>om.</strong></span> <span class='ocrx_word' id='word_1_442' title='bbox 700 4340 708 4386; x_wconf 89' lang='lat'>;</span> <span class='ocrx_word' id='word_1_443' title='bbox 720 4323 784 4374; x_wconf 88' lang='lat' dir='ltr'><strong>Bed.</strong></span> <span class='ocrx_word' id='word_1_444' title='bbox 796 4322 917 4387; x_wconf 89' lang='lat' dir='ltr'><strong>Nunquid</strong></span> <span class='ocrx_word' id='word_1_445' title='bbox 929 4337 990 4372; x_wconf 91' lang='lat' dir='ltr'><strong>non.</strong></span> <span class='ocrx_word' id='word_1_446' title='bbox 1057 4321 1075 4352; x_wconf 81' lang='lat'><strong>¹²</strong></span> <span class='ocrx_word' id='word_1_447' title='bbox 1088 4322 1118 4374; x_wconf 85' lang='lat' dir='ltr'><strong>E.</strong></span> <span class='ocrx_word' id='word_1_448' title='bbox 1129 4323 1238 4376; x_wconf 74' lang='lat' dir='ltr'><strong>charius</strong></span> 
     </span>
    </p>
   </div>
   <div class='ocr_carea' id='block_1_5' title="bbox 0 0 1508 4904">
    <p class='ocr_par' dir='ltr' id='par_1_5' title="bbox 0 0 1508 4904">
     <span class='ocr_line' id='line_1_46' title="bbox 0 0 1508 4904; baseline 0 0"><span class='ocrx_word' id='word_1_449' title='bbox 0 0 1508 4904; x_wconf 95' lang='lat' dir='ltr'><strong> </strong></span> 
     </span>
    </p>
   </div>
  </div>
 </body>
</html>
