3028 4894
279 278 355 350 400
594 253 726 346 milii
751 250 942 356 [millii
966 247 1118 355 imit

279 455 398 532 smiles]
416 455 536 532 8ῑ1[ῑῑε]ι
550 455 655 514 morbo
671 454 860 526 dissenteria,
873 461 960 528 pater
970 471 1043 512 vero
1058 452 1144 526 quasi
1161 459 1262 510 morte
1278 449 1432 508 subitanea

281 545 394 624 [perun
404 545 422 604 ¹.

317 743 388 817 [Ma.
400 743 435 802 T.
449 745 508 802 and
519 743 573 802 Ta
586 744 665 802 add:

302 846 585 990 COnsuetudines
612 857 712 905 autem
738 848 957 921 subsequentes
987 845 1121 905 recitauit
1149 855 1275 903 sanctus
1300 845 1436 903 Thomas

396 935 620 994 Canmariensis
636 951 737 992 coram
750 952 829 1009 papa
841 935 1033 1006 Alexandro;
1052 951 1178 1007 quarum
1196 933 1316 1008 aliquas
1329 935 1436 1008 damp-

253 1039 267 1090 5
282 1021 373 1092 namt,
386 1022 501 1098 aliquas
513 1040 585 1081 uero
597 1023 746 1080 tollerauit
755 1023 773 1079 ³.

317 1109 535 1184 Dampnam't‘:
556 1099 609 1169 De
626 1109 823 1168 aduocscione
834 1119 865 1168 et
878 1108 1106 1184 presentatione
1117 1109 1314 1167 ecclesiarum
1325 1110 1354 1166 si
1366 1129 1436 1167 con-
1494 1109 1495 1180 3

281 1199 428 1256 trouersia
445 1198 611 1256 emerserit*
622 1198 701 1256 inter
722 1197 831 1256 laicos³
847 1199 897 1256 uel
916 1199 994 1254 inter
1012 1197 1145 1266 clericos,
1163 1197 1195 1253 in
1217 1197 1302 1255 curia
1320 1198 1438 1255 domitii

281 1285 362 1360 regis
378 1296 520 1345 tractetur
538 1296 568 1344 et
586 1287 770 1344 terminetur.
845 1285 1012 1344 Tollerauil:
1032 1273 1172 1342 Ecclesie
1189 1285 1228 1342 de
1246 1284 1339 1342 leudo
1357 1288 1439 1359 regis
1494 1337 1495 1350 ,

282 1389 343 1432 non
357 1383 484 1449 possunt
503 1374 724 1448 imperpetuum
736 1372 801 1431 dari
818 1374 932 1448 absque
944 1389 1096 1430 consensu
1108 1371 1211 1445 ipsius.
1319 1373 1440 1447 Damp-
1494 1373 1495 1378 ’

240 1483 269 1520 ιο
282 1463 379 1518 nauti:
404 1449 518 1521 Clerici
537 1461 664 1520 accusati
683 1462 722 1520 de
740 1479 916 1536 quacunque
936 1479 978 1531 re,
997 1460 1171 1518 summoniti
1186 1477 1204 1516 a
1220 1459 1339 1518 iusticia
1357 1462 1440 1535 regis

282 1549 405 1606 uertlent
414 1549 444 1606 in
454 1549 567 1607 curiam
577 1549 672 1623 ipsius
683 1549 858 1623 responsuri
868 1550 907 1605 de
917 1549 973 1606 hoc
983 1549 1094 1605 ibidem
1102 1547 1121 1617 ⁸,
1131 1556 1162 1605 et
1173 1548 1203 1605 in
1214 1549 1296 1604 curia
1306 1551 1440 1606 ecclesie
1494 1567 1495 1576 ³

281 1639 362 1694 unde
383 1637 532 1695 uidebitur
552 1639 632 1712 quod
656 1635 694 1694 sit
715 1636 756 1695 ibi
778 1637 1029 1710 respondendum,
1048 1637 1088 1692 ita
1109 1638 1189 1709 quod
1210 1637 1328 1694 iusticia
1354 1639 1440 1712 regis
1494 1679 1495 1688 η

283 1725 379 1783 mittet
404 1725 435 1783 in
457 1725 568 1782 curiam
591 1733 695 1782 sancte
716 1723 841 1783 ecclesie
861 1725 899 1782 ad
919 1725 1082 1782 uidendum
1104 1741 1163 1797 qua
1182 1725 1302 1782 racione
1320 1744 1374 1784 res
1397 1728 1440 1784 ibi
1494 1795 1495 1798 Ἴ

283 1813 463 1871 tractabitur.
501 1813 583 1870 Etsi
602 1811 729 1870 clericus
748 1814 901 1870 conuictus
918 1813 967 1870 uel
986 1811 1143 1870 confessus
1159 1811 1255 1881 fuerit,
1274 1815 1313 1870 de
1331 1825 1440 1873 cetero

241 1917 269 1969 ¹5
283 1919 344 1958 non
369 1902 459 1959 debet
482 1901 560 1958 tueri
585 1919 654 1958 eum
679 1900 813 1959 ecclesia.
936 1901 1137 1974 Dampnauit:
1172 1889 1440 1976 Archiepiscopi5‚

283 1989 433 2064 episcopis
451 1999 481 2047 et
498 1989 637 2064 personis
654 1989 740 2062 regni
757 2005 817 2045 non
834 1988 903 2046 licet
919 1989 1003 2046 exire
1015 1989 1054 2045 de
1072 2005 1165 2062 regno
1182 1990 1296 2062 absque
1310 1990 1440 2048 licencia

283 2076 380 2150 regis3
401 2087 431 2134 et
445 2077 470 2134 si
480 2077 565 2134 exire
577 2077 734 2147 noluerint,
744 2077 770 2134 si
783 2077 846 2150 regi
856 2077 1001 2150 placuerit
1013 2077 1228 2134 assecurabunt
1241 2079 1321 2150 quod
1332 2095 1391 2134 nec
1405 2079 1438 2135 in

284 2167 384 2223 eundo
403 2183 459 2222 nec
479 2165 509 2222 in
528 2181 644 2222 moram
664 2165 799 2222 faciendo
815 2172 976 2239 procurent
995 2165 1105 2222 malum
1122 2164 1171 2222 uel
1186 2165 1352 2238 dampnum
1371 2167 1438 2240 regi

284 2253 333 2310 uel
352 2271 453 2327 regno.
534 2251 734 2325 Dampnauil:
757 2241 1017 2310 Excommunicati
1028 2269 1088 2308 non
1102 2253 1212 2309 debent
1226 2255 1297 2309 dare
1311 2255 1438 2311 uadium

241 2361 271 2396 ao
284 2342 321 2397 ad
332 2357 500 2409 remanens,
510 2357 566 2398 nec
576 2351 711 2414 prestare
721 2339 930 2410 iuramentum,
939 2348 986 2396 set
998 2348 1114 2396 tantum
1123 2340 1244 2398 uadium
1257 2351 1287 2397 et
1300 2342 1436 2415 plegium

285 2428 382 2485 standi
398 2427 505 2485 iudicio
523 2427 648 2485 ecclesie
665 2436 697 2485 ut
714 2428 914 2486 absoluantur.
954 2427 1119 2485 Tollernuit:
1142 2429 1224 2487 Laici
1244 2447 1303 2487 non
1322 2431 1439 2488 debent

284 2516 418 2573 accusari
435 2515 491 2572 nisi
510 2533 566 2588 per
581 2523 680 2573 certos
698 2525 727 2573 et
743 2515 855 2589 legales
871 2524 1059 2573 accusatores
1077 2525 1107 2573 et
1119 2525 1213 2574 testes
1230 2517 1260 2574 in
1277 2519 1438 2592 presencia

284 2603 500 2677 archiepiscopi
525 2604 574 2660 uel
593 2602 736 2678 episcopi,
760 2603 801 2660 ita
821 2604 902 2677 quod
927 2604 1151 2662 archidiaconus
1173 2623 1234 2662 non
1255 2607 1363 2679 perdat
1390 2608 1438 2664 ius

285 2708 373 2749 suum
392 2709 448 2748 nec
467 2691 625 2765 quicquam
644 2693 724 2764 quod
746 2691 815 2748 inde
834 2691 960 2762 habeat3
985 2702 1016 2750 et
1034 2692 1061 2750 si
1078 2693 1155 2750 tales
1173 2692 1284 2750 luerint
1303 2695 1353 2768 qui
1373 2697 1438 2751 cul·

241 2798 271 2849 ²5
286 2788 395 2853 pantur
407 2779 487 2852 quod
500 2796 561 2835 non
575 2777 646 2836 uelit
658 2787 708 2835 aut
720 2797 780 2836 non
794 2781 901 2836 audeat
914 2797 966 2836 eos
982 2779 1089 2853 aliquis
1101 2799 1252 2850 accusare,
1264 2779 1438 2839 uicecomes

285 2865 445 2940 requisitus
462 2867 500 2922 de
519 2884 555 2922 eo
572 2865 658 2922 faciet
679 2865 777 2924 iurare
794 2867 951 2924 duodecim
967 2867 1079 2942 legales
1094 2867 1233 2926 homines
1249 2870 1288 2926 de
1304 2869 1438 2926 uicineto

286 2971 340 3011 seu
363 2956 402 3011 de
423 2954 494 3010 uilla
513 2971 613 3012 coram
635 2953 777 3027 episcopo
797 2956 876 3028 quod
902 2955 972 3012 inde
990 2955 1147 3013 ueritatem
1172 2956 1338 3014 secundum
1363 2975 1438 3013 con·

286 3041 446 3100 scienciam
465 3058 550 3098 suam
571 3041 811 3099 manifestabunt.
883 3041 1082 3116 Dampnauit:
1103 3031 1217 3100 Nullus
1236 3045 1343 3118 quide
1362 3062 1438 3118 rege

285 3138 386 3186 teneat
404 3129 433 3185 in
453 3129 548 3202 capite
563 3129 610 3185 uel
629 3129 737 3202 aliquis
757 3129 975 3187 dominicorum
991 3133 1195 3189 ministrorum
1214 3132 1295 3205 regis
1310 3150 1439 3190 excom·

241 3237 273 3287 30
285 3217 453 3275 municetur
465 3217 513 3273 uel
530 3226 610 3274 terre
628 3217 693 3274 eius
710 3215 785 3274 subl
798 3217 954 3276 interdicto
967 3228 1119 3291 ponantur
1127 3219 1146 3290 ⁸,
1158 3218 1217 3276 nisi
1235 3219 1319 3292 prius
1335 3237 1391 3276 rex
1411 3221 1438 3277 si

286 3305 316 3362 in
335 3314 417 3362 terra
436 3305 524 3362 suerit
541 3305 746 3374 conueniatur,
758 3306 807 3363 uel
826 3305 941 3363 iusticia
959 3306 1023 3364 eius
1043 3307 1069 3363 si
1088 3315 1174 3364 extra
1192 3324 1320 3380 regnum
1339 3307 1438 3377 luerit,

285 3402 318 3450 ut
336 3402 449 3450 rectum
469 3394 508 3449 de
527 3393 593 3466 ipso
612 3391 714 3463 saciat;
734 3402 764 3450 et
782 3393 823 3450 ita
839 3402 871 3450 ut
889 3395 968 3468 quod
988 3394 1116 3468 pertinet
1134 3396 1172 3451 ad
1190 3394 1303 3451 curiam
1321 3395 1438 3468 regiam

285 3480 398 3538 ibidem
416 3481 603 3550 terminetur,
622 3482 708 3538 etde
728 3499 764 3537 eo
783 3483 863 3555 quod
882 3490 996 3556 spectat
1015 3484 1053 3539 ad
1071 3481 1302 3540 ecclesiasticam
1322 3484 1437 3539 curiam

285 3569 324 3626 ad
349 3570 476 3625 eandem
502 3568 636 3624 mittatur
660 3577 692 3625 ut
710 3567 822 3625 ibidem
847 3573 1032 3627 terminetur.
1151 3568 1353 3642 Dampnam't:
1383 3559 1438 3628 De

242 3674 273 3727 35
286 3655 547 3730 appellacionibus‚
578 3655 604 3712 si
635 3655 822 3726 emerserint,
851 3658 889 3714 ab
925 3655 1132 3714 archidiacono
1170 3657 1301 3714 debent·
1331 3675 1438 3730 proce·

286 3745 360 3803 dere
377 3746 416 3801 ad
431 3743 607 3817 episcopum
626 3753 656 3801 et
674 3745 712 3802 ab
730 3745 874 3818 episcopo
892 3746 930 3802 ad
949 3745 1227 3820 archiepiscopum
1245 3754 1276 3802 et
1295 3744 1321 3802 si
1339 3746 1438 3803 archi-

320 3938 368 3988 ιΤ.
380 3939 459 3990 fratre
469 3954 531 4000 suo;
549 3939 579 3990 E.
588 3939 665 3988 fratre
672 3954 720 3989 suo
728 3938 815 3990 Gallr..
881 3937 892 3969 ⁸
908 3955 957 3989 om.
973 3939 999 3988 in
1010 3937 1040 3989 E.
1105 3937 1115 3967 ³
1132 3939 1219 3988 These
1232 3939 1438 3990 ‘Constitutions

287 4005 317 4055 oi
325 4003 488 4055 Clarendon’
500 4021 545 4054 are
558 4006 598 4057 ed.
611 4007 637 4054 in
650 4007 695 4054 the
707 4003 803 4065 Quadr.
818 4019 889 4068 1495,
904 4007 949 4054 the
957 4005 1017 4054 Vita
1029 4011 1095 4055 auct
1103 4003 1175 4055 Will
1185 4005 1260 4055 eane
1275 4005 1438 4069 [Robertson

288 4071 308 4130 1,
320 4086 345 4134 p.
360 4071 411 4134 ιθ),
426 4072 514 4134 Lupus
526 4072 592 4135 Epp.
604 4079 630 4121 et
641 4071 701 4120 Vita
713 4071 760 4120 Th.
773 4085 798 4133 p.
815 4073 869 4134 163,
886 4071 975 4133 Roget
985 4071 1145 4120 wendover.
1211 4070 1221 4099 ⁴
1239 4070 1277 4120 So
1288 4070 1352 4128 Τις
1369 4073 1396 4120 in
1408 4071 1436 4122 T.

287 4137 362 4187 these
374 4144 455 4186 terms
466 4152 538 4186 were
550 4152 585 4186 on
597 4139 641 4186 the
653 4137 761 4199 margin.
900 4135 910 4166 ⁸
926 4137 960 4188 al.
972 4137 1039 4186 add:
1057 4136 1099 4186 uel
1110 4138 1179 4185 inter
1188 4135 1270 4185 laicos
1282 4144 1308 4186 et
1320 4137 1437 4188 clericos.

286 4201 297 4232 ⁸
313 4203 347 4253 al.
360 4217 427 4265 resp.
440 4203 535 4252 ibidem
547 4204 580 4253 dc
591 4203 641 4254 hoc
652 4203 722 4252 unde
734 4201 865 4252 uidebitur
875 4202 944 4251 curie
960 4203 1028 4264 regis
1039 4203 1110 4266 quod
1122 4203 1156 4251 sit
1169 4202 1205 4250 ibi
1217 4203 1437 4265 respondendum,

287 4268 387 4382 ptine.
400 4283 422 4316 e.
435 4270 512 4382 tzade,
526 4275 575 4318 ete
650 4267 704 4318 ¹T.
716 4267 762 4318 Ta
774 4268 816 4318 uel
828 4275 898 4319 certe
908 4268 957 4318 sub
968 4268 1030 4318 eius
1096 4267 1167 4318 'Tu
1181 4275 1299 4332 ponetur.
1383 4269 1438 4318 ⁹T.

309 4349 332 4381 a.
345 4348 398 4381 non
410 4334 443 4382 de
461 4341 514 4384 ent.
