3064 4882
408 291 483 384 De
506 289 670 380 sautu
695 290 913 402 molada.
1170 303 1239 389 163

87 505 200 562 quoque
219 501 251 548 et
264 492 401 550 tonitrua
417 501 446 550 et
465 493 641 552 horribiles¹
654 493 778 567 spin'tus
797 495 995 567 procellarum
1008 495 1088 553 diem
1100 496 1238 553 vltimum

87 575 279 636 minabantur
288 581 311 650 ²,
320 580 509 654 vicinamque
518 581 670 638 elementa
679 582 858 654 intemptent
866 583 1110 640 omniamortem.
1136 583 1238 640 Oratio

87 665 162 721 enim
177 666 332 725 Malachie
345 679 538 726 concusserat
550 671 707 740 elementa,
720 679 750 727 et
766 670 846 726 solos
863 679 1027 744 tempestas
1037 671 1048 702 ¹
1060 671 1240 744 intercepit¹

87 752 132 824 qui
157 757 332 827 querebant
356 756 489 813 animam
513 756 594 827 eius;
614 757 694 814 solos
720 758 806 814 turbo
831 759 1011 815 tenebrosus
1036 759 1160 815 inuoluit
1188 759 1240 832 qui

85 857 174 911 opera
190 845 394 900 tenebratum
407 853 597 917 parauerant.
635 845 705 918 Ipse
724 845 855 918 denique
871 847 922 918 qui
942 846 1085 919 princeps
1101 846 1239 903 extiterat
1253 859 1268 909 5

85 929 155 984 tanti
184 929 271 1002 mali,
302 931 428 988 fulmine
458 949 621 1005 percussus
651 932 772 1001 interiit,
797 949 866 989 cum
893 933 959 990 aliis
983 934 1087 1002 tribus,
1111 951 1240 1006 quorum

87 1019 223 1088 sequenti
253 1019 308 1074 die
339 1019 463 1077 inuenta
487 1029 559 1076 sunt
582 1037 709 1093 corpora
733 1020 877 1077 semiusta
901 1029 931 1077 et
956 1021 1076 1094 putrida
1099 1023 1240 1078 arborum

86 1103 175 1160 ramis
185 1106 342 1174 herentia,
350 1107 401 1164 vbi
413 1107 536 1180 spiritus
550 1107 718 1180 malignus¹
729 1107 853 1164 eleuans
866 1107 1016 1166 allisisset.
1052 1109 1112 1165 Alii
1121 1127 1240 1183 quoque

86 1199 146 1248 tres
157 1193 306 1252 seminini
325 1195 439 1252 inuenti
458 1205 535 1266 sunt,
552 1195 661 1252 ceteris
679 1195 817 1252 omnibus
836 1195 1067 1270 circumquaque
1085 1197 1239 1270 dispersis.

85 1267 179 1336 Anno
205 1283 301 1339 etatis
326 1300 380 1339 sue
403 1282 555 1340 tricesimo
574 1293 680 1340 octauo
704 1301 822 1357 pauper
841 1282 1002 1342 Malachias
1021 1285 1240 1342 Archmacam¹
1257 1301 1288 1338 10

86 1366 172 1426 totius
194 1369 350 1428 Hibernie
369 1372 617 1444 metropolitanus
638 1371 767 1428 intrauit
805 1372 891 1444 Rege
907 1389 979 1430 vero
1001 1372 1170 1445 ceterisque
1189 1373 1240 1445 qui

86 1455 320 1516 introduxerant
339 1460 465 1516 eumad
484 1460 606 1533 propria
625 1461 837 1526 remeantibus,
856 1459 922 1533 ipse
944 1469 1079 1516 remanet
1097 1462 1128 1517 in
1150 1477 1242 1516 manu

87 1543 149 1600 dei:
169 1555 201 1603 et
219 1556 383 1604 remanent
400 1548 443 1604 illi
459 1548 532 1605 loris
548 1565 658 1621 pugne,
671 1549 752 1604 intus
770 1547 903 1604 timores.
941 1548 1018 1603 Nam
1035 1566 1105 1605 ecce
1119 1548 1242 1621 viperea

87 1633 217 1705 soboles,
230 1635 381 1692 frendens
399 1645 429 1693 et
445 1636 613 1693 vociferans
632 1653 666 1693 se
685 1637 871 1704 exheredari,
890 1645 951 1692 tota
970 1653 1003 1692 se
1022 1636 1103 1692 intus
1121 1645 1151 1692 et
1169 1635 1242 1693 soris

87 1721 209 1778 suscitat
242 1724 394 1780 aduersus
424 1724 579 1782 dominum
609 1733 640 1781 et
670 1725 818 1782 aduersus
845 1723 990 1781 christum
1017 1724 1091 1780 eius.
1147 1724 1241 1781 Porro
1258 1739 1287 1790 15

90 1807 233 1882 Nigellus,
252 1811 363 1869 videns
381 1812 438 1869 sibi
457 1811 557 1885 sugam
575 1813 744 1880 imminere,
762 1812 829 1869 tulit
845 1829 948 1870 secum
965 1812 1095 1885 insignia
1112 1814 1241 1884 quedam

88 1898 169 1956 sedis
181 1899 275 1970 illius,
288 1909 405 1957 textum
419 1901 529 1958 scilicet
543 1901 768 1974 euangeliorum
781 1901 830 1974 qui
844 1900 898 1957 luit
919 1900 997 1956 beati
1012 1899 1139 1968 Patricii,
1153 1901 1242 1957 bacu-

89 1984 210 2059 lumque
237 2006 314 2045 auro
335 1999 451 2046 textum
473 1999 503 2046 et
530 1990 659 2062 gemmis
685 1987 919 2062 preciosissimis
947 1989 1132 2058 adornatum,
1152 2004 1242 2059 quem

89 2075 248 2133 nominant
269 2077 425 2134 ‘baculum
449 2077 555 2146 Ihesu,’
576 2095 613 2134 eo
634 2078 714 2150 quod
735 2079 801 2149 ipse
822 2075 972 2144 dominus,
994 2083 1026 2130 vt
1048 2073 1106 2130 lert
1131 2075 1243 2146 opinio,

90 2178 157 2218 eum
179 2164 247 2222 suis
269 2165 410 2222 manibus
430 2165 561 2222 tenuerit
580 2174 671 2238 atque
689 2163 872 2231 formauerit,
891 2173 921 2221 et
940 2162 988 2218 hic
1008 2179 1128 2219 summe
1147 2161 1243 2235 digni·
1259 2177 1291 2212 ao

89 2250 155 2306 tatis
182 2260 214 2308 et
235 2251 440 2308 venerationis
464 2251 494 2308 in
522 2261 612 2326 gente
641 2252 691 2308 illa
713 2261 769 2308 est.
807 2252 871 2308 Ibat
892 2251 982 2306 homo
1007 2249 1188 2322 girouagus⁷
1213 2258 1244 2306 et

90 2337 163 2395 alter
175 2339 342 2409 Sathanas,
355 2339 497 2396 circuibat
510 2348 621 2396 terram
634 2347 665 2396 et
678 2339 904 2412 perambulabat
924 2355 991 2394 eam
1011 2337 1140 2410 insignia
1159 2355 1245 2394 sacra

90 2424 325 2484 circumferens:
357 2445 417 2500 que
446 2427 556 2499 vbique
594 2428 761 2484 ostendens
792 2427 1012 2496 venerabatur;
1044 2427 1244 2500 seduxitque¹

91 2513 209 2585 multos,
238 2514 397 2571 omnibus¹
429 2515 560 2572 suadens
590 2531 624 2572 se
656 2514 831 2588 episcopum
862 2531 931 2570 esse
962 2514 1080 2571 debere.
1126 2514 1244 2572 Virtute

91 2602 212 2658 tandem
227 2600 330 2658 diuina
342 2602 406 2658 vias
414 2602 435 2634 ¹⁰
447 2603 513 2660 eius
524 2603 572 2659 vir
584 2602 633 2658 dei
645 2602 756 2675 sepiuit
764 2601 783 2634 ¹¹
796 2622 802 2660 ι
821 2610 853 2658 vt
862 2601 883 2634 ¹¹
895 2601 1045 2675 malignus
1061 2602 1111 2658 ille
1124 2611 1244 2659 coactus
1259 2615 1289 2666 25

92 2687 130 2743 sit
142 2691 276 2746 reddere
293 2689 430 2762 insignia,
448 2699 478 2747 et
497 2690 528 2746 in
547 2690 630 2747 omni
650 2689 835 2746 subiectione
854 2689 892 2746 de
911 2689 1025 2762 reliquo
1044 2691 1244 2762 requiescere.

94 2761 233 2848 Quidam
246 2777 372 2850 gratiam
386 2777 502 2835 habens
519 2777 690 2850 principum
706 2786 736 2834 et
753 2776 842 2849 regis,
863 2794 899 2833 eo
915 2778 997 2850 quod
1015 2777 1150 2833 adulator
1162 2786 1244 2834 esset

92 2871 121 2917 et
138 2864 282 2936 garrulus
299 2873 330 2922 et
348 2874 458 2937 potens
477 2863 508 2921 in
530 2865 640 2938 lingua,
663 2863 710 2920 hic
732 2864 850 2921 fauebat
868 2881 924 2938 per
943 2864 1042 2921 omnia
1061 2863 1244 2922 aduersariis

96 2947 263 3022 Malachie3
289 2951 423 3024 presenti
442 2951 601 3010 resistebat
619 2953 650 3008 in
672 2951 756 3021 facie,
770 2951 887 3008 absenti
901 2952 1079 3008 detrahebat
1088 2952 1118 3021 ¹⁸,
1132 2953 1245 3008 irreue·

94 3047 197 3096 renter
222 3055 384 3096 occurrens
406 3041 434 3097 ei
457 3040 487 3096 in
508 3039 590 3096 omni
611 3040 696 3097 loco:
717 3040 770 3096 sed
793 3039 852 3096 cito
878 3039 967 3113 digna
992 3039 1091 3112 lingue
1110 3039 1245 3112 procacis
1259 3061 1291 3112 30

94 3128 236 3184 mercede
261 3127 390 3184 donatus
414 3136 470 3184 est.
509 3125 653 3184 Intumuit
678 3137 707 3183 et
733 3127 915 3200 computruit
939 3127 1041 3200 lingua
1064 3127 1245 3194 maledica¹⁴,

94 3216 249 3272 vermibus
268 3233 308 3271 ex
330 3232 367 3272 ea
386 3215 570 3272 scatentibus
589 3224 621 3271 et
639 3215 859 3272 diffluentibus:
879 3231 954 3288 quos
973 3231 1030 3287 per
1047 3222 1163 3287 septem
1182 3214 1246 3272 lere

95 3299 159 3359 dies
184 3303 376 3360 incessanter
394 3320 530 3372 vomens,
552 3319 622 3360 cum
642 3302 701 3359 illis
722 3303 843 3360 tandem
862 3301 1005 3360 miseram
1022 3293 1113 3360 uitam
1133 3302 1245 3375 expuit.

98 3373 260 3462 Loquente
301 3389 462 3462 aliquando
501 3389 648 3448 Malachia
679 3399 710 3448 et
741 3391 885 3463 populum
920 3391 1108 3458 exhortante,
1138 3390 1247 3446 mulier

95 3479 224 3547 quedam
237 3476 342 3534 infelix
351 3494 426 3534 ausa
437 3488 484 3534 est
497 3477 666 3552 irrumpere
674 3476 696 3510 ¹¹
709 3495 882 3535 sermonem
896 3477 1077 3534 clamoribus
1091 3477 1245 3550 improbis
1260 3495 1290 3544 35

96 3577 155 3620 non
168 3564 312 3622 deferens
331 3564 480 3622 sacerdoti
492 3574 522 3621 et
540 3565 656 3638 spiritui
667 3565 687 3598 ¹⁶
705 3565 756 3639 qui
774 3567 958 3638 loquebatur.
996 3564 1068 3621 Erat
1087 3573 1188 3621 autem
1207 3566 1246 3620 de

96 3652 242 3726 progenie
267 3651 368 3724 impia,
390 3660 421 3709 et
440 3652 578 3725 spiritum
604 3653 719 3709 habens
743 3653 773 3709 in
799 3653 929 3723 naribus,
952 3653 1154 3726 blasphemias
1176 3669 1246 3708 con·

96 3740 294 3812 tumeliasque
313 3741 471 3797 euomebat
491 3739 521 3796 in
542 3749 688 3810 sanctum,
710 3741 815 3798 dicens
835 3742 1001 3815 ypocritam
1023 3749 1053 3797 et
1074 3743 1246 3796 inuasorem

98 3825 194 3884 aliene
221 3827 405 3897 hereditatis,
428 3829 482 3884 sed
511 3837 541 3884 et
567 3829 699 3885 caluiciei
725 3829 834 3886 illius¹⁷
859 3829 1076 3902 improperans.
1113 3827 1152 3884 Et
1175 3843 1247 3882 ecce

97 3925 183 3972 versa
205 3922 253 3970 est
277 3915 328 3970 illa
351 3914 383 3972 in
408 3915 562 3986 insaniam,
585 3915 706 3972 domino
730 3916 909 3985 vindicante,
933 3925 963 3972 et
986 3915 1100 3972 crebris
1122 3913 1246 3970 vocibus
1260 3928 1292 3978 40

99 3999 254 4058 clamitans
284 4019 319 4058 se
349 4019 368 4059 a
397 4003 544 4067 Malachia
574 4003 722 4074 suffocari,
751 4014 846 4061 mone
877 4004 1028 4062 horrenda
1057 4001 1246 4074 blasphemie

99 4099 254 4160 peccatum
279 4089 341 4146 luit
415 4077 586 4148 Malachiae
616 4092 738 4148 tandem
769 4091 921 4148 constituit
945 4108 1000 4164 pro
1030 4107 1064 4147 se
1092 4089 1245 4147 Gelasium

97 4185 182 4278 ,¹T.
196 4186 376 4239 anomalus
433 4188 503 4238 ¹Vit
523 4189 678 4242 minitantur.
728 4187 784 4241 Ἐ
799 4197 948 4252 rempestas.
1001 4188 1056 4238 ⁴T.
1069 4187 1099 4238 E.
1111 4187 1248 4240 interiecit.

123 4251 172 4304 ¹²·
185 4269 337 4370 arsur.
389 4251 637 4374 ·r·,..·5c„h,mc
654 4321 677 4372 Τ
697 4253 933 4371 :erratu
1024 4254 1248 4370 terrun

98 4331 374 4438 liturasse
383 4385 525 4439 mustea
560 4337 828 4452 unimammas
862 4359 1054 4450 ncipatum.
1087 4359 1145 4437 na·
1161 4357 1248 4450 aperus
