3008 4904
390 302 465 397 Dt
489 299 655 394 eccm
680 304 942 406 morumne.
1166 325 1234 380 201

88 501 413 562 struebanturincliuo
420 503 540 576 montis,
551 503 959 579 Celliscliuium¹appellauit
979 503 1014 562 In
1025 501 1238 560 illoenimloco

87 601 193 648 sancte
211 591 346 665 virgines
364 594 473 650 crudas
493 593 612 664 herbas,
629 594 770 649 arborum
790 593 925 663 cortices,
944 593 1106 649 herbarum
1120 590 1237 647 radices

87 680 294 748 comedentes,
318 679 349 736 in
371 697 481 753 magna
503 680 691 750 abstinentia,
714 681 845 738 assiduis
865 679 1049 738 orationibus
1070 687 1102 735 et
1120 677 1238 751 vigiliis,

86 765 194 822 humili
207 765 315 839 spiritu
327 767 385 824 deo
397 766 578 824 seruiebant
667 754 822 826 Subnlcus
834 767 956 841 quidam
969 767 1049 840 regis
1060 767 1169 839 vbique
1181 779 1239 838 per

87 853 283 912 solitudinem
305 871 414 928 greges
438 871 510 912 suos
531 871 663 929 querens
685 866 715 913 et
736 873 797 912 non
819 854 987 925 indemens,
1008 853 1090 910 tedio
1113 851 1267 927 affectus5

87 941 235 998 auxilium
249 941 375 1014 virginis
386 942 553 1014 desperans
565 941 744 1015 implorauit.
768 941 823 999 Cui
835 942 885 999 illa
897 941 953 1000 ait:
972 940 1072 998 ‘Vade
1085 957 1199 1010 secure,
1209 947 1239 996 et

91 1029 196 1084 omnia
205 1045 265 1100 que
274 1028 440 1101 perdidisti,
448 1028 545 1086 aseris
558 1028 668 1087 intacta
677 1029 813 1102 reperies
821 1047 839 1086 a
847 1031 904 1086 deo
916 1029 1078 1086 custodita)
1102 1027 1238 1099 Pergens

90 1113 142 1172 ille
153 1124 185 1172 et
197 1125 342 1172 cunctavt
352 1115 468 1173 dixerat
479 1116 642 1189 reperiens,
651 1117 740 1190 elegit
748 1133 874 1189 porcum
883 1117 1038 1190 optimum,
1048 1125 1078 1174 et
1086 1115 1118 1172 in
1129 1113 1240 1171 frusta²

89 1201 278 1275 discerptum
298 1211 419 1260 acturus
439 1203 551 1275 gratias
569 1203 672 1261 detulit
691 1205 729 1260 ad
746 1203 904 1277 virginem.
942 1204 1009 1274 Que
1027 1204 1083 1260 hoc
1102 1201 1239 1274 recipere

90 1288 196 1358 noluit,
210 1289 264 1346 sed
284 1289 359 1346 dixit
373 1307 434 1346 non
446 1290 536 1348 licere
555 1291 708 1348 sororibus
727 1292 818 1348 edere
835 1292 874 1348 de
890 1290 1060 1348 huiusmodi
1079 1289 1154 1358 cibo,
1171 1289 1240 1361 quia
1256 1313 1286 1348 10

90 1377 246 1434 seculares
270 1394 373 1435 mores
399 1395 455 1451 pro
481 1395 585 1436 amore
612 1379 714 1435 diuino
741 1380 948 1448 deseruerant,
976 1387 1006 1436 et
1034 1377 1108 1434 alios
1138 1393 1240 1433 mores

92 1465 242 1521 habentes
266 1463 298 1520 in
323 1465 397 1522 cibis
421 1475 451 1522 et
475 1465 594 1538 potibus
613 1466 693 1524 etin
711 1465 825 1522 cunctis
848 1465 956 1524 ceteris
977 1465 1077 1535 rebus,
1099 1463 1241 1520 festinare

90 1551 129 1608 ad
143 1551 248 1608 altiora
264 1551 431 1625 cupiebant.
469 1552 605 1627 Cumque
622 1553 672 1610 ille
687 1570 742 1627 pro
759 1553 909 1610 occisione
923 1552 1014 1626 porci,
1032 1561 1061 1608 et
1075 1551 1145 1626 quia
1156 1550 1241 1623 virgo

92 1656 205 1695 munus
224 1655 312 1695 suum
331 1656 390 1695 non
410 1649 626 1713 acceptauerat,
643 1639 821 1710 tristaretur,
838 1639 907 1697 fecit
925 1657 995 1696 eum
1013 1640 1113 1696 vocari
1132 1639 1170 1694 ad
1189 1655 1240 1708 se;

91 1725 213 1799 singula
229 1727 366 1784 membra
378 1727 461 1800 porci
474 1728 633 1784 ordinatim
645 1745 703 1801 per
713 1727 837 1801 propria
851 1725 1107 1799 locacomposuit,
1120 1733 1150 1784 et
1165 1725 1241 1780 lacta
1257 1737 1286 1787 15

91 1813 227 1870 oratione
257 1823 346 1886 atque
376 1814 464 1886 signo
491 1815 588 1871 crucis
612 1814 701 1884 edito,
725 1814 790 1872 viro
814 1815 947 1871 desolato
971 1813 1108 1870 miranda
1131 1812 1242 1870 virtute

91 1900 204 1958 animal
229 1909 380 1958 mortuum
401 1900 503 1958 viuum
524 1901 661 1969 restituit,
681 1911 710 1958 et
728 1903 785 1959 ait:
805 1901 936 1974 ‘Accipe
955 1917 1080 1974 porcum
1099 1907 1192 1968 tuum,
1212 1907 1243 1955 et

91 1997 161 2046 esto
186 1988 284 2045 fidelis
307 2005 403 2062 usque
423 1989 462 2044 ad
483 1997 619 2060 mortem,
639 2005 768 2062 sperans
786 1989 818 2046 in
836 1988 959 2045 domino
977 1996 1007 2044 et
1027 1986 1139 2044 faciens
1157 1985 1242 2042 boni-

93 2085 199 2144 tatem,
211 2085 241 2132 et
254 2076 361 2132 amodo
379 2075 542 2133 lamulare⁸
560 2077 588 2132 ei
607 2075 782 2144 fiducialius,
798 2075 849 2149 qui
866 2083 965 2148 potest
980 2074 1078 2132 lacere
1097 2072 1243 2130 mirabilia

93 2179 207 2235 magna
231 2163 331 2220 solus?
405 2151 495 2220 Misit
519 2171 618 2220 autem
650 2171 771 2220 sanctus
797 2162 942 2220 Patricius
967 2169 1033 2218 octo
1058 2160 1243 2234 presbiteros
1259 2173 1290 2210 ²0

94 2250 135 2306 ad
160 2248 345 2306 visitandum
365 2260 396 2307 et
416 2250 633 2307 consolandum
654 2259 790 2308 sanctam
813 2250 1045 2320 Modwennam;
1064 2257 1096 2306 vt
1117 2247 1242 2319 reuersi,

93 2336 170 2411 quid
195 2345 297 2410 ageret
322 2337 508 2412 qualiterque
535 2355 569 2396 se
596 2339 721 2395 haberet
752 2337 809 2395 sibi
839 2336 1062 2396 denunciarent
1100 2335 1158 2406 Qui
1189 2352 1244 2408 per

94 2424 290 2482 solitudinem
315 2433 487 2498 pergentes,
511 2442 529 2481 a
551 2425 765 2499 quinquaginta
789 2425 962 2496 latronibus,
984 2421 1079 2498 raptis
1104 2422 1244 2480 omnibus

93 2529 156 2585 que
181 2529 285 2568 secum
308 2513 474 2585 portabant,
496 2511 611 2570 crudeli
636 2521 732 2570 morte
757 2512 906 2586 perempti
930 2522 1008 2570 sunt
1047 2511 1118 2568 Erat
1143 2519 1243 2568 autem

96 2599 265 2658 Glunelach
287 2599 428 2673 princeps
453 2617 567 2670 eorum,
586 2600 636 2674 qui
661 2618 718 2673 per
735 2600 800 2658 loca
824 2600 968 2657 siluarum
986 2608 1132 2672 vagantes
1156 2599 1243 2656 latro·
1260 2615 1289 2665 25

93 2687 176 2745 cinia
207 2687 397 2758 exercebant,
428 2687 522 2744 multa
549 2688 663 2746 scelera
692 2689 914 2762 perpetrabant,
945 2687 1057 2744 nullam
1090 2685 1244 2742 hominum

95 2775 242 2848 pietatem
264 2775 421 2846 habebant,
441 2776 495 2832 sed
517 2774 731 2849 quoscunque*
748 2774 883 2848 reperire
906 2783 1053 2847 poterant,
1071 2773 1245 2846 depredatis

93 2879 202 2920 eorum
227 2861 376 2931 omnibus,
400 2863 514 2935 absque
539 2861 618 2920 ulla⁵
637 2863 830 2920 miseratione
850 2880 904 2920 eos
925 2861 1119 2920 trucidabant
1156 2861 1245 2931 Quod

94 2966 166 3006 cum
188 2947 370 3006 Modwenna
390 2953 589 3023 cognouisset,
609 2949 742 3007 martirio
759 2949 882 3023 quidem
901 2967 1007 3008 eorum
1029 2949 1243 3022 congaudebat,

95 3055 134 3094 eo
147 3037 230 3109 quod
241 3036 251 3068 ⁸
264 3036 368 3094 mortis
386 3039 565 3112 compendio
581 3038 619 3094 ad
636 3037 744 3111 gaudia
755 3037 937 3094 transierant
949 3046 1054 3094 eterna
1065 3055 1073 3106 ;
1093 3037 1150 3094 sed
1163 3053 1244 3092 com·
1259 3055 1290 3107 3⁰

94 3124 267 3199 patiebatur
291 3125 465 3198 corporibus
495 3126 653 3198 insepultis
677 3124 757 3198 quel
781 3125 886 3184 bestiis
911 3126 1084 3184 deuoranda
1114 3124 1246 3198 proiecta

96 3211 282 3282 manebant3
301 3212 446 3270 maiorem
466 3214 677 3286 superomnia
695 3214 812 3272 habens
830 3214 965 3270 dolorem
982 3229 1075 3286 super
1090 3211 1245 3270 sceleratis

95 3299 273 3358 hominibus
282 3300 333 3372 qui
345 3308 496 3358 tormenta
509 3300 565 3358 sibi
578 3311 738 3374 preparata
749 3318 806 3358 nec
818 3302 982 3358 credebant
995 3318 1051 3358 nec
1064 3301 1245 3358 metuebant.

97 3386 206 3446 Omnit
218 3395 318 3444 autem
329 3387 440 3446 intenta
450 3405 539 3460 prece
552 3389 590 3446 ad
600 3388 755 3445 dominum
767 3387 906 3462 quatinus
914 3405 933 3446 a
941 3387 1126 3461 predonibus
1138 3404 1244 3460 pacem

97 3474 266 3546 acquirere,
278 3483 308 3532 et
320 3491 447 3548 corpora
459 3475 615 3532 martirum
624 3475 711 3532 illesa
717 3475 847 3549 sepelire
857 3485 968 3549 posset
995 3475 1032 3532 Et
1040 3493 1111 3533 ecce
1119 3475 1209 3532 astitit
1216 3475 1244 3533 ei
1259 3493 1290 3546 35

96 3561 225 3634 angelus
242 3562 354 3619 domini
368 3563 490 3621 dicens:
504 3562 604 3621 ‘Vade
617 3580 685 3622 cum
698 3563 852 3621 sororibus
864 3562 923 3620 tuis
936 3573 1107 3620 sanctorum
1120 3579 1246 3636 corpora

95 3667 244 3722 querere;
258 3649 375 3708 habens
382 3650 521 3708 fiduciam
531 3660 563 3708 et
570 3650 642 3706 nihil
652 3649 796 3719 hesitans,
806 3653 875 3724 quia
884 3650 1024 3708 dominus
1037 3651 1187 3708 adiuuabit
1199 3654 1245 3708 te!

95 3737 275 3810 Assumptis
299 3747 400 3796 autem
424 3755 527 3796 secum
550 3738 745 3812 quadraginta
771 3755 881 3798 nouem
903 3739 1078 3812 virginibus,
1099 3739 1181 3796 venit
1206 3740 1244 3795 ad

97 3826 198 3882 locum
218 3824 269 3882 vbi
292 3843 420 3899 corpora
438 3835 555 3884 mortua
571 3827 716 3885 iacebant.
754 3827 792 3884 Et
810 3845 880 3885 ecce
900 3827 1065 3885 Glunelach
1084 3827 1158 3884 latro
1177 3844 1245 3884 cum

98 3912 165 3971 suis
192 3912 388 3986 quadraginta
413 3931 523 3972 nouem
547 3915 606 3974 illis
627 3931 797 3984 occurrens,
819 3931 932 3973 vesano
952 3932 1056 3972 amore
1075 3925 1187 3988 captus,
1206 3914 1244 3971 ad
1258 3935 1292 3988 40

97 3999 278 4073 rapiendum
290 4018 343 4058 eas
355 4003 544 4074 properabat.
582 4003 669 4073 Quod
682 4003 789 4060 videns
806 4001 997 4074 Modwenna,
1014 4019 1135 4059 sorores
1154 4001 1245 4075 trepi-

98 4089 209 4146 dantes
227 4087 299 4145 nihil
315 4088 450 4148 hesitans
463 4091 615 4148 consolata
627 4100 682 4160 est,
695 4090 816 4150 dicens:
837 4089 952 4151 ‘Nolite
964 4107 1177 4165 expauescere,
1191 4091 1245 4148 sed

129 4285 186 4338 ²Fn
201 4287 385 4340 cellisclinium.
483 4287 539 4340 'E
554 4288 654 4342 frustra.
747 4287 803 4339 ’E.
816 4289 947 4340 familiare.
1045 4288 1245 4354 ⁴E.quotiens·

105 4367 214 4416 cunque.
279 4353 424 4406 ‘anule
490 4350 650 4420 ‘Ecoque
715 4353 837 4420 tuqui.
