3012 4898
419 328 494 423 bo
518 326 682 418 boam
708 329 885 432 lutrano.
1155 353 1227 427 325

55 521 149 570 octo
159 514 258 571 vaccis
277 512 340 572 suis
357 513 535 572 miraculose
547 514 644 574 tribus
656 515 764 573 diebus
776 515 874 589 pauit;
894 523 924 572 et
940 531 1018 588 aqua
1031 513 1123 574 sontis
1139 515 1177 571 ab
1191 531 1227 572 eo

56 601 239 658 benedicta
250 618 306 673 per
318 601 399 659 idem
412 609 532 675 tempus
545 602 575 659 in
585 602 688 660 vinum
701 602 848 676 optimum
861 619 1007 659 conuersa
1019 611 1074 661 est.
1147 589 1229 677 Qui·

57 690 151 746 dam
167 706 187 746 a
202 699 305 747 sancto
319 689 428 746 Pirano
443 707 461 746 a
476 699 572 747 morte
590 689 793 761 resuscitatus,
806 691 889 748 dedit
905 690 933 748 ei
948 688 1043 746 lilium
1057 706 1144 746 suurn
1157 706 1227 746 curn

57 776 162 850 agris
174 776 286 834 multis.
340 764 477 836 Sanctus
490 787 589 835 autem
604 776 733 840 Pisanus
745 779 776 835 in
789 786 877 835 nocte
890 777 998 835 natalis
1011 777 1133 846 domini,
1146 785 1228 852 post·

57 881 171 938 quam
184 866 314 938 populus
327 865 392 923 eius
405 865 584 923 sacrificium
595 866 769 940 accepisset,
783 868 822 923 de
834 865 974 922 manibus
986 864 1064 922 illius
1077 865 1177 922 exibat
1189 865 1227 921 ad
1240 873 1256 924 5

57 961 196 1009 remota
203 953 269 1010 loca
276 954 314 1010 ad
320 954 428 1010 cellam
438 962 542 1011 sancte
551 953 638 1012 Cote¹
649 946 822 1028 virginisvt
832 953 888 1012 sibi
897 954 988 1010 etiam
996 970 1106 1026 corpus
1115 952 1227 1010 Christi

58 1040 217 1110 afferret;
237 1049 267 1097 et
279 1049 348 1098 ante
362 1041 525 1098 matutinas
539 1041 649 1099 iterum
661 1042 802 1099 veniebat
819 1060 837 1099 a
854 1041 930 1098 mari
941 1039 1118 1098 occidentali
1129 1058 1226 1114 vsque

56 1128 107 1184 ad
120 1125 272 1184 Cluanam
281 1127 292 1160 ¹
300 1128 460 1185 ciuitatem.
486 1129 575 1186 Petra
585 1138 685 1186 autem
696 1137 800 1187 sancte
810 1129 883 1186 Cote
892 1127 1025 1202 virginis,
1033 1144 1227 1200 superquam

58 1215 145 1288 ipsa
157 1214 222 1271 sola
235 1232 321 1272 orare
334 1215 458 1284 solebat,
471 1215 503 1272 in
520 1216 595 1273 mari
612 1226 685 1287 erat,
700 1235 759 1272 non
773 1217 878 1290 procul
895 1234 913 1273 a
929 1216 994 1273 loco
1011 1232 1067 1272 suo
1084 1225 1227 1273 constans

57 1303 159 1359 inter
169 1303 283 1372 vndas;
302 1305 340 1360 ad
353 1303 434 1360 illam
453 1313 554 1360 autem
571 1313 689 1378 petram
707 1313 828 1362 sanctus
841 1304 969 1361 Piranus
986 1321 1060 1376 sepe
1074 1304 1139 1361 sine
1156 1302 1227 1359 naui
1241 1322 1273 1360 ro

59 1390 167 1447 siccis
178 1391 306 1462 pedibus
319 1408 412 1464 super
423 1408 506 1448 mare
518 1392 698 1449 ambulabat
747 1381 912 1467 ³Quadam
925 1399 1024 1449 autem
1035 1391 1084 1448 die
1096 1408 1165 1447 curn
1175 1409 1226 1448 ve-

59 1477 175 1534 nisset
185 1477 313 1534 Piranus
324 1480 361 1535 ad
371 1478 477 1536 cellam
492 1489 593 1536 sancte
604 1480 687 1550 Cote,
697 1488 728 1536 et
740 1480 833 1536 multa
846 1481 933 1536 turba
945 1496 1014 1536 cum
1023 1496 1069 1547 eo,
1076 1479 1226 1535 dederunt

59 1565 94 1622 ei
117 1563 166 1621 ibi
184 1564 215 1621 in
233 1565 332 1622 cibum
351 1566 511 1624 humerum
530 1568 610 1625 suis:
632 1577 663 1625 et
681 1586 721 1625 ex
739 1567 789 1624 illo
803 1567 929 1625 humero
942 1566 1012 1624 fecit
1026 1566 1153 1623 Piranus
1165 1566 1227 1623 sru-

60 1660 223 1723 mentum,
245 1653 315 1723 mel,
336 1653 452 1726 piscem
474 1663 505 1710 et
524 1655 720 1727 cereuisiam3
739 1663 770 1713 et
788 1673 857 1711 curn
875 1654 1004 1728 aquam⁴
1025 1653 1115 1711 sontis
1133 1655 1226 1712 bene·

59 1739 211 1810 dixisset,
223 1739 255 1796 in
267 1740 371 1797 vinum
384 1740 530 1814 optimum
542 1760 631 1800 versa
646 1753 702 1800 est.
739 1743 812 1800 Erat
828 1751 929 1800 autem
945 1759 1089 1799 numerus
1106 1741 1227 1798 illorum
1241 1763 1269 1814 ¹⁵

61 1827 123 1900 qui
136 1827 177 1884 de
188 1844 262 1884 cena
275 1827 325 1884 illa
338 1830 460 1885 saturati
473 1838 551 1895 sunt,
561 1829 705 1903 nongenti
715 1840 745 1887 et
753 1829 950 1904 quadraginta
957 1829 1022 1887 viri.
1080 1817 1224 1903 Quodam

60 1925 213 1988 tempore
221 1931 290 1970 curn
298 1925 419 1972 sanctus
428 1915 555 1973 Piranus
565 1918 686 1976 sederet
694 1917 724 1974 in
733 1935 843 1992 magno
853 1917 977 1974 consilio
988 1917 1151 1986 hominum,
1160 1928 1225 1974 erat

62 2001 111 2058 ibi
129 2019 188 2059 rex
197 2001 531 2076 Corbanus,quioculos
541 2021 671 2078 nequam
682 2015 712 2062 et
721 2005 1054 2076 nephandoshabebat:
1068 2004 1224 2062 eratenim

62 2090 144 2146 talis
158 2097 265 2146 natura
278 2090 389 2148 malitie
406 2108 461 2148 sue
473 2101 505 2148 vt
517 2109 607 2164 quern
621 2093 772 2150 maliciose
790 2103 819 2150 et
836 2091 1051 2166 perspicaciter
1067 2091 1223 2164 aspiceret,

64 2177 177 2258 statim
191 2177 256 2234 solo
269 2176 335 2234 visu
348 2178 538 2236 interficeret.
575 2180 650 2237 Cum
668 2198 742 2254 ergo
758 2180 876 2239 iuuenis
893 2180 1016 2253 quidam
1033 2196 1101 2235 cum
1116 2178 1224 2235 Pirano
1236 2199 1271 2236 ao

63 2267 107 2322 ad
129 2264 291 2322 consilium
305 2264 448 2334 venisset,
462 2266 619 2324 Corbanus
637 2286 693 2325 rex
705 2285 775 2326 euin
792 2267 945 2324 maliciose
963 2267 1015 2324 diu
1037 2265 1161 2323 intuitus
1178 2275 1224 2322 est

64 2362 99 2410 et
112 2351 236 2410 iuuenis
249 2351 281 2409 in
293 2361 405 2409 terram
417 2354 530 2410 cadens
543 2364 679 2412 mortuus
691 2363 745 2412 est
784 2355 851 2412 Hoc
863 2355 971 2413 videns
985 2354 1113 2410 Piranus
1129 2353 1224 2410 iratus

64 2449 117 2496 est
130 2448 239 2496 contra
257 2456 379 2513 regem:
400 2449 431 2497 et
448 2440 546 2497 statim
566 2459 621 2500 rex
640 2459 729 2498 cecus
744 2443 870 2500 effectus
887 2451 941 2499 est.
979 2440 1064 2497 Tunc
1081 2457 1137 2497 rex
1154 2457 1224 2513 pro·

64 2526 180 2584 strauit
193 2544 227 2583 se
234 2527 273 2584 ad
282 2528 378 2600 pedes
390 2528 485 2584 sancti
495 2527 603 2598 Pirani,
612 2546 680 2586 cum
691 2546 800 2603 magna
813 2528 977 2586 humilitate
987 2527 1106 2586 veniam
1119 2545 1224 2601 preca·

65 2616 170 2672 batur.
207 2614 320 2672 Orante
337 2624 437 2673 autem
451 2633 506 2689 pro
519 2634 556 2673 eo
572 2624 676 2673 sancto
690 2616 809 2686 Pirano,
821 2616 919 2690 aperti
938 2626 1008 2674 sunt
1027 2616 1105 2672 oculi
1124 2614 1222 2688 regis3
1239 2641 1268 2689 ²⁵

64 2700 193 2770 iuuenis
212 2702 301 2759 etiam
317 2712 454 2760 mortuus
473 2703 523 2760 illo
543 2714 646 2762 orante
666 2704 861 2761 resuscitatus
879 2703 953 2760 esti
1026 2691 1110 2762 Cum
1123 2712 1223 2759 autern

65 2790 216 2863 alumpna
229 2799 332 2847 sancte
340 2790 414 2847 Cote
427 2808 496 2848 curn
506 2791 649 2865 alumpno
659 2790 670 2822 ⁶
680 2792 774 2848 sancti
786 2791 885 2849 Pirani
898 2791 1048 2848 carnalem
1063 2789 1222 2847 amicitiam

64 2878 165 2934 vellet
183 2876 374 2950 coniungere,
393 2887 423 2934 et
442 2877 474 2934 in
493 2877 569 2935 silua
587 2880 716 2952 quadam
735 2879 952 2936 conuenientes
970 2888 1096 2951 vterque
1115 2876 1221 2934 faciem

66 2963 196 3022 alterius
215 2965 430 3038 prospexisset,
443 2966 541 3022 subito
560 2967 717 3023 columba⁶
734 2967 772 3024 de
793 2967 859 3023 celo
878 2965 984 3022 cecidit
1004 2965 1085 3022 inter
1106 2981 1169 3034 eos,
1192 2974 1222 3021 et

66 3051 167 3109 nimio
186 3049 293 3109 timore
311 3051 474 3125 perterriti,
493 3053 567 3110 nihil
586 3053 642 3111 sibi
660 3054 796 3111 dicentes
817 3055 855 3110 ad
877 3053 1009 3109 inuicem
1029 3051 1130 3125 sugam
1150 3050 1221 3107 arri-
1237 3065 1268 3114 ³0

67 3139 192 3212 pientes
204 3140 242 3195 ad
255 3140 362 3196 domos
374 3156 447 3196 suas
459 3140 605 3198 abierunt
636 3141 686 3198 Ab
698 3141 748 3198 illa
759 3150 859 3198 autem
872 3141 920 3197 die
933 3157 1029 3212 vsque
1041 3139 1079 3196 ad
1093 3147 1221 3195 mortem

68 3244 161 3284 suam
179 3228 264 3300 virgo
284 3227 335 3283 illa
357 3244 428 3284 ceca
450 3229 634 3300 permansit;
661 3238 691 3286 et
714 3228 842 3299 iuuenis,
863 3245 881 3284 a
903 3227 1013 3283 Pirano
1035 3235 1222 3284 transmare

69 3316 212 3387 gallicum
225 3315 393 3372 inexilium
406 3314 529 3386 missus,
542 3327 659 3390 septem
676 3317 765 3374 annis
781 3315 977 3389 penitentiam
995 3315 1065 3388 egit,
1078 3325 1109 3372 et
1127 3314 1222 3388 scrip-

67 3410 155 3460 turas
181 3412 299 3460 sanctas
315 3401 429 3460 didicit.
500 3391 563 3460 'ln
587 3405 677 3461 domo
696 3412 798 3461 sancte
818 3404 892 3461 Cote
911 3403 1026 3477 lignum
1050 3402 1081 3459 in
1107 3404 1221 3475 pariete

68 3491 204 3560 positum
217 3488 296 3563 ignis
305 3489 424 3546 incaute
434 3492 678 3563 apprehendens,
688 3493 813 3548 domum
823 3490 964 3548 incendit.
995 3489 1111 3548 Videns
1120 3499 1220 3547 autem
1235 3501 1267 3552 35

71 3574 204 3635 Piranus
213 3578 336 3651 globum
344 3577 424 3651 ignis
436 3579 475 3635 de
487 3580 578 3634 domo
588 3578 619 3635 in
631 3579 725 3636 altum
741 3579 982 3650 con[s]cendere‚
995 3577 1113 3636 eleuata
1129 3594 1221 3634 manu

70 3663 193 3738 signum
206 3664 304 3722 crucis
320 3663 382 3737 igni
397 3667 554 3738 opposuit:
573 3675 604 3723 et
622 3665 723 3724 statim
740 3665 819 3739 ignis
831 3665 1022 3724 vehementia
1040 3665 1179 3734 cessauit,
1192 3675 1222 3722 et
1316 3707 1323 3728 ,

70 3751 181 3810 domus
201 3751 318 3826 integra
335 3761 365 3808 et
383 3751 468 3809 illesa
487 3753 661 3826 permansit
742 3740 887 3828 Quedam
907 3753 1007 3827 puella
1027 3754 1064 3810 ab
1084 3751 1222 3810 hostibus

70 3836 203 3912 iugulata
226 3847 257 3897 et
278 3839 431 3909 decollata,
450 3850 555 3898 orante
580 3851 684 3899 sancto
708 3840 817 3897 Pirano
838 3840 908 3897 viua
927 3850 958 3897 et
982 3856 1057 3910 sana
1081 3839 1221 3897 surrexit

73 3912 230 3996 Geranus,
248 3926 398 4000 presbiter
417 3937 521 3985 sancte
540 3927 624 3999 Cote,
642 3945 711 3985 cum
731 3926 884 4001 perviam
906 3927 1064 3985 ambulans
1084 3935 1220 3983 mortuus
1233 3945 1266 3992 4ο

71 4011 188 4083 luisset,
200 4013 342 4087 precibus
363 4014 457 4073 sancti
478 4015 579 4072 Pirani
589 4015 792 4082 resuscitatus,
806 4014 909 4072 multis
924 4012 1012 4071 annis
1030 4021 1132 4070 sancte
1146 4013 1220 4071 Cote

72 4099 252 4159 ministrauit
260 4101 279 4159 ⁸.
316 4088 465 4160 Odranus
477 4113 508 4161 et
521 4102 684 4162 Medardus
695 4101 706 4135 ⁷
717 4102 827 4161 fratres
839 4101 989 4176 proficisci
998 4100 1143 4169 volentes,
1151 4118 1220 4157 cum

72 4189 108 4244 ad
121 4197 258 4247 sanctum
272 4188 414 4246 Piranum
426 4189 592 4262 venissent,
606 4189 770 4248 Medardus
787 4207 856 4248 cum
872 4189 940 4264 ipso
953 4205 1077 4246 manere
1089 4188 1218 4246 volebat.

103 4307 113 4338 ¹
128 4309 203 4373 Colg.
216 4310 342 4362 Coccbee.
408 4310 419 4341 ²
434 4311 483 4362 ie.
493 4312 650 4372 Cluainiert3
667 4327 698 4363 or
707 4327 727 4364 r.
741 4313 885 4376 saginam?
950 4309 992 4341 Η
1009 4325 1059 4362 om.
1072 4310 1100 4360 in
1110 4309 1219 4375 Colgan.

73 4369 222 4440 ‘Ecquis
288 4376 509 4430 *scenobatae
574 4378 677 4443 ‘coln
691 4379 768 4443 ignis.
837 4375 935 4440 ‘Colg.
950 4377 1097 4429 lledranua.
