3054 4904
407 327 483 420 vt
506 323 671 416 §antu
697 325 931 416 tuutmdu
1162 354 1230 428 145

85 525 165 583 diem
185 528 341 586 conuertit.
387 528 475 586 Illum
498 545 571 588 vero
598 527 745 604 maligne¹
772 530 869 605 plebis
893 530 992 590 vicum
1014 531 1065 605 qui
1090 531 1233 589 nuncium

85 614 189 672 salutis
210 617 433 687 exterminauit,
451 618 562 676 iactum
581 620 620 676 de
643 621 763 692 superis
783 618 897 676 fulmen
916 637 984 676 cum
1004 620 1145 678 omnibus
1170 619 1233 677 suis

85 703 184 760 subito
199 704 403 778 conllagrauit,
419 714 450 763 et
466 706 497 762 in
514 716 693 780 perpetuam
709 708 900 765 solitudinem
915 716 1009 764 totum
1022 709 1120 765 locum
1133 709 1233 782 ipsum

83 799 115 846 vt
130 791 294 849 Sodomam
307 783 513 866 pessundedit.
600 782 782 852 Predicante
798 796 862 852 viro
881 795 929 852 dei
944 794 1056 868 vbique
1069 796 1100 852 in
1114 795 1235 852 Scotia¹

84 881 210 936 verbum
229 881 288 950 dei,
307 889 338 938 et
356 881 435 938 sama
453 883 518 939 eius
536 881 596 939 late
613 882 729 951 diffusa,
749 891 870 940 sanctus
889 881 1066 940 Terenanus
1086 883 1264 952 Hibernier,

84 967 331 1042 archiepiscopus
352 969 390 1025 ad
410 985 481 1026 eum
499 969 591 1038 venit,
609 970 657 1050 vir
675 978 758 1026 tante
780 969 945 1028 sanctitatis
966 979 998 1028 vt
1018 980 1081 1028 tres
1101 979 1235 1028 mortuos

84 1055 249 1112 suscitasse
269 1057 425 1113 dicebatur
434 1056 454 1114 ⁸.
492 1056 550 1127 Qui
570 1057 697 1114 audiens
716 1059 836 1115 beatum
863 1057 1057 1116 Laurentium
1082 1061 1120 1116 de
1145 1074 1236 1132 pasce

85 1142 299 1201 obseruatione
323 1143 448 1218 aliisque
470 1144 641 1217 apostolicis
665 1144 899 1202 institutionibus
923 1146 1135 1219 disputantem,
1154 1145 1237 1203 dedit

86 1245 197 1287 manus
218 1232 345 1301 veritati,
366 1241 396 1290 et
416 1249 501 1290 suam
525 1241 648 1306 gentem
672 1234 703 1288 in
728 1241 883 1307 posterum
904 1233 1055 1307 corrigere
1075 1235 1236 1307 satagebat.

87 1306 267 1392 Regressus
279 1322 403 1379 tandem
416 1331 539 1379 sanctus
556 1322 604 1378 dei
623 1321 738 1378 inuenit
755 1322 910 1379 cuiusdam
931 1321 1059 1395 hospitis
1076 1323 1122 1379 sui
1140 1323 1235 1380 filium
1254 1343 1284 1379 ιο

85 1407 270 1476 defunctum,
289 1417 467 1482 patremque
486 1418 516 1467 et
535 1419 662 1468 matrem
681 1410 832 1466 luctuosos
851 1411 947 1480 valde,
966 1409 1017 1482 qui
1035 1429 1109 1468 voce
1128 1427 1238 1484 magna

86 1495 272 1552 clamantes⁴
284 1497 441 1554 dixerunt:
462 1497 508 1553 ‘O
523 1506 626 1554 sancte
644 1497 795 1567 Laurenti,
813 1497 959 1554 resuscita
977 1497 1073 1553 filium
1091 1507 1238 1568 nostrum,

86 1593 119 1640 vt
132 1583 253 1640 fidelius
266 1585 425 1641 credamus
436 1585 468 1640 in
481 1585 565 1641 illum
578 1601 669 1658 quem
681 1585 819 1657 predicas
833 1585 956 1642 ihesum
970 1585 1141 1643 Christum!
1179 1586 1238 1657 Qui

85 1670 166 1727 iacta
191 1672 333 1742 oratione,
361 1674 484 1745 ‘surge'
505 1690 601 1746 puero
621 1673 713 1730 dixit:
742 1673 903 1746 statimque
926 1672 976 1730 ille
1004 1674 1142 1730 surrexit.
1179 1675 1239 1745 Qui

85 1759 256 1815 testabatur
278 1759 388 1816 obnixe
413 1777 448 1817 se
473 1776 491 1816 a
515 1760 678 1817 teterrimis
703 1760 858 1833 spiritibus
888 1761 927 1816 ad
957 1759 1098 1818 flammea
1128 1770 1240 1819 tartara
1255 1781 1284 1832 15

86 1855 208 1919 raptum
219 1865 226 1916 ;
245 1848 299 1904 sed
309 1855 414 1904 orante
424 1847 547 1904 sancto⁶
557 1847 720 1905 Laurentio
730 1847 886 1905 alucissuis
895 1848 1013 1922 angelis
1023 1848 1071 1906 dei
1082 1850 1119 1905 ad
1129 1867 1240 1923 corpus

88 1937 256 1992 reductum.
293 1936 360 2006 Quo
385 1952 454 1993 cum
479 1946 567 2010 patre
589 1945 620 1994 et
644 1945 740 1994 matre
764 1945 794 1993 et
814 1945 876 1993 tota
895 1937 986 1993 domo
1007 1945 1038 1994 et
1062 1937 1240 2010 cognatione

88 2021 241 2096 baptizato
249 2023 268 2094 ⁸,
292 2023 340 2080 vir
363 2033 485 2081 sanctus
509 2025 663 2098 regionem
686 2033 859 2099 penetrans,
885 2024 970 2098 signa
1000 2034 1030 2082 et
1062 2027 1241 2082 documenta

88 2111 234 2169 salutaria
245 2111 356 2186 vbique
368 2112 508 2184 ostendit,
521 2123 551 2170 et
565 2113 648 2170 iuxta
664 2114 815 2185 quandam
833 2113 938 2170 vrbem
955 2112 987 2169 in
1000 2113 1074 2170 locis
1087 2113 1240 2171 arentibus

90 2198 207 2256 sontem
232 2217 309 2273 aque
334 2200 483 2274 produxit,
502 2200 553 2274 qui
574 2201 719 2258 hactenus
743 2199 945 2257 indeficienti⁷
964 2202 1099 2258 vbertate
1118 2219 1241 2258 manare
1256 2221 1287 2258 ao

88 2305 152 2344 non
167 2287 286 2345 desinit.
344 2276 382 2345 In
395 2289 465 2345 villa
478 2291 608 2362 quadam
621 2289 743 2346 nomine
758 2287 782 2344 F
783 2291 899 2345 orduna
910 2289 1069 2346 ecclesiam
1082 2289 1112 2345 in
1126 2291 1241 2346 honore

87 2375 190 2449 ipsius
211 2384 281 2448 post
303 2375 368 2432 eius
387 2375 500 2433 obitum
519 2377 617 2435 incole
636 2377 843 2445 condiderunt,
862 2394 921 2450 que
943 2386 1026 2434 tanto
1045 2377 1242 2434 sanctimonie

89 2465 202 2520 candet
220 2463 394 2537 priuilegio⁸
412 2474 444 2520 vt
462 2465 543 2521 nulla
561 2482 693 2538 vnquam
712 2463 890 2521 seminarum
909 2465 986 2522 hanc
1006 2465 1119 2522 intrare
1137 2466 1243 2540 possit.

91 2539 169 2610 Deo
189 2561 289 2609 autem
307 2551 444 2609 amabilis
463 2552 567 2626 regina
586 2553 687 2609 Scotie
705 2562 809 2609 sancta
830 2551 1008 2625 Margareta,
1029 2553 1079 2626 pia
1099 2553 1243 2627 religione

90 2657 164 2698 cum
177 2638 275 2697 cereis
286 2639 411 2714 aliisque
424 2640 519 2698 sacris
531 2640 729 2697 oblationibus
742 2640 821 2715 cepit
839 2641 916 2697 hanc
935 2641 1013 2698 velle
1029 2641 1149 2698 intrare.
1187 2641 1244 2699 Cui
1257 2662 1289 2714 ²5

90 2730 130 2786 ad
144 2737 265 2802 portam
278 2727 345 2784 atrii
357 2737 549 2786 occurrentes
561 2728 695 2786 canonici
705 2727 851 2786 instanter
860 2738 948 2785 orant
957 2747 997 2786 ne
1006 2729 1244 2802 transgrediatur

87 2818 193 2890 legem
222 2817 404 2874 sacrosancti
432 2816 566 2888 instituti,
592 2827 623 2876 et
653 2817 800 2874 offensam
829 2809 961 2874 incurrat
991 2817 1033 2873 ibi
1062 2817 1244 2890 presidentis

90 2902 222 2978 patroni.
259 2903 370 2962 Atilia
386 2907 577 2980 respondens
596 2924 630 2963 se
649 2905 748 2979 potius
767 2923 886 2962 sacrum
905 2905 1003 2962 locum
1025 2906 1194 2962 honorare⁹
1214 2914 1245 2963 et

91 2994 230 3050 exaltare
248 2993 336 3062 velle,
354 3003 441 3066 vrget
458 2993 653 3067 propositum.
689 2993 749 3050 Vix
768 2993 876 3050 atrium
894 2992 1039 3065 attigerat,
1058 3011 1127 3050 cum
1146 2992 1245 3049 subito

92 3082 172 3138 diris
197 3080 287 3138 totius
306 3081 440 3154 corporis
465 3081 615 3138 stimulata
634 3083 812 3139 cruciatibus
834 3081 1004 3138 exclamare
1024 3081 1122 3153 cepit:
1152 3081 1245 3149 ‘Cito‚
1260 3103 1293 3152 30

94 3171 203 3244 inquit,
213 3187 262 3228 me
271 3170 340 3227 hinc
348 3171 370 3204 ¹⁰
382 3171 508 3228 auferte:
528 3188 599 3228 ecce
611 3171 670 3228 iarn
680 3171 808 3226 morior!
837 3169 1000 3226 Orantibus
1010 3186 1066 3243 pro
1076 3186 1112 3225 ea
1120 3168 1246 3237 clericis,

90 3260 202 3334 regina
226 3259 324 3316 salute
347 3269 468 3333 recepta
492 3259 649 3317 ecclesiam
675 3258 779 3331 [illam]
788 3259 808 3292 ¹¹
827 3275 916 3315 cruce
937 3265 1081 3330 argentea
1099 3265 1129 3314 et
1155 3257 1246 3314 calice

92 3349 245 3425 precipuo
258 3348 385 3422 aliisque
397 3349 485 3406 donis
498 3358 633 3420 exornat,
646 3356 675 3405 et
688 3356 824 3404 sanctum
838 3345 1034 3403 Laurentium
1047 3345 1107 3418 iugi
1120 3363 1247 3403 venera·

91 3439 180 3496 tione
193 3437 323 3505 inuocat,
336 3454 427 3509 quem
440 3437 522 3494 adire
535 3453 661 3510 corpore
674 3435 822 3508 nequibat
911 3422 1008 3490 Anno
1020 3443 1120 3490 autem
1134 3433 1247 3490 domini

95 3524 325 3584 sexcentesimo
340 3525 458 3581 decimo
475 3541 555 3581 nono
568 3533 689 3580 sanctus
703 3521 881 3579 Laurentius
893 3521 980 3578 tertio
997 3539 1093 3578 nonas
1106 3521 1247 3579 februarii
1262 3541 1294 3592 35

92 3613 274 3684 relinquens
299 3611 355 3668 hoc
380 3610 523 3682 seculum,
547 3611 631 3668 iuxta
655 3619 792 3667 sanctum
812 3608 1014 3682 Augustinum
1036 3609 1172 3681 sepultus
1192 3618 1247 3666 est.

100 3691 241 3760 Aduena
255 3699 416 3756 saxonicus
433 3699 543 3756 innatis
555 3706 640 3773 tergo
652 3698 809 3765 calcaneis,
821 3705 891 3769 post
903 3695 1062 3754 innumera
1074 3705 1248 3753 sanctorum

93 3787 218 3864 quesita
241 3787 407 3860 patrocinia
430 3787 513 3844 venit
541 3786 572 3843 in
600 3786 751 3859 Angliam‚
776 3793 806 3842 et
835 3785 916 3857 apud
944 3784 1248 3841 westmonasterium

97 3875 241 3935 diuinum
261 3877 377 3948 accepit
399 3875 561 3945 oraculum,
582 3874 708 3931 salutem
728 3873 784 3930 sibi
804 3873 989 3945 querendam
1012 3871 1092 3943 apud
1111 3880 1248 3928 sanctum

94 3963 305 4036 Augustinum
318 3961 487 4037 Anglorum
499 3963 675 4036 apostolum.
712 3961 780 4032 Quo
795 3977 863 4017 cum
878 3968 946 4032 post
963 3958 1096 4014 triduum
1108 3958 1249 4015 orationi·
1262 3981 1298 4032 40

130 4093 191 4144 ¹t.
203 4095 350 4158 malignum.
415 4092 471 4144 tf.
486 4093 599 4144 scotiam.
665 4092 743 4142 ’vit
756 4093 928 4156 perhibeatur.
999 4089 1056 4139 ίΤ.
1068 4089 1250 4142 exclamantes.

96 4163 108 4193 ⁵
126 4161 159 4211 E.
169 4169 265 4210 macta.
340 4159 350 4187 ⁸
365 4159 416 4210 vn.
429 4160 508 4210 adds:
527 4175 572 4210 as.
587 4159 760 4220 Laurentique
772 4174 824 4220 quo
836 4173 930 4206 nomen
943 4155 1088 4218 impositum
1101 4157 1178 4204 traxit
1191 4156 1252 4206 Gilli

96 4227 267 4287 Laurentius,
277 4222 348 4288 quod
360 4225 525 4288 interpretari
541 4232 628 4288 potest
643 4225 737 4274 filiolus
755 4224 894 4274 Laurentii.
930 4221 999 4271 Huic
1011 4222 1087 4271 etiam
1099 4229 1173 4269 natus
1185 4221 1253 4274 lilius

96 4293 177 4345 Cheli
196 4293 334 4352 dicebatur,
348 4307 363 4340 a
381 4307 433 4354 quo
451 4299 542 4354 postea
562 4292 677 4340 eiusdem
694 4291 717 4341 b.
737 4291 818 4354 patris
835 4289 967 4337 Laurentii
983 4288 1035 4336 vita
1047 4287 1175 4349 descripta
1186 4289 1252 4336 affir-

94 4365 192 4412 matur.
236 4355 286 4473 ε’
304 4357 333 4410 E.
344 4357 487 4407 indefienti.
569 4357 783 4420 ⁸E.preuilegio.
860 4354 1035 4404 'Ehonore
1112 4351 1132 4383 ¹⁰
1147 4353 1175 4402 E.
1184 4354 1253 4405 huic.

94 4427 114 4458 ¹¹
133 4440 185 4474 om.
197 4423 223 4472 in

137 4519 204 4559 vot.
218 4517 247 4558 11.
671 4515 690 4556 l.
