3046 4902
111 281 171 333 ns
186 279 340 347 aanor
379 263 454 357 ms
470 259 758 351 &osmonte
775 275 869 364 tere
886 269 925 348 et
942 267 1132 365 matuta
1191 268 1263 360 589

114 465 274 520 Immanior
292 465 396 536 quippe
417 466 499 536 lupus
520 481 554 520 eo
576 465 628 520 loci
654 463 794 520 inuenitur
817 465 1000 520 reuerendum
1025 465 1147 521 martiris
1170 465 1263 536 capud

12 585 14 614 :
110 548 237 604 brachiis
262 549 319 603 suis
344 549 523 618 amplectens,
553 548 672 602 aliarum
695 547 817 604 ferarum
841 547 1023 604 voracitatem
1046 549 1212 618 propulsans
1236 557 1264 604 et

111 631 257 702 propriam
280 633 432 697 refrenans,
456 647 509 685 nec
533 630 617 686 cessit
645 640 803 700 susceptam
834 628 989 686 custodiam
1018 629 1070 686 nisi
1095 630 1264 687 multitudini

111 715 207 784 capud
221 714 358 784 querenti.
395 715 471 769 Ecce
484 714 602 769 alterum
615 713 783 768 Danielem!
823 714 874 768 llle
887 714 992 784 quippe
1005 713 1033 767 in
1046 714 1139 768 medio
1151 716 1262 770 leonum

112 797 144 852 in
166 799 229 852 lacu
251 798 356 868 positus
376 797 422 852 dei
442 797 536 867 gracia
556 798 666 852 leonum
688 795 818 866 repressit
836 797 962 852 rabiem:
990 796 1042 851 iste
1063 814 1120 852 non
1142 796 1291 860 inferioris

110 880 208 949 gracia
223 880 289 935 feris
308 879 449 950 expositus
467 891 495 934 et
507 880 617 947 auibus,
634 896 688 934 nec
699 879 772 933 feras
790 879 876 934 sensit
893 896 945 934 nec
958 896 1034 944 aues,
1048 878 1136 935 immo
1148 881 1220 936 leoni
1234 881 1263 936 in

111 953 266 1018 voracitate
279 962 453 1017 consimilem
466 962 562 1032 lupum
575 962 672 1017 hahuit
690 979 746 1016 non
763 971 920 1017 voratorem
935 972 978 1017 set
996 963 1149 1018 custodem.
1185 965 1263 1019 Vna-

112 1045 183 1100 nimi
203 1045 287 1114 igitur
306 1045 461 1100 deuocioue
482 1045 530 1115 qui
550 1055 738 1100 conuenerant
760 1045 916 1101 deferentes
938 1046 1030 1116 capud
1052 1046 1195 1101 inuentum
1225 1047 1263 1104 ad

112 1145 217 1200 corpus
230 1127 447 1197 sanctissimum,
460 1130 557 1199 lupum
569 1129 727 1184 habuerunt
739 1129 845 1184 funeris
863 1129 972 1184 socium
990 1145 1077 1198 vsque
1091 1130 1129 1184 ad
1141 1129 1261 1200 sepulcri

111 1212 216 1268 locum.
252 1212 308 1279 Qui
328 1211 368 1266 eis
387 1229 404 1265 a
420 1221 498 1282 tergo
515 1211 666 1268 imminens
682 1221 710 1266 et
726 1211 806 1282 quasi
823 1229 875 1282 pro
891 1211 1000 1283 perdito
1016 1211 1151 1283 pignore¹
1163 1214 1262 1283 lugens
1278 1227 1308 1276 ro

111 1303 142 1350 et
154 1293 261 1348 eiulans
274 1304 437 1364 prosecutus
451 1303 493 1348 est
506 1311 563 1362 eos,
577 1293 733 1365 inpendens
749 1295 916 1365 obsequium
934 1295 1017 1365 quale
1033 1294 1123 1365 potuit
1141 1297 1262 1353 martiris

112 1376 273 1444 sencticam
305 1376 482 1446 interfuitque
512 1376 617 1432 funeris
646 1377 779 1447 obsequio
809 1377 901 1432 donec
933 1389 1018 1433 cunta
1056 1391 1262 1449 peragerentur,

112 1459 256 1514 neminem
268 1460 373 1527 ledere,
386 1477 404 1512 a
416 1459 527 1514 nemine
539 1461 629 1526 lesus;
644 1460 820 1530 peractisque
829 1461 866 1515 de
878 1477 956 1515 more
969 1461 1058 1516 cuntis
1071 1480 1125 1534 que
1139 1463 1261 1520 defuncti

111 1541 315 1611 contingebant
328 1543 459 1608 officium,
472 1543 553 1600 rediit
565 1543 602 1597 ad
615 1542 747 1598 siluarum
760 1543 847 1598 lustra
865 1543 944 1613 quasi
961 1544 1118 1600 deuocione
1134 1546 1262 1602 custodie

110 1626 254 1694 completa
263 1642 360 1692 ;-uec
369 1636 453 1681 autea
463 1626 516 1682 illis
528 1626 557 1681 in
571 1626 672 1682 finibus
680 1643 733 1680 nec
746 1634 844 1696 postea
856 1625 938 1696 lupus
950 1627 1044 1696 specie
1056 1637 1115 1684 tam
1131 1629 1261 1688 terribilis
1277 1641 1305 1693 ¹5

110 1708 250 1778 apparuit.
298 1710 398 1780 Capud
423 1709 505 1780 igitur
532 1711 621 1766 sancti
646 1709 720 1780 regis
743 1719 771 1764 et
795 1709 916 1764 martiris
940 1709 1118 1765 coniunctum
1142 1713 1262 1782 corpori,

110 1789 246 1846 traditum
270 1802 313 1847 est
338 1793 478 1863 sepulture
502 1793 578 1848 iuxta
601 1793 694 1848 locum
717 1792 791 1847 illius
811 1791 1043 1848 martirizacionis
1082 1795 1146 1862 Quo
1170 1795 1261 1852 eciam

110 1872 243 1928 edificata
263 1873 356 1944 lignea
377 1875 496 1945 desuper
514 1875 670 1942 ecclesiola,
690 1873 804 1945 triginta
824 1893 872 1930 sex
892 1874 973 1930 annis
993 1875 1113 1931 interra
1133 1878 1260 1936 defossus

110 1955 188 2012 idem
206 1967 318 2012 sanctus
335 1958 433 2013 martir
449 1958 586 2029 requieuit
602 1959 741 2014 humatus.
777 1957 939 2013 ²Preciosus
953 1956 1037 2027 igitur
1054 1977 1102 2014 rex
1117 1969 1145 2014 et
1163 1962 1261 2016 martir

110 2039 281 2096 Edmundus
294 2052 357 2112 post
371 2041 543 2112 triumphum
555 2040 671 2098 victorie
688 2057 705 2096 a
720 2041 835 2097 domino
851 2040 1021 2096 remunerari
1038 2042 1138 2098 meruit
1155 2060 1259 2099 corona
1274 2069 1305 2105 20

109 2121 200 2192 glorie
212 2125 359 2180 laureatus.
405 2124 460 2194 Qui
480 2141 575 2180 coram
593 2125 704 2180 tiranno
722 2124 866 2181 Christum
884 2124 1009 2180 confiteri
1028 2121 1164 2194 purpura³
1182 2127 1260 2196 regia

109 2222 170 2264 non
191 2205 320 2263 erubuit⁴
336 2217 454 2263 exutus:
473 2207 594 2264 eundem
615 2225 719 2278 agnum
741 2207 785 2263 dei
805 2202 975 2262 comitatur⁵
993 2207 1097 2278 ubique
1117 2209 1189 2263 stola
1208 2209 1259 2266 im·

108 2290 290 2346 mortalitatis
311 2290 433 2346 indutus.
472 2292 505 2346 ln
526 2290 605 2346 cuius
626 2308 674 2346 ore
692 2307 745 2346 nec
767 2290 839 2345 inter
858 2289 983 2345 fremitus
1005 2291 1186 2345 barbarorum
1206 2308 1260 2348 nec

110 2372 185 2432 inter
195 2374 282 2430 fustes
295 2383 429 2430 tortorum
439 2374 500 2428 laus
512 2373 556 2429 dei
569 2374 656 2430 valuit
676 2390 804 2430 cessare:
824 2373 881 2429 iam
898 2371 969 2428 inter
984 2371 1098 2442 spin'tus
1116 2375 1259 2442 angelicos

109 2455 189 2514 illam
201 2473 258 2512 non
272 2467 363 2512 cessat
380 2456 539 2512 decantare.
575 2457 676 2527 Capud
697 2456 773 2528 quod
792 2456 922 2512 alacriter
938 2473 989 2526 pro
1006 2457 1117 2511 Christo
1134 2458 1259 2514 subdidit
1274 2481 1304 2534 ²5

108 2538 207 2608 gladio
225 2539 412 2609 percussoris:
438 2540 598 2595 diademate
615 2540 702 2609 fulget
720 2537 876 2610 omatulm]
889 2539 982 2593 eximii
996 2539 1112 2596 decoris.
1150 2542 1259 2612 Corpus

108 2621 172 2676 eius
196 2622 355 2680 crebrarum
379 2623 545 2692 sagittarum
568 2621 669 2678 ictibus
689 2622 867 2692 perforatum,
885 2622 923 2677 ad
944 2621 1077 2678 indicium
1093 2634 1198 2694 quante
1223 2625 1259 2682 sit

108 2703 185 2764 illius
197 2705 293 2760 anima
304 2705 333 2760 in
345 2706 405 2760 celo
417 2704 567 2776 dignitatis,
581 2705 721 2775 integrum
733 2704 953 2777 inuiolatumque
965 2717 1125 2777 perseuerat
1140 2707 1168 2762 in
1184 2718 1259 2764 terra

108 2804 161 2857 per
172 2786 266 2842 diuine
278 2787 461 2842 clemenciam
473 2787 637 2844 maiestatis.

183 2940 232 2995 Da
244 2951 322 2995 caco
334 2951 419 2996 nato
431 2951 475 2995 an
489 2951 561 2996 mus
574 2951 736 2996 ruuuutuu
749 2952 834 2996 aruo
848 2942 967 2996 Hoxua
980 2951 1188 3009 rtnuumaro,

316 3034 468 3079 taurona
479 3035 545 3088 ouo
557 3035 678 3080 consus
691 3035 793 3079 ructus
805 3035 913 3079 neuin
925 3035 1047 3078 ramata.

825 3142 931 3195 Nterea
946 3139 1075 3211 quamuis
1089 3139 1195 3195 athleta
1212 3141 1256 3197 dei
1271 3157 1303 3207 30

859 3222 1029 3277 Edmundus
1046 3240 1108 3277 raro
1120 3225 1258 3278 coleretur

108 3309 315 3365 inhabitatore:
335 3307 470 3379 paulatim
483 3317 578 3362 tamen
591 3306 721 3376 regiones
738 3306 871 3362 finitimas
886 3305 1083 3361 miraculorum
1100 3306 1257 3363 illustrabat

107 3394 223 3462 fulgore,
232 3402 259 3447 et
270 3391 333 3447 ideo
341 3409 398 3447 non
412 3392 502 3446 solum
515 3389 696 3461 priuatorum,
706 3400 747 3446 set
758 3391 848 3446 eciam
858 3389 1019 3446 sublimium
1029 3393 1114 3447 corda
1124 3393 1175 3448 sihi
1186 3395 1256 3449 arni-

108 3475 166 3532 cuit
179 3493 229 3546 per
241 3475 385 3545 signorum
398 3476 535 3530 inmutata
548 3473 693 3529 mirabilia
731 3475 756 3528 E
770 3473 870 3544 quibus
884 3491 968 3528 vnum
981 3473 1115 3544 dignum⁶
1128 3477 1257 3534 duximus

107 3576 288 3627 memorasse,
301 3567 330 3612 vt
342 3575 375 3614 ex
388 3559 441 3612 hoc
454 3574 509 3611 vno
525 3557 604 3626 plura
621 3557 732 3626 pensari
746 3566 849 3626 queant
863 3575 870 3623 3
883 3567 942 3611 tum
956 3557 1021 3628 quia
1034 3559 1150 3613 neclecti
1167 3561 1256 3614 cultus
1271 3573 1300 3623 35

107 3643 160 3700 fuit
181 3641 330 3709 correccio,
352 3651 412 3696 tum
433 3640 499 3711 quia
523 3639 673 3693 multorum
696 3655 745 3692 ora
767 3639 795 3693 in
818 3639 862 3694 dei
885 3639 982 3694 laudes
1004 3640 1122 3695 resoluit
1166 3643 1256 3697 Cecus

107 3725 184 3784 enirn
197 3725 312 3795 quidam
327 3741 345 3778 a
357 3723 513 3789 natiuitate,
526 3738 590 3775 curn
609 3738 694 3791 puero
712 3721 827 3776 ductore
846 3722 921 3776 viam
941 3739 1068 3792 carpens,
1082 3724 1183 3777 saltum
1201 3741 1257 3794 quo

107 3808 206 3864 martir
225 3817 337 3863 sanctus
355 3807 545 3861 tumulabatur
563 3803 732 3874 ingreditur:
752 3821 835 3874 quem
852 3823 916 3859 cum
932 3807 1053 3860 necdum
1071 3805 1256 3874 dimidiasset,

107 3895 167 3949 sole
184 3892 221 3946 ad
237 3907 369 3945 occasum
386 3890 518 3945 tendente
530 3887 645 3942 tenebre
658 3887 818 3942 densantur.
856 3889 978 3955 Querule
990 3904 1073 3943 voces
1086 3888 1122 3942 ad
1136 3887 1255 3944 inuicem

107 3974 302 4041 conferuntur;
328 3989 383 4044 que
402 3971 500 4028 ceteris
521 3971 649 4026 leuamen
671 3970 816 4026 consueuit
837 3971 940 4026 laboris
961 3972 1069 4039 aliene,
1089 3970 1255 4042 [peregrinis
1268 3979 1301 4027 4ο

107 4075 236 4116 curarum
253 4056 467 4113 sollicitudinem
480 4071 535 4109 nox
553 4053 613 4126 ipsa
630 4053 802 4124 parturiebat
811 4051 843 4123 ⁷].
881 4054 1062 4110 Domicilium
1083 4072 1167 4110 omne
1188 4055 1254 4110 sub·

140 4180 149 4209 ¹
167 4179 223 4230 MS.
237 4193 364 4240 pugnore.
434 4174 445 4204 ¹
463 4175 529 4226 Here
539 4175 614 4240 begin
627 4172 774 4239 (Samson'sl
791 4175 878 4224 Mirac.
890 4177 916 4225 in
928 4175 984 4227 MS.
996 4177 1047 4225 Tit.
1061 4177 1084 4225 Α
1096 4176 1169 4236 Vlll,
1184 4178 1253 4228 Tria.

106 4245 174 4296 Coll.
186 4244 283 4294 Dublin
296 4245 316 4292 B
330 4259 351 4293 a.
366 4251 388 4305 7.
448 4239 459 4268 ⁸
474 4241 528 4291 MS.
541 4257 669 4306 purpurea.
733 4239 742 4270 ⁴
760 4239 816 4291 MS.
828 4241 929 4294 eribuit.
990 4242 1000 4273 ⁸
1017 4241 1073 4293 its.
1085 4243 1254 4294 commitatur.

106 4313 116 4342 ⁸
133 4309 187 4361 MS.
201 4310 284 4375 digne.
349 4305 359 4336 ²
377 4321 443 4369 om.;
459 4321 487 4357 so
500 4307 553 4357 MS
566 4305 617 4358 Tit.

146 3179 198 3234 Ex
213 3175 285 3232 libro
301 3177 336 3232 de
353 3177 502 3232 miraculis
520 3178 581 3232 eius
600 3176 748 3248 Sampson.
791 3140 816 3265 Ι
