3054 4904
449 330 524 424 Di
548 327 712 419 &aucto
739 333 894 438 &untia
1091 349 1094 354 '
1198 335 1246 430 87

92 538 220 604 propter
231 539 354 604 peccata
365 530 468 604 populi
479 539 562 588 tanta
577 531 674 590 fames
690 531 821 602 inualuit‚
834 540 866 590 vt
884 541 981 590 mater
997 532 1096 602 filiam,
1109 533 1245 591 etlilium

92 627 190 690 pater,
211 619 356 692 multique
377 619 483 691 prelati
505 621 657 678 subditum
678 620 736 677 sibi
758 620 903 693 populum
922 623 1124 678 comederent.
1162 622 1245 678 Reli-

90 705 170 778 giosi
190 707 316 779 proinde
333 706 390 762 viri
409 706 566 763 duodecim
580 715 689 764 terram
707 708 860 781 propriam
877 708 1091 781 relinquentes,
1104 709 1245 782 regiones

91 794 205 850 multas
223 795 444 866 peregrinando
463 803 649 852 transmeare
665 795 829 867 elegerunt.
866 794 1010 866 Quicum
1028 796 1157 853 Romam
1176 813 1245 869 per·

91 881 260 950 uenissent,
273 881 397 939 consilio
410 898 490 954 pape
502 883 540 938 ab
553 881 682 939 inuicem
692 883 822 956 separati
830 882 849 950 ¹,
858 882 1054 956 dispositione
1062 885 1109 940 dei
1122 893 1244 940 sanctus
1259 903 1272 954 ⁵

92 967 164 1025 Yuo
180 985 248 1024 cum
267 969 363 1026 Sithio
382 978 501 1042 nepote,
514 977 544 1025 et
565 969 681 1026 iuthio²
697 979 823 1042 cognato
839 988 902 1041 suo,
920 971 1045 1044 aliisque
1065 971 1244 1044 quibusdam

92 1055 281 1112 Britanniam
304 1056 433 1113 intrauit.
470 1056 599 1114 Sanctus
617 1074 691 1113 vero
708 1058 878 1115 Athanatus
899 1060 937 1115 ad
957 1059 1114 1115 heremum
1135 1059 1165 1114 in
1186 1077 1245 1132 qua

90 1144 179 1216 prius
199 1145 326 1216 degebat
347 1143 477 1214 rediens,
497 1153 527 1200 et
543 1145 634 1200 vitam
651 1144 778 1214 finiens;
805 1145 835 1200 in
856 1147 986 1218 quodam
1003 1146 1124 1202 excelso
1143 1156 1244 1203 monte

89 1249 204 1303 corpus
223 1232 320 1288 adhuc
339 1233 405 1288 eius
424 1231 629 1304 incorruptum
649 1232 860 1305 permane[t]',
883 1233 1097 1290 monachorum
1120 1233 1244 1307 collegio

90 1321 264 1388 honoratur,
287 1328 317 1375 et
337 1336 518 1392 unoquoque
539 1336 645 1376 mense
665 1337 682 1375 a
702 1320 856 1377 monachis
878 1338 994 1392 vngues
1014 1337 1156 1376 manuum
1178 1321 1243 1377 eius
1261 1340 1289 1377 ro

90 1406 273 1476 inciduntur,
292 1407 390 1480 capilli
411 1408 581 1474 tondentur,
605 1415 636 1463 et
656 1408 694 1463 ab
715 1407 854 1464 omnibus
874 1424 931 1480 per
952 1416 1043 1464 totam
1067 1407 1174 1466 Grecie
1196 1426 1244 1464 re·

88 1493 214 1568 gionem
239 1495 402 1551 honoratur
427 1502 457 1550 et
480 1482 788 1551 colitur.-Doctor
815 1495 996 1568 apostolicus
1024 1505 1055 1552 et
1078 1496 1142 1552 veri
1172 1496 1244 1552 solis

89 1581 230 1652 nuncius,
258 1581 325 1637 Yuo
349 1582 451 1654 presul
482 1581 608 1650 inclitus,
633 1598 664 1638 tn
696 1580 820 1638 Persida
850 1593 942 1653 onus,
973 1583 1083 1639 finibus
1113 1583 1243 1640 occiduis

91 1670 249 1726 Britannie
279 1686 298 1726 a
328 1670 449 1726 domino
482 1678 529 1725 est
561 1669 735 1726 destinatus.
779 1669 915 1743 Cumque
948 1678 1060 1726 terram
1090 1670 1243 1743 propriam

88 1767 218 1831 propter
235 1758 326 1813 deum
345 1756 566 1829 peregrinando
584 1756 764 1829 reliquisset,
785 1757 944 1830 multisque
965 1765 1113 1814 terrarum
1135 1758 1244 1830 spaciis
1259 1775 1288 1826 ¹5

88 1845 228 1902 decursis
253 1844 378 1903 Galliam
402 1861 470 1901 cum
491 1843 554 1900 suis
578 1845 727 1913 intrasset,
752 1861 770 1900 a
794 1861 866 1916 rege
892 1853 921 1902 et
945 1845 1056 1917 populo
1080 1845 1244 1902 honorifice

89 1941 260 2004 susceptus,
274 1949 331 1988 nec
342 1931 402 1988 vlla
414 1931 508 2004 gratia
520 1941 647 1998 terrena,
660 1931 798 2004 quamuis
815 1931 944 1988 assiduis
962 1931 1100 2005 precibus
1114 1941 1243 2004 rogatus,

89 2021 128 2078 ab
142 2020 219 2092 ipsis
236 2019 359 2076 retineri
374 2027 499 2092 poterat,
514 2020 567 2075 sed
586 2018 771 2074 Britanniam
788 2019 971 2091 ingrediens,
983 2018 1013 2074 in
1026 2019 1095 2076 villa
1113 2020 1242 2092 quadam

88 2108 189 2164 tribus
208 2107 374 2164 miliaribus
392 2107 429 2162 ab
453 2105 688 2178 Huntingdonia,
708 2109 829 2162 nomine
852 2106 952 2178 Slepe,
973 2125 1069 2179 vsque
1091 2108 1128 2162 ad
1151 2107 1242 2164 finem

88 2197 153 2252 vite
178 2213 232 2252 sue
257 2196 287 2250 in
313 2193 429 2267 uigiliis,
453 2192 581 2263 ieiuniis,
606 2203 635 2251 et
665 2195 847 2252 orationibus
877 2195 934 2250 deo
961 2195 1069 2267 iugiter
1095 2194 1242 2264 sentiens,
1259 2212 1290 2246 20

89 2285 204 2356 plenus
217 2284 304 2339 bonis
319 2283 462 2355 operibus
474 2281 565 2338 vitam
583 2282 685 2338 finiuit
760 2270 883 2355 Elapsis
895 2300 967 2339 vero
987 2282 1138 2339 nonnullis
1154 2284 1242 2339 annis

89 2371 222 2429 rusticus
241 2371 372 2443 quidam,
389 2387 511 2426 vomere
529 2379 639 2426 terram
658 2369 776 2443 aperire
794 2378 956 2442 temptans,
975 2370 1006 2426 in
1025 2371 1242 2443 sarcophagum

89 2459 234 2533 impegit:
257 2468 286 2515 et
304 2475 359 2530 spe
373 2457 447 2513 lucri
461 2466 612 2526 attractus,
625 2459 720 2515 boues
733 2458 874 2515 arantes⁴
886 2467 1014 2528 reuocat,
1033 2467 1063 2514 et
1079 2468 1139 2515 toto
1158 2459 1243 2514 nisu⁵

89 2549 190 2606 locum
210 2555 327 2620 purgat.
365 2545 404 2602 Et
427 2546 598 2603 conuocatis
622 2547 788 2603 aratoribus
809 2547 1038 2620 circumquaque
1060 2546 1175 2619 positis,
1196 2547 1241 2602 in-

88 2645 242 2708 uentoque
254 2634 415 2708 sepulchro
427 2643 457 2690 et
471 2643 585 2706 aperto,
597 2635 773 2708 episcopum
788 2634 1007 2706 pontificalibus
1022 2634 1158 2692 induttun
1171 2652 1241 2690 con·
1255 2651 1285 2700 ²5

88 2723 230 2796 spiciunt.
273 2721 448 2778 Accersito⁸
467 2731 567 2779 autem
593 2723 740 2779 monacho
764 2723 833 2780 ville
858 2723 1018 2796 preposito,
1044 2722 1165 2779 nomine
1190 2723 1241 2780 El-

89 2812 201 2868 nothus
209 2809 227 2877 ⁷,
240 2828 351 2883 corpus
369 2810 510 2867 decenter
522 2810 615 2866 lotum
630 2812 668 2867 ad
681 2810 839 2867 ecclesiam
851 2810 989 2867 deserunt
1001 2819 1030 2872 et
1047 2810 1130 2868 iuxta
1146 2811 1240 2867 altare

88 2916 159 2956 cum
181 2915 291 2972 magna
308 2899 501 2954 veneratione
521 2897 675 2954 collocant.
712 2897 884 2970 Sequentel
901 2914 975 2954 vero
996 2906 1083 2954 nocte
1102 2897 1240 2969 apparuit

88 2987 171 3044 idem
196 2987 356 3059 episcopus
380 2985 497 3043 cuidam
522 2985 606 3043 fabro
631 2985 684 3041 Ezi
708 2995 812 3042 vocato
821 2985 840 3054 ⁶,
862 2993 975 3041 statura
995 3001 1146 3057 procerus,
1164 2984 1240 3040 facie

87 3075 244 3141 candidus,
257 3073 359 3147 specie
377 3073 495 3130 uiuidus
505 3073 524 3144 ⁰,
537 3073 690 3130 oculorum
703 3073 765 3129 acie
784 3072 951 3140 flammeus,
971 3073 1092 3128 dicens:
1116 3072 1239 3142 ‘Quem
1254 3085 1287 3134 30

89 3161 195 3235 inquit,
206 3162 296 3218 modo
304 3161 335 3217 in
348 3161 398 3220 tali
411 3162 476 3218 loco
489 3161 637 3218 miramini
651 3170 812 3233 repertum,
830 3160 897 3232 ipse
912 3177 980 3216 sum
991 3159 1057 3216 Yuo
1070 3158 1239 3233 episcopus,

88 3251 139 3323 qui
160 3250 209 3307 hic
226 3267 294 3306 cum
307 3249 402 3306 beatis
414 3248 503 3306 sociis
520 3250 665 3306 hactenus
683 3249 754 3306 latui
767 3248 938 3304 tumulatus.
970 3246 1156 3304 Denuncia¹⁰
1168 3265 1240 3321 ergo

88 3337 189 3396 abbati
204 3336 364 3394 Rameseie
376 3335 515 3392 Ednotho
522 3338 663 3410 quatinus
671 3354 721 3393 me
729 3353 797 3393 cum
806 3335 923 3392 eisdem
937 3334 1026 3392 sociis
1037 3337 1113 3392 meis
1124 3353 1179 3392 suo
1192 3353 1240 3391 ce·

89 3428 180 3482 nobio
190 3424 354 3482 transferre
364 3424 500 3481 festinet!
519 3425 654 3498 Cumque
662 3441 777 3497 pauper
784 3422 1012 3496 [spiritu]¹¹visa
1021 3422 1240 3480 reserresormi-

88 3515 183 3584 daret,
196 3512 335 3586 apparuit
351 3515 379 3568 ei
394 3513 502 3570 iterum
520 3513 691 3584 episcopus,
704 3521 793 3585 atque
808 3511 903 3578 tertio,
917 3510 1118 3583 negligentem
1133 3511 1241 3568 acriter
1254 3530 1284 3580 ³5

89 3605 293 3674 redarguens;
312 3609 342 3656 et
359 3600 479 3673 signum
494 3608 672 3672 querentem
688 3599 851 3673 episcopali
863 3599 947 3671 virga
965 3598 1103 3671 pulsauit,
1117 3598 1238 3656 dicens:

88 3691 174 3747 ‘Hoc
188 3688 307 3762 signum
321 3687 455 3756 habebis,
466 3705 525 3760 quo
537 3704 726 3760 nequaquam
739 3687 855 3743 carebis
869 3685 926 3742 nisi
939 3685 1020 3742 iussa
1033 3687 1239 3743 nunciaueris.'

91 3775 361 3850 Euigilans²¹vero,
374 3775 406 3830 in
419 3776 485 3831 loco
497 3775 527 3830 in
541 3792 600 3847 quo
613 3791 778 3847 percussus
791 3773 895 3842 suerat,
905 3791 939 3829 ac
951 3773 977 3829 si
990 3773 1071 3829 ferro
1083 3774 1240 3830 confossus

90 3864 204 3932 luisset,
218 3865 354 3921 dolorem
370 3872 487 3919 tantum
504 3879 614 3935 passus
636 3871 690 3918 est.
728 3861 803 3917 Cum
822 3871 922 3917 autem
940 3862 1004 3917 visa
1019 3861 1117 3916 abbati
1127 3859 1148 3893 ¹³
1160 3869 1239 3916 retu·

89 3952 183 4022 lisset,
196 3951 315 4010 sanitati
333 3951 487 4008 restitutus
506 3959 561 4006 est.
635 3937 815 4021 prepositus
831 3948 930 4021 itaque
947 3947 1100 4020 predictus
1114 3949 1239 4005 credere
1250 3969 1285 4016 40

90 4040 195 4110 renuit,
214 4049 245 4096 et
264 4038 408 4096 rusticum
427 4038 509 4096 velut
527 4037 639 4094 fatuum
659 4036 810 4108 repellens
829 4035 920 4092 dixit:
944 4034 1008 4091 ‘En
1027 4033 1103 4090 viles
1121 4035 1239 4092 cineres

90 4127 245 4186 cuiuslibet
277 4125 390 4183 sutoris
415 4124 580 4182 transferre
589 4124 610 4156 ¹⁴
635 4133 666 4180 et
696 4124 795 4180 colere
829 4124 976 4180 debemus
1004 4139 1062 4194 pro
1092 4122 1239 4178 sanctisi’

122 4225 175 4275 ¹1¹2.
186 4225 335 4289 separatim.
393 4221 554 4272 ¹E.inthio.
613 4219 720 4281 ³s0T.,
734 4221 762 4270 E.
778 4235 941 4282 permanens.
999 4218 1093 4270 ⁴Boll,
1107 4221 1237 4271 herentes.

89 4287 221 4343 ‘Evisu
289 4288 345 4338 ⁸12.
358 4289 500 4339 Accercito.
566 4285 669 4336 'name
680 4302 732 4336 om.
743 4287 770 4335 in
784 4287 849 4335 Boll.
914 4285 970 4335 8Τ.
980 4285 1112 4347 Sequenti.
1179 4285 1236 4336 ’Β

90 4355 198 4408 uiuidus.
300 4355 320 4388 ¹⁰
338 4354 403 4406 Boll.
418 4354 534 4416 suggere
550 4353 684 4416 preposito
701 4359 729 4401 ut
744 4352 800 4414 ipse
815 4351 916 4400 nuntiet
927 4351 1027 4409 abbati;
1044 4351 1089 4399 but
1101 4351 1132 4401 ci'.
1146 4351 1236 4401 ldatth.

91 4421 199 4474 Westm.
268 4419 287 4451 ¹¹
305 4436 356 4470 om.
424 4419 444 4452 ¹¹
462 4419 490 4468 E.
504 4418 653 4481 Euigulans.
722 4415 741 4446 ¹³
760 4417 825 4466 Bell.
839 4416 980 4480 preposito.
1013 4414 1032 4445 ¹⁵
1047 4416 1077 4468 E.
1091 4417 1237 4470 transferri.
