3054 4904
281 338 351 410 140
584 317 717 405 mila
740 312 931 418 [trenna
956 313 1109 419 anulii·

276 514 360 588 graui
382 526 506 588 peccato
527 517 617 574 deum
639 517 839 574 exacerbaret
878 516 916 573 Et
936 533 1044 574 reuera
1064 515 1186 589 grauius
1205 524 1252 572 est
1273 514 1429 572 Christum

277 621 397 675 negare,
410 621 500 677 quam
516 604 648 678 aliquem
666 622 721 678 pro
734 621 789 661 sua
804 605 1011 677 redemptione
1031 605 1170 661 homines
1187 621 1258 661 suos
1274 604 1428 660 ablatione

278 691 406 762 pecunie
427 691 579 764 ipsorum¹
600 693 638 749 ad
658 692 807 749 modicum
826 711 962 766 grauare.
999 693 1061 749 Sed
1083 694 1164 766 quod
1184 691 1285 748 minus
1307 701 1354 747 est
1375 690 1428 747 El·

278 778 396 851 phegus
409 778 508 838 facere
520 780 630 851 noluit;
650 781 744 838 multo
756 781 845 854 igitur
858 781 958 836 minus
966 780 1120 837 Christum
1133 788 1265 854 negaret,
1279 779 1306 836 si
1315 795 1430 835 vesana

251 881 265 931 5
280 866 366 937 plebs
383 867 420 922 ad
439 868 495 923 hoc
512 885 582 924 eum
602 878 729 925 mortem
744 869 954 941 intemptando
971 868 1198 940 constringeret
1234 867 1324 923 Vnde
1341 867 1430 922 datur

279 953 404 1028 intelligi
417 955 583 1027 quantavis
595 955 710 1014 iusticie
724 966 830 1030 pectus
843 957 909 1014 eius
922 956 1099 1029 possederit,
1109 956 1228 1028 quando
1238 954 1328 1012 vitam
1342 969 1429 1010 suam

280 1041 383 1098 maluit
396 1043 476 1111 dare,
490 1061 580 1116 quam
593 1054 695 1117 spreta
707 1043 849 1102 charitate
861 1045 1017 1118 proximos
1032 1061 1103 1101 suos
1117 1042 1325 1102 scandalizare.
1364 1041 1430 1097 Nec

279 1128 438 1200 immerito,
446 1139 478 1188 vt
490 1147 559 1188 reor
566 1131 584 1203 ²,
595 1132 672 1190 inter
685 1132 823 1190 martires
835 1141 1032 1206 computatur,
1044 1131 1094 1205 qui
1107 1149 1162 1206 pro
1175 1130 1285 1188 iustitia
1299 1136 1430 1185 mortem

280 1227 388 1290 sponte
412 1219 583 1292 suscepisse
607 1220 786 1293 predicatur.
833 1220 911 1277 Nam
936 1229 965 1278 et
990 1221 1096 1277 beatus
1118 1220 1271 1278 Iohannes
1293 1215 1431 1288 Baptista

238 1319 268 1357 ιο
280 1322 370 1376 quem
384 1305 433 1362 dei
445 1307 571 1364 ecclesia
587 1308 764 1382 precipuum
781 1308 934 1365 martirem
953 1307 1047 1366 credit
1064 1318 1094 1364 et
1105 1315 1274 1373 veneratur,
1287 1322 1347 1360 non
1359 1304 1431 1376 quia

280 1391 433 1450 Christum
459 1411 577 1468 negare,
600 1389 747 1468 sed'quia
770 1413 825 1469 pro
849 1395 1025 1453 defensione
1050 1395 1125 1468 legis
1150 1393 1251 1451 diuine
1270 1392 1430 1449 veritatem

280 1481 374 1536 noluit
392 1489 499 1551 tacere,
513 1483 552 1539 ad
567 1492 669 1540 votum
688 1483 845 1540 saltatricis
864 1485 960 1557 capite
978 1484 1088 1557 plexus
1104 1489 1160 1540 est.
1197 1481 1234 1538 Et
1251 1480 1322 1555 quid
1340 1480 1432 1536 distat

280 1585 336 1641 pro
361 1568 476 1626 iusticia
501 1571 586 1640 mori,
606 1571 655 1628 vel
679 1571 756 1628 mori
780 1589 836 1644 pro
859 1571 1004 1630 veritate?
1040 1571 1174 1641 Constat,
1193 1578 1322 1626 testante
1344 1585 1432 1623 sacro

281 1657 408 1731 eloquio,
421 1658 490 1731 quia
501 1659 623 1724 veritas
643 1668 673 1717 et
691 1659 807 1716 iusticia
820 1659 960 1718 Christus
979 1667 1033 1717 est.
1071 1658 1142 1732 lpse
1160 1657 1241 1715 enirn
1254 1654 1326 1713 dicit
1340 1653 1432 1726 “Ego

238 1762 267 1812 15
282 1763 349 1803 sum
362 1747 499 1816 veritas,”
514 1757 543 1804 et
555 1749 709 1820 apostolus
723 1748 886 1805 “Christus
899 1748 993 1806 iactus
1010 1757 1057 1805 est
1072 1745 1160 1803 nobis
1172 1763 1191 1802 a
1207 1745 1264 1802 deo
1283 1741 1433 1815 sapientia

282 1843 312 1892 et
330 1835 473 1892 iusticia.’'
510 1835 569 1906 Qui
587 1853 659 1908 ergo
681 1853 735 1909 pro
754 1836 879 1894 veritate
899 1846 929 1894 et
947 1835 1064 1894 iusticia
1082 1835 1216 1904 moritur,
1234 1851 1291 1907 pro
1309 1831 1433 1888 Christo

282 1923 423 1994 moritur;
443 1922 494 1996 qui
503 1933 602 1981 autem
613 1941 668 1997 pro
677 1923 796 1981 Christo
807 1924 940 1996 moritur,
948 1923 1076 1982 ecclesia
1084 1933 1161 1981 teste
1171 1931 1286 1994 martyr
1295 1921 1431 1976 habetur.
1525 1941 1526 1952 ¹

283 2009 394 2068 Beatus
413 2028 485 2068 vero
505 2011 659 2084 Elphegus
684 2029 762 2085 eque
783 2030 838 2086 pro
864 2012 989 2082 iusticia,
1006 2023 1038 2070 vt
1060 2021 1182 2069 sanctus
1203 2009 1354 2065 lohannes
1376 2023 1433 2080 pro

282 2099 414 2168 veritate,
428 2116 536 2172 passus
553 2109 609 2158 est.
646 2100 707 2157 Cur
724 2118 796 2174 ergo
813 2101 881 2174 plus
898 2103 937 2158 de
949 2101 1046 2169 vnius‚
1059 2117 1150 2173 quam
1167 2100 1205 2155 de
1222 2096 1347 2154 alterius
1359 2112 1433 2151 vero

238 2197 269 2232 ²0
282 2196 445 2259 sanctoque
473 2186 605 2243 martirio
626 2187 785 2261 quisquam
810 2189 949 2262 ambigat,
974 2207 1043 2246 cum
1068 2205 1124 2260 par
1147 2203 1237 2243 causa
1267 2183 1299 2240 in
1327 2184 1434 2238 mortis

282 2274 479 2347 perpessione
488 2283 646 2348 utrumque
659 2275 791 2332 detineat
799 2277 824 2332 ἰ*
855 2276 993 2332 Audiens
1006 2277 1062 2332 hoc
1074 2273 1278 2339 Lamsrancus,
1286 2270 1434 2327 rationem

282 2361 453 2434 gratanter⁸
466 2363 651 2434 approbauit‚
664 2373 694 2420 et
713 2372 849 2420 sanctum
863 2363 1034 2436 Elphegum
1047 2363 1192 2434 deinceps
1203 2367 1365 2417 veneratus
1377 2365 1433 2412 est

286 2437 399 2506 Postea
417 2449 543 2506 relatum
562 2458 609 2507 est
627 2449 686 2524 ipsi
700 2449 877 2508 Lamsranco
890 2453 970 2525 quod
988 2451 1080 2508 abbas
1093 2449 1259 2506 Anselmus
1270 2464 1331 2503 vna
1346 2454 1435 2501 nocte

285 2546 354 2610 post
365 2537 525 2594 matutinas
535 2537 661 2596 veniens
675 2540 712 2595 ad
723 2538 833 2608 lectum
847 2557 935 2596 suum
947 2538 1063 2597 inuenit
1076 2537 1106 2594 in
1119 2555 1155 2595 eo
1165 2536 1287 2593 anulum
1297 2549 1435 2600 aureum,

240 2635 270 2686 ²5
284 2642 375 2698 quem
388 2625 472 2698 prius
484 2623 595 2683 Christi
608 2627 715 2683 cruce⁴
728 2625 856 2700 signauit
863 2625 883 2696 ⁸,
897 2645 936 2684 ne
949 2627 1025 2683 forte
1038 2625 1135 2682 illusio
1148 2621 1286 2681 demonis
1299 2629 1390 2690 esset,
1403 2627 1435 2676 et

285 2713 398 2787 accepit
416 2732 494 2772 eum.
532 2714 618 2785 Quod
636 2732 704 2772 cum
723 2715 856 2772 audisset
874 2715 1127 2788 archiepiscopus,
1140 2709 1357 2783 re[l']erent[i]⁶
1376 2706 1435 2765 sibi

284 2802 457 2876 respondit:
473 2802 663 2860 ‘Certissime
673 2803 759 2871 scias,
768 2801 851 2859 illum
861 2811 928 2876 post
939 2820 987 2859 me
997 2802 1129 2858 futurum
1138 2797 1401 2870 archiepiscopum
1410 2798 1434 2852 ’:

286 2898 316 2945 et
340 2889 416 2946 sicut
441 2889 579 2962 predixit,
604 2889 645 2946 ita
668 2891 778 2948 euenit.
857 2879 929 2947 Fuit
953 2889 1036 2946 enim
1063 2887 1259 2945 Lamsrancus
1283 2883 1436 2941 alacritate

286 2977 440 3046 iocundus,
454 2977 620 3034 humilitate
638 2977 815 3049 submissus,
829 2977 859 3032 in
873 2976 1046 3035 elemosinis
1063 2977 1172 3048 largus,
1186 2974 1246 3030 lide
1262 2971 1437 3038 catholicus,

241 3073 274 3124 30
287 3065 447 3122 christiane
474 3064 626 3138 religionis
656 3076 818 3138 reparator,
842 3081 1007 3139 pauperum
1036 3071 1226 3130 sustentator,
1250 3059 1437 3134 pupillorum

287 3161 445 3225 protector,
455 3152 611 3210 viduarum
621 3154 806 3224 consolator;
826 3162 856 3210 et
868 3171 948 3210 anno
961 3151 1152 3226 episcopatus
1162 3149 1208 3206 sui
1217 3147 1334 3206 decimo
1344 3163 1437 3218 nono,

287 3241 391 3314 quinto
411 3239 467 3297 kal.
486 3241 567 3309 iunii,
586 3240 667 3298 diem
686 3241 791 3298 clausit
810 3250 989 3310 extremum,
1011 3248 1041 3297 et
1059 3240 1089 3296 in
1109 3236 1235 3296 ecclesia
1253 3253 1344 3309 quam
1369 3234 1438 3306 ipse

288 3327 463 3398 edificauit⁷,
471 3346 539 3385 cum
553 3329 667 3384 honore
678 3329 815 3401 sepultus
828 3329 965 3385 est.--‘¹
977 3315 1042 3384 Hic
1054 3325 1248 3383 Lamsrancus
1259 3321 1439 3379 reuocabat·

287 3415 413 3473 viriliter
425 3415 634 3487 possessiones
653 3416 780 3473 ecclesie
797 3433 851 3472 sue
868 3415 1021 3485 alienatas,
1040 3431 1111 3470 nam
1124 3422 1154 3470 et
1166 3411 1340 3486 preualebat
1355 3409 1387 3465 in
1399 3427 1438 3466 eo

243 3511 276 3564 55
289 3503 389 3562 anime
408 3503 554 3560 'uiuacitas
579 3513 608 3560 et
635 3503 713 3560 beati
738 3502 886 3560 Dunstani
917 3503 948 3559 in
972 3520 1042 3559 eum
1067 3501 1151 3557 fauor
1174 3499 1311 3556 diffusus.
1359 3497 1439 3553 Nam

289 3591 546 3664 quotienscunque
562 3589 593 3647 in
611 3591 719 3647 talibus
735 3592 961 3648 cunctabundus
979 3589 1114 3646 differret
1132 3586 1321 3655 sententiam,
1334 3587 1440 3642 aderat

291 3679 466 3736 Dunstanus
486 3678 542 3735 sibi
561 3687 709 3752 soporato,
726 3679 967 3735 aduersariorum
987 3678 1134 3750 detegens
1152 3673 1299 3732 versutias
1321 3680 1351 3729 et
1370 3689 1440 3728 eua-

192 3811 197 3822 .
289 3767 381 3825 dendi
405 3767 570 3823 ostendens
594 3765 726 3824 semitas.
763 3765 933 3835 Quinetiam
954 3764 1114 3837 aliquando
1138 3769 1326 3835 egrotantem
1349 3759 1440 3816 Lam·

290 3855 434 3922 francum,
452 3854 602 3910 luctamen
621 3853 700 3927 quod
719 3871 823 3910 secum
844 3852 1020 3909 Dunstanus
1039 3851 1132 3907 inisse
1151 3849 1316 3916 videbatur,
1329 3847 1441 3920 eripuit

245 3955 278 4008 40
291 3941 456 4002 discrimini
469 3950 499 4000 et
511 3940 639 3999 restituit
651 3941 812 3998 valitudini.
885 3941 907 3974 ¹⁰
916 3928 1118 3997 Lamsrancus
1128 3936 1218 3994 etiam
1231 3935 1262 3991 in
1275 3933 1441 3992 consessio·

291 4031 379 4089 nibus
389 4029 545 4088 audiendis
555 4037 616 4086 tam
626 4028 695 4103 pius
705 4037 735 4086 et
746 4027 873 4086 affabilis
882 4028 1029 4097 extitit,vt
1040 4043 1148 4083 manus
1158 4023 1215 4082 sibi
1223 4023 1442 4090 confitentium,
1525 4093 1526 4104 ἵ

323 4180 380 4232 ¹T.
392 4181 505 4243 ipsorum
516 4179 633 4243 pecunie.
701 4175 757 4227 ¹E.
771 4193 836 4227 rear.
904 4175 960 4227 'E
974 4182 1115 4240 grateater.
1181 4171 1326 4224 *rcruce
1338 4171 1443 4221 Christi.

292 4247 475 4308 ³T.signans.
543 4244 802 4296 ⁸T.E.reuerenter.
876 4240 986 4304 'so'l'.;
1003 4241 1034 4293 E.
1046 4239 1189 4291 edificabat.
1263 4237 1323 4287 'ct
1337 4237 1444 4299 lligden

291 4311 644 4377 Vll‚6(Knyghton2362).
734 4309 791 4360 ¹E.
805 4309 945 4360 reuocauit.
1035 4307 1054 4340 ²⁰
1065 4307 1144 4370 Higd.
1155 4305 1239 4356 adds:
1257 4303 1290 4354 Et
1301 4305 1445 4354 utexvita
1525 4317 1526 4322 ¹

293 4378 421 4430 Dunstani
432 4377 569 4440 colligitur.
