3008 4904
285 317 356 388 242
595 292 725 378 uitur
751 284 941 390 [tumba
965 283 1118 388 linuit.

284 493 396 550 cadens
415 489 446 548 in
465 499 577 548 terram
598 489 741 564 suscepit,
759 487 904 560 deinceps
925 484 1081 560 multiplici
1102 483 1314 542 miraculorum
1334 481 1437 540 fructu

282 580 444 654 grauidata,
467 578 612 635 hodierna
632 578 753 634 tandem
774 575 824 633 die
844 583 949 649 aperto
969 583 1055 630 vtero
1079 572 1181 640 edidit,
1199 581 1437 644 sanctorumque

283 668 489 726 confessorum
507 666 632 740 collegio
651 665 815 738 apostolica
832 665 950 737 pridem
969 661 1144 718 auctoritate
1165 658 1357 732 asscriptum,
1377 661 1437 714 sub

283 755 475 814 veneratione
493 771 624 827 congrua
643 751 867 810 demonstrauit.
903 749 941 808 R.
964 749 1097 807 Presulis
1115 745 1282 805 Osmundi¹
1301 747 1436 803 celebre·

256 859 353 910 smus
371 844 447 902 festa
464 842 602 900 iocundi:
625 841 683 912 Qui
701 841 778 915 pius,
793 841 937 914 prudens,
955 837 1085 905 humilis,
1098 837 1275 909 sobriusque
1294 835 1435 908 pudicuS,

286 931 423 1005 Expletis
435 930 514 988 curis
527 929 649 987 intrauit
666 929 773 1003 gaudia
790 927 872 984 lucis.
913 925 946 984 V.
959 925 1053 982 Auxit
1065 943 1121 1000 per
1133 923 1240 980 merita
1253 923 1311 980 sibi
1323 923 1436 980 tradita

284 1021 417 1094 quinque
429 1019 550 1088 talenta,
565 1017 702 1091 Expletis
715 1025 770 1074 etc.

318 1109 340 1168 ll
356 1107 449 1164 Lectio
465 1105 595 1163 amada.
643 1093 680 1162 In
700 1121 784 1162 sacre
803 1101 1005 1160 translationis
1025 1099 1182 1158 iestiuitate
1204 1100 1388 1168 assistimus,
1405 1109 1438 1155 et

284 1203 386 1252 tamen
403 1193 520 1252 nouiter
538 1194 650 1250 mundo
665 1201 802 1250 exortum
818 1200 955 1248 sanctum
972 1198 1155 1256 reuerentes,
1168 1188 1335 1245 natiuitatis
1348 1205 1437 1244 voca-

242 1297 272 1334 10
285 1284 388 1341 bulum
412 1299 601 1355 usurpamus.
638 1280 719 1338 ‘Sed
744 1297 897 1352 quorsum,
917 1277 1018 1335 forsan
1043 1277 1208 1347 obiicitur¹,
1232 1285 1352 1350 spectat
1381 1277 1437 1332 hec

284 1387 385 1428 rerum
404 1369 559 1426 conlusio?
594 1367 675 1439 Quid
693 1368 750 1425 sibi
768 1367 832 1424 vult
851 1367 881 1422 in
905 1366 995 1422 rebus
1014 1364 1104 1422 variis
1123 1374 1183 1422 tam
1202 1373 1312 1437 patens
1331 1363 1438 1420 abusio

285 1458 463 1516 nominum?
509 1457 652 1526 Rursum,
678 1455 704 1512 si
729 1456 911 1528 stupendum
935 1453 1093 1510 videbatur
1116 1451 1243 1525 principi
1271 1451 1437 1508 iudeorum

285 1545 438 1604 hominem
452 1545 534 1602 nasci
547 1561 615 1601 cum
628 1543 667 1600 sit
679 1561 792 1601 senex:
813 1560 872 1616 qua
884 1541 993 1599 fiducia
1005 1542 1148 1598 ducamur
1159 1541 1285 1597 credere
1298 1557 1338 1596 ex
1352 1549 1437 1597 vtem

285 1641 388 1690 natum
401 1651 435 1689 ac
445 1633 566 1689 demum
576 1631 658 1688 lonte
670 1639 807 1688 renatum
816 1639 885 1703 post
899 1639 1027 1686 mortem
1038 1628 1154 1686 renasci
1163 1631 1188 1685 i'
1224 1626 1352 1696 Verum,
1365 1628 1392 1685 si
1405 1629 1436 1683 in

243 1728 271 1781 ¹5
286 1720 341 1778 hac
354 1738 386 1776 re
400 1719 598 1794 proprietates
610 1719 779 1776 discurrere
792 1717 983 1776 docuerimus
995 1716 1170 1790 propaginis
1183 1716 1338 1783 naturalis,
1351 1715 1438 1772 facile

285 1807 536 1865 transumentium
558 1806 677 1863 licentia
696 1822 876 1880 persuasum
901 1805 957 1862 iri⁸
977 1804 1156 1862 arbitramur
1180 1803 1238 1859 iam
1264 1803 1438 1860 misterium

284 1897 365 1970 apud
379 1911 434 1952 nos
447 1894 493 1968 agi
506 1893 557 1952 diu
570 1901 726 1966 expectate
739 1892 909 1951 natiuitatis.
940 1891 1162 1966 Aggrediamur
1172 1891 1262 1965 igitur
1275 1891 1439 1964 diligenter

285 1983 454 2040 euiscerare
482 1981 673 2056 parabolam‘
702 1980 809 2037 istam:
839 1981 1029 2055 interimque,
1052 1979 1193 2054 quoniam
1219 1979 1357 2052 presenti
1388 1981 1438 2037 die

286 2071 409 2144 prolatis
422 2069 493 2126 almi
505 2069 561 2127 viri
574 2067 707 2142 reliquiis
720 2071 758 2124 ad
769 2068 934 2141 gloriosum
947 2068 978 2125 in
991 2085 1050 2142 quo
1063 2075 1169 2140 pausat
1182 2066 1338 2136 scrinium,
1351 2068 1439 2141 quasi

242 2171 274 2207 ²0
286 2161 324 2216 ad
343 2157 472 2229 tripudia
491 2157 561 2214 noui
581 2165 685 2229 partus
703 2156 919 2226 concurrimus,
938 2155 1074 2226 delectet,
1094 2172 1197 2228 queso,
1215 2154 1348 2212 delectet
1367 2174 1438 2229 pro-

286 2248 362 2306 leste
388 2243 506 2302 minus⁵
526 2245 631 2302 sedulo
655 2243 864 2302 intermiscere
889 2261 1001 2317 organa
1024 2242 1125 2300 diuine
1146 2241 1251 2298 laudis.
1297 2242 1337 2298 R.
1359 2243 1438 2300 Ecce

286 2335 482 2400 sacerdotem,
509 2333 593 2388 cuius
619 2331 777 2406 prudentia
805 2340 941 2388 sanctum
969 2330 1106 2387 Suffirlsit
1136 2329 1292 2402 templum,
1324 2332 1440 2390 Christi

286 2421 428 2478 stabiliuit
448 2429 478 2477 et
499 2420 596 2476 edem.
637 2419 669 2476 V.
692 2419 727 2476 ln
747 2419 807 2476 vita
828 2419 938 2492 placuit
957 2417 1088 2488 domino,
1109 2415 1230 2492 plebem
1250 2419 1330 2476 bene
1350 2421 1439 2477 rexit

287 2508 432 2566 Suffulsit.

242 2605 272 2656 Ι5
321 2594 450 2655 llLectio
474 2594 513 2652 iit.
549 2593 589 2651 Vt
612 2611 684 2667 ergo
709 2613 727 2652 a
751 2594 914 2667 primordio
935 2593 1067 2652 cuiusuis
1091 2591 1293 2666 generationis
1319 2594 1439 2652 initium

287 2699 450 2754 sumamus,
459 2691 576 2756 oportet
586 2691 617 2740 vt
629 2691 789 2755 postquam
802 2681 1042 2740 intellexerimus
1052 2691 1177 2738 matrem
1191 2682 1278 2738 huius
1292 2685 1441 2740 secundi‘

286 2770 431 2844 germinis
444 2771 601 2827 ecclesiam
619 2779 761 2838 sanctam,
775 2770 805 2826 in
825 2770 910 2826 cuius
925 2768 1090 2826 visceribus
1106 2767 1320 2826 deuotissimus
1334 2773 1440 2844 presul

286 2857 435 2932 requieuit
451 2859 610 2927 humatus3
637 2859 727 2914 deum
750 2874 878 2929 quoque,
893 2856 943 2930 qui
964 2857 1056 2925 solus,
1073 2857 1238 2913 secundum
1253 2860 1438 2932 apostolum,

286 2945 473 3003 administrat
497 2961 612 3014 semen,
637 2953 698 3000 tam
724 2945 836 3017 egregii
861 2943 1096 3017 repullulaminis
1121 2953 1237 3017 patrem
1267 2947 1439 3006 credamus.

241 3049 273 3100 30
287 3033 379 3092 Cuius
398 3033 546 3090 immensa
564 3031 689 3102 bonitas,
708 3033 757 3088 vbi
776 3033 815 3089 de
833 3031 938 3105 spiritu
957 3031 1121 3088 beatissimi
1139 3031 1241 3104 patris,
1260 3049 1341 3090 nouo
1360 3035 1441 3092 inter

287 3139 414 3195 superos
426 3121 540 3188 collato,
552 3130 623 3176 tunc
636 3119 733 3176 celum
745 3118 867 3176 ditauit:
886 3120 992 3177 volens
1006 3129 1037 3175 et
1052 3119 1083 3176 in
1100 3119 1187 3175 terris
1206 3119 1243 3175 de
1258 3121 1439 3179 mortificato

286 3226 380 3282 grano
393 3206 539 3265 sructum⁷
553 3206 660 3276 facere,
674 3207 746 3263 exiit
759 3207 910 3263 seminare
924 3224 1028 3263 semen
1042 3223 1139 3276 suurn,
1153 3223 1300 3280 spargens
1314 3208 1344 3264 in
1359 3219 1439 3268 terra
1501 3197 1502 3262 ζ

286 3299 364 3354 bona
383 3297 438 3352 hoc
458 3312 563 3352 semen
585 3311 692 3367 magne
712 3295 865 3364 vbertatis,
885 3311 993 3366 corpus
1013 3294 1151 3351 videlicet
1172 3293 1356 3352 sanctissimi
1378 3299 1437 3354 viri

286 3383 436 3440 miraculis
450 3382 614 3455 copiosum.
641 3381 687 3439 De
700 3399 759 3454 quo
771 3382 888 3439 semine
901 3382 1079 3455 prophetam
1093 3399 1152 3438 non
1165 3381 1317 3438 immerito
1329 3383 1437 3458 loquu-

241 3489 272 3541 35
287 3479 349 3526 turn
362 3469 454 3527 fuisse
466 3470 633 3543 putandum
649 3477 695 3527 est
713 3488 781 3526 curn
795 3469 892 3527 virum
903 3479 1086 3526 metuentem
1096 3468 1249 3525 dominum
1263 3469 1294 3526 in
1307 3473 1436 3544 psalmis

287 3558 466 3630 descripsit:
487 3557 614 3614 ‘Beatus
626 3557 681 3626 vir,
695 3557 798 3631 inquit,
812 3558 862 3630 qui
876 3559 959 3614 timet
972 3557 1147 3614 dominum:
1166 3557 1197 3612 in
1206 3559 1357 3616 mandatis
1370 3560 1437 3618 eius

286 3645 365 3702 volet
385 3645 491 3703 nimis:
520 3644 631 3702 Potens
650 3646 681 3701 in
701 3655 781 3702 terra
802 3645 859 3702 erit
878 3661 982 3702 semen
1002 3644 1084 3701 eius·
1123 3644 1235 3701 Potens
1252 3645 1355 3718 vtique
1373 3657 1438 3705 erat

285 3733 342 3790 hoc
368 3749 482 3800 semen,
505 3733 577 3788 dum
601 3732 680 3788 intra
705 3731 846 3805 0c[c]ulta
870 3733 1065 3789 subterranea
1090 3731 1222 3788 matricis
1246 3736 1438 3806 receptacula

284 3821 468 3877 voluebatur.
507 3819 629 3891 Potens,
654 3820 788 3893 inquam,
813 3822 851 3876 ad
876 3821 1021 3876 demones
1046 3819 1236 3888 abiciendus,
1260 3831 1372 3893 potens
1397 3825 1436 3880 ad

239 3927 272 3975 40
286 3909 407 3965 morbos
421 3907 626 3981 depellendos,
640 3917 748 3982 potens
761 3909 884 3981 quidem
900 3925 955 3964 suo
966 3906 1108 3980 suffragio
1124 3924 1159 3964 ac
1172 3908 1283 3964 nostris
1297 3911 1437 3982 quantis·

286 3995 359 4052 libet
381 3995 505 4065 meritis,
523 3995 650 4068 gratiam
675 3995 724 4051 dei
749 3997 902 4052 abundare
921 3995 1019 4052 facere
1038 3994 1069 4052 in
1088 3995 1182 4052 nobis
1218 3996 1256 4053 R.
1277 3995 1305 4052 Ο
1330 4000 1436 4070 presul

285 4091 398 4154 noster,
408 4092 508 4140 tecum
521 4083 628 4140 dccet⁸
642 4083 696 4156 [vt]
710 4083 901 4156 gratulemur,
910 4082 969 4154 Qui
977 4083 1090 4140 mundo
1100 4082 1232 4140 moriens
1245 4101 1305 4140 non
1318 4086 1437 4144 desinis

317 4221 374 4272 ιΕ.
386 4222 517 4273 edmundi.
641 4222 718 4274 ¹SB.
733 4223 852 4273 obiicitis.
973 4223 1032 4274 ’Β
1043 4224 1089 4274 rei.
1205 4223 1262 4275 ‘a
1276 4226 1436 4288 perabolam.

285 4285 584 4404 Zocglhpcrptlgzcenninis.
701 4289 760 4340 ‘al
773 4289 883 4340 secundi.
994 4288 1051 4340 lli.
1067 4290 1202 4340 iruuctum.
1315 4291 1437 4344 ⁸Sl3.te
