3052 4896
278 297 352 370 510
588 277 720 364 trost
745 273 935 378 turnus
960 273 1112 378 sorte.
1489 290 1495 418 ι

276 477 391 536 scelera
415 493 469 535 sus
493 475 611 536 infensa
635 477 740 547 fuerat,
765 477 844 536 inter
867 487 983 537 ceteros
1008 495 1115 536 manus
1139 477 1256 535 feretro
1289 477 1438 552 apposuit.

276 566 364 637 Quod
378 583 449 624 mox
461 575 544 622 tanto
562 567 726 623 radicatum
745 575 792 624 est
809 569 954 640 pondere,
967 577 999 624 vt
1012 567 1092 624 nulla
1110 576 1216 638 posset
1230 566 1438 624 multitudinis

276 655 384 712 virtute
408 653 532 710 moueri.
580 654 668 725 Quod
692 654 759 726 ipse
783 653 947 712 sceleratus
971 656 1009 710 ab
1033 654 1174 710 omnibus
1200 655 1354 711 notatus²
1386 653 1438 710 sibi

277 739 438 813 imputans,
454 741 599 799 abscessit
620 759 688 799 eum
709 751 860 799 tremore:
886 741 1046 816 statimque
1067 759 1178 815 corpus
1197 742 1280 798 mira
1301 753 1439 815 asporta·

248 829 363 888 ibatur
387 828 533 886 leuitate⁸.
569 827 624 885 Vir
648 828 698 887 ille
722 827 925 902 ingemiscens
944 839 975 886 et
994 838 1115 903 peccata
1136 847 1190 886 sua
1211 831 1383 898 confitens,
1404 828 1438 885 ad

277 914 367 972 funus
379 915 506 974 accessit
518 925 548 974 et
560 933 629 974 cum
642 917 708 974 aliis
719 933 816 990 vsque
828 919 866 974 sd
879 917 1096 976 monasterium
1109 917 1182 974 illud
1195 917 1322 974 detulit.

747 1065 771 1125 ll
789 1064 953 1124 Namnet

314 1158 410 1228 Anno
432 1179 531 1227 autem
551 1169 664 1227 domini
686 1169 846 1228 millesimo
867 1169 1073 1228 ducentesimo
1092 1169 1209 1228 decimo
1231 1172 1278 1242 (vt
1297 1170 1342 1226 sit
1367 1167 1439 1224 Vin-

279 1259 407 1328 centius)
430 1257 623 1314 carbonarius
647 1257 778 1330 quidam,
797 1274 913 1331 pauper
936 1258 967 1314 in
992 1260 1102 1326 seculo,
1122 1259 1176 1316 sed
1201 1259 1295 1316 diues
1319 1259 1354 1314 in
1377 1257 1440 1320 deo,

279 1346 436 1420 religiosus
448 1355 478 1402 et
490 1345 601 1402 timens
613 1347 713 1415 deum,
726 1347 764 1402 ob
778 1346 834 1402 hoc
846 1345 936 1402 etiam
948 1345 1100 1404 familiaris
1112 1356 1176 1404 erat
1189 1347 1317 1403 cuidam
1331 1344 1440 1402 comiti.

235 1453 267 1490 ro
282 1433 339 1491 Hic
358 1434 429 1490 dum
446 1442 532 1490 nocte
548 1433 676 1506 quadam
688 1431 825 1506 vigilaret
843 1441 873 1490 et
891 1433 1053 1491 custodiret
1070 1433 1180 1491 fossam
1195 1452 1287 1491 suam
1301 1431 1439 1491 carboni·

280 1522 367 1578 ficam
381 1521 488 1578 acriter
504 1521 669 1590 incensam,
681 1537 753 1578 ecce
770 1523 899 1593 quedam
919 1521 1032 1578 femina
1045 1522 1126 1578 nude
1140 1539 1267 1578 currens
1288 1518 1439 1595 apparuit,
1504 1543 1505 1630 1

280 1619 310 1666 et
332 1617 400 1681 post
421 1625 488 1666 eam
514 1625 607 1680 eques
632 1607 763 1680 quidam,
782 1625 860 1682 equo
880 1608 967 1681 nigro
987 1608 1132 1678 insidens,
1152 1609 1320 1682 euaginato
1343 1606 1440 1682 gladio
1504 1653 1505 1717 1

280 1695 423 1754 velociter
434 1695 571 1769 equitans
584 1703 616 1752 vt
632 1694 797 1768 fugientem
815 1696 1056 1769 apprehenderet
1075 1696 1241 1753 mulierem.
1282 1697 1358 1767 Que
1369 1696 1437 1750 dum

281 1783 401 1858 fugiens
419 1783 532 1840 fossam
551 1781 697 1850 circuiret,
710 1785 930 1856 comprehensa
944 1793 992 1841 est
1009 1785 1046 1840 ab
1065 1802 1111 1853 eo,
1123 1793 1153 1840 et
1170 1782 1315 1857 perfossa
1331 1782 1439 1856 gladio,

238 1889 268 1942 ¹⁵
282 1881 312 1929 et
328 1871 427 1929 statim
440 1870 526 1943 quasi
545 1879 662 1926 mortua
680 1870 788 1928 effecta
806 1879 862 1928 est.
898 1871 997 1942 Quam
1016 1871 1065 1929 ille
1084 1871 1208 1944 proiecit
1225 1872 1259 1928 in
1279 1872 1397 1944 ignem,
1409 1876 1437 1926 et

282 1969 419 2018 exustam
442 1975 547 2015 rursus
568 1957 706 2026 extraxit,
728 1968 758 2016 et
783 1959 881 2032 posuit
903 1967 972 2015 ante
999 1977 1035 2016 se
1053 1975 1147 2032 super
1165 1977 1280 2032 equum
1304 1968 1337 2016 et
1359 1956 1437 2013 abiit

283 2047 351 2104 llec
375 2045 450 2104 visio
474 2045 609 2118 pluribus
634 2045 771 2103 noctibus
795 2045 837 2102 illi
861 2055 983 2104 ostensa
1007 2056 1063 2104 est.
1106 2046 1193 2118 Quod
1217 2064 1290 2103 cum
1317 2043 1437 2102 comiti⁴

283 2135 339 2193 sibi
351 2133 487 2191 familiari
501 2143 670 2202 narrasset;
690 2133 858 2204 confessus,
872 2150 974 2190 comes
987 2151 1056 2190 cum
1073 2133 1247 2190 carbonario
1268 2136 1309 2190 ad
1330 2133 1434 2190 siluam

283 2222 344 2292 iuit,
358 2231 388 2278 et
404 2239 462 2295 que
481 2220 617 2294 predicta
638 2229 708 2278 sunt
727 2221 819 2279 vidit:
841 2230 871 2278 et
891 2221 1038 2278 adiurauit
1058 2219 1188 2294 equitem
1205 2229 1237 2276 vt
1258 2221 1294 2278 iu
1314 2219 1435 2277 nomine
1504 2237 1505 2251 ¹

240 2331 271 2368 ao
285 2309 395 2368 Christi
421 2317 523 2378 staret,
548 2308 616 2381 quis
640 2319 720 2366 esset
738 2317 769 2366 et
787 2327 842 2366 cur
859 2308 903 2365 sic
929 2308 1040 2366 faceret
1058 2308 1115 2366 sibi
1136 2307 1256 2365 diceret.
1311 2308 1351 2365 Et
1369 2305 1431 2362 ille:

285 2397 368 2470 ‘Ego
385 2415 452 2456 sum
470 2405 572 2454 vester
590 2395 640 2453 ille
658 2395 754 2467 miles,
768 2407 798 2453 et
816 2397 871 2454 hec
890 2406 937 2454 est
955 2397 1005 2452 illa
1023 2396 1132 2454 mulier
1148 2395 1266 2463 nobilis,
1278 2413 1361 2452 vxor
1371 2392 1433 2450 talis

285 2485 394 2554 militis,
413 2500 503 2557 quem
522 2501 577 2556 pro
598 2500 701 2541 amore
720 2501 788 2540 meo
807 2483 963 2550 interfecit,
980 2493 1012 2542 vt
1032 2484 1168 2542 licentius
1191 2493 1222 2540 et
1247 2481 1430 2557 frequentius
1504 2543 1505 2546 Ἴ

285 2589 353 2629 meo
366 2571 522 2628 concubitu
535 2571 690 2629 frueretur.
726 2575 765 2630 Et
776 2570 808 2628 in
822 2573 877 2629 hoc
890 2579 1014 2644 peccato
1025 2571 1133 2628 mortui
1146 2587 1261 2640 sumus,
1273 2573 1335 2628 nisi
1348 2567 1431 2642 quod,

286 2659 344 2718 hen
362 2677 440 2728 sero,
458 2659 489 2714 in
511 2658 578 2732 ipsa
597 2667 693 2716 morte
711 2658 903 2732 penituimus.
942 2659 1029 2714 Nunc
1047 2658 1106 2716 tale
1125 2667 1308 2715 tormentum
1328 2656 1431 2731 patitur

242 2768 272 2820 ²5
286 2748 366 2820 quod
386 2745 511 2820 singulis
529 2746 667 2804 noctibus
685 2763 702 2802 a
721 2763 779 2815 me,
795 2755 828 2804 vt
842 2745 950 2816 vidisti,
963 2746 1061 2819 gladio
1080 2763 1224 2820 percussa
1241 2745 1429 2803 comburitur.

286 2835 416 2892 Tantum
429 2833 510 2892 enim
523 2834 658 2890 dolorem
671 2835 781 2907 patitur
800 2833 830 2891 in
843 2833 903 2891 ictu
919 2834 1020 2907 gladii,
1031 2843 1174 2906 quantum
1189 2834 1291 2890 nullus
1303 2843 1427 2906 vnqusm

286 2923 317 2980 in
330 2932 427 2980 morte
440 2939 494 2979 sua
506 2938 615 2994 passus
632 2931 696 2992 est3
715 2930 746 2977 et
764 2921 795 2978 in
811 2921 1016 2980 combustione
1033 2921 1126 2978 multo
1139 2921 1293 2978 maiorem.
1332 2921 1427 2992 Equus

287 3028 381 3085 super
393 3027 483 3084 quem
496 3010 596 3078 sedeo,
614 3009 750 3066 diabolus
762 3017 817 3078 est,
830 3009 880 3082 qui
898 3026 954 3066 nos
973 3008 1115 3066 ineffabili
1126 3009 1287 3066 vexatione
1299 3003 1426 3081 torquet!
1504 3035 1505 3039 =

288 3098 452 3155 ‘Possetne
478 3095 572 3166 vobis,
597 3095 638 3152 ait
661 3113 774 3166 comes,
798 3096 906 3170 aliquis
935 3098 1146 3153 succurrerei’
1173 3094 1308 3164 ‘Posses
1332 3090 1425 3166 inquit,
1504 3094 1505 3119 ¹

244 3207 276 3257 30
288 3184 314 3242 si
326 3203 380 3242 vos
399 3183 535 3241 faceretis
553 3183 585 3238 in
604 3183 719 3240 cunctis
738 3183 1019 3258 congregationibus
1036 3200 1095 3256 que
1109 3182 1195 3240 vobis
1213 3183 1349 3240 subiecte
1365 3185 1426 3236 sunt

288 3263 374 3328 orare
399 3289 453 3345 pro
484 3270 580 3340 nobis,
605 3279 636 3328 et
665 3289 684 3328 a
713 3271 888 3344 presbiteris
913 3269 1022 3328 missas
1046 3269 1200 3339 celebrari,
1222 3279 1253 3327 et
1277 3289 1296 3328 a
1321 3265 1424 3328 clericis

288 3359 421 3432 psalmos
435 3358 605 3416 decantari!
644 3359 714 3416 Hiis
727 3359 814 3416 dictis
826 3358 957 3416 euanuit

292 3479 370 3552 [MS.
383 3479 448 3536 Tib.
461 3479 574 3537 adds⁸:

327 3554 410 3626 Cum
425 3567 505 3623 enim
519 3567 549 3623 in
562 3568 693 3640 quodam
711 3567 759 3625 die
773 3567 921 3641 solempni
942 3565 1127 3624 Masticone‘
1139 3567 1248 3623 nobilis
1267 3566 1401 3624 dominus
1408 3560 1425 3630 r,

290 3671 370 3711 anno
378 3655 489 3711 domini
499 3655 669 3712 immediate
678 3655 1043 3728 supraposito,inpr0prio
1052 3654 1165 3727 palacio
1174 3649 1424 3724 resideret,multis

245 3757 277 3808 35
292 3743 435 3800 militibus
450 3743 563 3800 diuersi
577 3743 691 3800 ordinis
708 3743 900 3816 constipatus,
914 3752 1038 3814 repente
1054 3741 1173 3815 ignotus
1188 3743 1280 3798 homo
1298 3760 1374 3816 equo
1387 3739 1425 3794 in·

292 3831 395 3888 sidens
407 3848 463 3903 per
475 3829 605 3887 hostium
615 3830 721 3903 palacii
733 3831 899 3903 ingressus,
911 3829 1026 3886 cunctis
1035 3829 1207 3886 uidentibus
1220 3840 1250 3886 et
1262 3829 1424 3887 mirantibus

291 3919 442 3991 usquead
461 3917 561 3990 ipsum
580 3918 726 3991 peruenit,
744 3918 849 3975 dicens
871 3918 918 3974 ei:
936 3917 1053 3990 ‘Surge
1072 3925 1102 3973 et
1124 3933 1253 3990 sequere
1274 3921 1344 3976 me?
1377 3907 1425 3983 Qui

291 4005 432 4062 inuisibili
446 4006 583 4078 potencie
597 4022 657 4061 non
671 4006 776 4063 ualens
790 4005 942 4074 resistere,
956 4003 1087 4061 surrexit
1102 4012 1133 4062 et
1148 4021 1245 4076 usque
1257 4006 1295 4060 ad
1310 4004 1423 4061 hostium

292 4094 399 4150 domus
421 4091 577 4166 processit,
596 4093 648 4149 ubi
672 4111 782 4167 equum
808 4102 945 4165 paratum
963 4093 1088 4164 inuenit,
1107 4109 1196 4165 quem
1217 4091 1320 4150 iussus
1338 4088 1423 4148 statim

325 4215 382 4266 ¹E.
394 4223 508 4267 vocatus.
573 4215 624 4266 ¹E.
638 4216 751 4266 lenitate.
805 4217 867 4264 'Ex
878 4217 953 4266 Vinc.
965 4215 1031 4264 Bell.
1041 4215 1112 4264 nix.
1123 4230 1177 4265 rao.
1236 4213 1422 4264 *tumultu

292 4282 387 4331 comiti.
446 4283 508 4330 *Ex
519 4281 591 4334 Vinc
605 4283 669 4332 Bell.
679 4284 711 4332 ib.
726 4283 800 4348 (from
812 4281 905 4332 Petrus
917 4282 1115 4346 cluniacensis).
1179 4278 1257 4330 WB.
1270 4281 1422 4331 llauisem

293 4345 301 4374 ³
319 4347 347 4396 T.
360 4348 440 4397 nobili
451 4349 563 4400 domino.
