3028 4894
447 246 523 341 De
547 244 711 337 senso
736 241 949 336 wiltun.
1198 273 1273 346 439

120 457 263 520 parceret
284 447 417 506 hostilis:
437 447 534 506 incole
554 467 628 508 vero
647 449 749 507 diuine
770 450 914 508 auxilium
933 449 1071 525 pietatis¹
1088 450 1273 521 inuocantes,

120 535 232 592 celitus
257 553 291 593 se
315 535 460 594 vindicari
483 536 632 594 continuis
657 539 708 594 diu
732 536 986 611 inprecationibus
1010 539 1217 612 postulabant;
1242 547 1273 596 ct

120 624 263 695 quamuis
293 623 450 681 maledici²
474 642 601 698 regnum
621 624 670 681 dei
695 624 852 699 possidere
877 643 938 683 non
966 635 1101 699 possunt,
1126 627 1272 684 creditum

120 719 173 767 est
197 719 298 768 tamen
323 713 403 785 quod
428 711 469 769 hii
495 711 590 786 [(ιιιί]8
614 713 721 769 merito
745 713 907 786 impietatis
929 731 985 770 sue
1009 713 1273 782 maledicebantur,

120 797 216 867 ocius,
236 798 357 856 domino
378 797 505 868 vindice,
524 817 620 874 penas
644 799 692 857 sui
710 809 811 857 reatus
830 801 954 858 luerent
993 801 1031 858 Et
1053 801 1195 875 quoniam
1217 818 1301 868 rexs

120 884 218 942 noluit
236 885 340 943 audire
359 887 646 966 reuerendlssimum
667 897 783 962 patrem
807 888 972 962 Egbertum
990 906 1029 946 ne
1048 888 1179 946 Scotiam
1199 889 1273 946 nihil

121 991 159 1030 se
179 973 331 1030 ledentem
351 973 548 1048 impugnaret,
569 976 672 1032 datum
692 985 738 1033 est
761 975 804 1032 illi
828 994 867 1033 ex
887 994 967 1050 pena
986 979 1099 1050 peccati
1124 977 1211 1047 illius,
1233 995 1273 1034 ne

120 1059 214 1118 etiam
232 1079 312 1118 anno
328 1072 474 1136 sequente
492 1064 604 1120 amicos
623 1080 702 1132 suos,
718 1073 748 1120 et
766 1063 909 1138 precipue
927 1065 1047 1120 beatum
1066 1063 1273 1133 Cuthbertum,

120 1151 176 1222 qui
193 1151 294 1223 ipsum
312 1149 351 1206 ab
363 1148 490 1206 'interitu
508 1168 649 1208 reuocare
665 1150 833 1224 cupiebant,
845 1150 971 1230 audiret.
1005 1151 1052 1208 Ex
1065 1169 1124 1225 quo
1136 1161 1273 1224 tempore

120 1254 197 1310 spes
218 1237 296 1310 cepit
317 1245 349 1294 et
369 1236 464 1294 virtus
489 1237 576 1311 regni
595 1236 764 1310 Anglorum
788 1238 892 1310 liuere,
918 1255 988 1296 nam
1015 1238 1090 1295 Picti
1114 1248 1145 1295 et
1170 1238 1273 1296 Scotl⁴
1289 1257 1319 1292 ιο

119 1334 236 1381 terram
267 1325 469 1398 possessionis
500 1342 563 1394 sue,
591 1341 682 1398 quam
710 1333 871 1382 tenuerunt
895 1325 1015 1398 Anglit,
1039 1336 1070 1383 et
1096 1325 1273 1395 libertatem,

120 1421 312 1486 receperunt,
331 1415 438 1486 ‘quam
457 1420 487 1469 et
504 1421 665 1469 tenuerunt
684 1429 740 1486 per
757 1430 853 1470 annos
871 1414 1069 1488 quadraginta
1088 1416 1161 1485 sex,’
1184 1423 1216 1471 vt
1232 1413 1272 1470 ait

121 1499 229 1556 Beda⁸
253 1499 328 1557 libro
349 1510 457 1573 quarto
477 1499 606 1573 capitulo
627 1498 771 1557 vicesimo
793 1510 907 1574 quarto.
943 1501 1028 1558 Tunc
1053 1501 1134 1558 enim
1154 1500 1273 1574 expulsi

120 1595 242 1645 suntet
261 1586 350 1645 occisi
368 1587 461 1661 Angli
482 1588 521 1644 de
540 1587 694 1660 prouincia
711 1587 770 1658 illa,
789 1597 819 1645 et
837 1605 909 1661 pars
927 1589 1013 1661 regni
1032 1587 1237 1645 Bemiciorum
1256 1607 1274 1646 a

120 1673 200 1732 mari
220 1675 378 1732 Scotorum
398 1692 494 1748 vsque
518 1673 672 1746 Twedam,
693 1692 789 1748 vsque
810 1685 880 1732 tunc
906 1676 1027 1750 regibus
1049 1676 1317 1748 Northanhum-15

120 1763 247 1821 brorum
267 1761 407 1831 subiecta,
426 1762 549 1819 omnino
571 1762 668 1819 ablata
686 1771 740 1830 est,
760 1779 816 1819 nec
834 1780 931 1837 vsque
949 1764 988 1819 ad
1007 1773 1141 1820 nostram
1161 1772 1272 1820 etatem

120 1849 156 1907 in
168 1859 278 1908 statum
298 1849 459 1924 pristinum
478 1860 508 1907 et
526 1849 752 1918 subiectionem,
766 1851 880 1907 occulto
898 1849 947 1907 dei
960 1851 1139 1907 aduersante
1155 1849 1272 1919 iudicio,

120 1939 219 2013 redigi
233 1939 335 2013 potuit
373 1937 556 2012 'Egiriduff
569 1937 678 2012 itaque,
691 1937 742 2011 qui
757 1946 893 1994 sanctum
902 1937 1076 1995 Willn'dum
1091 1939 1173 1995 nullo
1185 1947 1273 2011 pacto

121 2027 156 2084 in
168 2026 326 2084 amicitiam
339 2043 425 2084 suam
438 2027 578 2100 dignatus
591 2034 638 2083 est
650 2025 817 2094 admittere,
830 2025 936 2082 merito
949 2025 1059 2094 debuit,
1072 2043 1109 2082 eo
1121 2026 1273 2098 despecto,

120 2110 163 2168 ab
183 2109 298 2167 eisdem
319 2110 456 2167 hostibus
478 2109 554 2168 mori
573 2127 650 2184 quos
669 2109 753 2184 prius
775 2109 840 2167 eius
858 2126 949 2182 prece
968 2111 1076 2166 meruit
1094 2127 1149 2166 sue
1168 2107 1271 2166 ditioni
1287 2133 1319 2169 ro

121 2197 250 2254 feliciter
268 2197 424 2254 subiicere.
465 2197 579 2254 Eadem
599 2197 682 2254 enim
701 2197 776 2254 hora
794 2215 854 2270 qua
874 2215 929 2254 rex
947 2196 1032 2271 graui
1053 2198 1133 2254 bello
1153 2214 1273 2271 preme·

120 2286 236 2354 baturt,
261 2293 383 2342 sanctus
407 2282 566 2341 Willridus
596 2285 690 2342 sacris
719 2284 879 2341 missarum
903 2284 1060 2342 solemniis
1089 2284 1272 2356 intendebat,

120 2389 253 2446 cumque
277 2373 357 2430 dicto
376 2372 521 2430 ‘Sursum
539 2373 644 2429 corda’
664 2373 902 2446 responderetur
926 2371 1102 2430 ‘Habemus
1121 2373 1158 2429 ad
1177 2372 1272 2430 domi·

120 2463 215 2530 num,’
228 2469 331 2533 raptus
349 2459 380 2517 in
399 2460 510 2517 mentis
522 2477 682 2517 excessum
694 2459 767 2517 vidit
784 2459 939 2532 Egiridum
956 2461 1053 2534 capite
1066 2478 1169 2518 cesum
1183 2460 1272 2517 morti

120 2549 333 2606 succumbere:
356 2555 466 2605 etcum
479 2547 509 2604 in
522 2546 693 2622 prefacione
702 2548 774 2620 ‘per
783 2546 936 2605 Christum
948 2548 1103 2605 dominum
1117 2550 1271 2606 nostrum⁸
1287 2569 1317 2621 ²5

120 2635 280 2704 diceretur,
301 2635 420 2709 aspexit
441 2643 471 2692 et
491 2653 561 2692 ecce
583 2636 643 2692 duo
663 2634 787 2708 maligni
806 2634 929 2708 spiritus
948 2635 1079 2693 animam
1101 2635 1181 2710 regis
1202 2645 1272 2694 ante

120 2723 219 2797 ipsius
252 2724 355 2780 oculos
388 2722 598 2781 miserabiliter
633 2723 794 2780 attulerunt
833 2723 936 2797 sicque
973 2724 1122 2780 horrendo
1158 2723 1271 2797 gemitu

120 2811 325 2884 suspirantem
347 2827 450 2868 secum
472 2812 509 2868 ad
530 2809 639 2867 inlerni
655 2809 784 2867 claustra
801 2810 980 2868 detulerunt.
1018 2810 1100 2868 lllico
1119 2811 1233 2868 Accam
1242 2810 1272 2881 ¹⁰,

120 2899 324 2972 presbiterum
355 2915 452 2968 suurn,
482 2897 599 2955 vocauit
629 2907 660 2954 et
691 2897 719 2954 ei
749 2907 856 2956 cuncta
882 2914 942 2971 que
968 2899 1084 2956 viderat
1114 2898 1272 2955 enarrauit.

123 2975 293 3059 Diuulgata
310 2985 409 3060 itaque
428 2985 509 3058 regis
526 2995 631 3055 morte,
643 2985 822 3042 Theodorus
840 2984 1084 3059 archiepiscopus
1096 2985 1271 3042 Willridum
1285 3008 1317 3055 30

119 3075 161 3133 ad
180 3091 214 3131 se
232 3073 336 3131 venire
355 3073 432 3144 fecit,
451 3073 498 3129 cui
517 3081 546 3130 et
565 3073 657 3131 dixit:
681 3073 722 3129 ‘F
723 3073 763 3144 ili,
781 3073 874 3130 immo
891 3073 1035 3130 virtutum
1054 3072 1170 3130 meritis
1186 3081 1272 3146 pater

120 3161 321 3229 sanctissime,
341 3179 398 3234 ego
420 3161 470 3234 qui
491 3162 529 3217 ad
551 3161 607 3217 hoc
629 3178 684 3234 pre
704 3160 814 3219 ceteris
834 3161 1013 3219 constitutus
1033 3177 1115 3218 eram
1135 3169 1166 3216 vt
1187 3159 1270 3217 omni

119 3248 270 3306 iniusticie
294 3266 353 3322 que
377 3249 408 3306 in
434 3249 490 3305 hoc
514 3265 608 3326 regno
633 3266 789 3323 emergere
819 3257 923 3323 posset
947 3247 1117 3318 obuiarem3
1148 3247 1271 3322 propria

119 3337 279 3410 fragilitate
299 3335 447 3407 subactus,
467 3335 605 3409 plurimis
625 3335 677 3393 tibi
697 3336 925 3394 aduersantibus
943 3335 1038 3393 fateor
1056 3337 1182 3393 multum
1200 3353 1270 3408 pec-

119 3425 218 3482 cando
231 3424 379 3482 consensi.
403 3424 466 3481 Sed
478 3423 552 3481 mihi
564 3424 682 3496 culpam
695 3423 799 3481 latenti
811 3433 841 3481 et
853 3424 957 3482 intimo
970 3425 1062 3480 corde
1074 3423 1269 3498 penitentiam
1284 3442 1314 3494 35

120 3511 222 3586 agenti
241 3511 318 3586 pius,
331 3529 435 3585 queso,
447 3512 535 3569 venie
554 3511 678 3585 largitor
695 3512 813 3569 assiste.
849 3511 962 3569 Vltima
979 3529 1089 3584 nempe
1106 3529 1181 3581 mee,
1195 3513 1270 3568 sicut

121 3602 231 3669 cernis,
245 3617 325 3656 nunc
338 3601 450 3657 instant
462 3609 599 3672 tempora
612 3599 673 3656 vite
685 3618 692 3657 :
711 3616 746 3655 ac
760 3615 816 3672 per
832 3599 888 3656 hoc
904 3600 984 3673 quod
997 3601 1149 3672 deprecor,
1162 3616 1270 3668 annue,

121 3697 153 3746 et
166 3687 340 3761 suppliciter
352 3705 370 3744 a
383 3704 432 3745 me
444 3687 611 3761 postulatus
624 3686 777 3744 intercede
789 3703 845 3760 pro
859 3691 924 3744 me!
960 3686 1015 3744 Cui
1032 3687 1082 3743 ille
1095 3687 1269 3760 respondit:

121 3779 129 3809 ⁸
140 3775 178 3832 Et
189 3776 311 3850 quidem
324 3775 426 3832 multis
438 3793 488 3831 me
495 3773 736 3832 tribulationibus
748 3782 778 3831 te
791 3775 995 3831 consentiente
1003 3774 1153 3842 afflictum,
1166 3781 1270 3847 pastor

121 3863 303 3932 venerande,
321 3879 382 3919 non
401 3861 522 3919 nescio:
541 3861 619 3918 absit
637 3871 747 3932 tamen,
760 3862 838 3919 absit
855 3870 887 3918 vt
905 3862 961 3920 hoc
979 3869 1009 3918 te
1028 3860 1144 3918 malicia
1161 3860 1269 3919 secisse
1282 3885 1315 3936 40

122 3949 319 4019 crediderim3
350 3967 464 4021 verum,
487 3959 519 4007 vt
544 3949 660 4018 estimo,
688 3966 725 4006 ea
754 3948 853 4023 potius
881 3948 1047 4006 intentione
1077 3947 1171 4006 fecisti
1201 3949 1270 4022 quia

122 4039 245 4096 volebas
264 4027 312 4094 me
334 4054 390 4110 per
409 4037 492 4110 ipsas
512 4037 718 4095 tribulationes
741 4038 773 4095 in
797 4035 940 4111 patientia
965 4035 1108 4107 exerceri,
1129 4035 1269 4110 quatinus

155 4191 470 4256 ¹E.pietatisauxilium.
557 4193 756 4244 'E.msledicti
837 4191 915 4245 ⁸0m.
927 4193 954 4242 iu
967 4193 995 4244 E.
1078 4192 1270 4243 ‘Bedonnet
1315 4197 1319 4206 '

123 4259 203 4310 Scoti.
294 4258 386 4309 tneo.
398 4259 463 4308 adds
474 4263 501 4308 et
513 4259 602 4310 Scotti.
697 4258 842 4309 ⁸E.bedo.
929 4257 988 4310 'ei
1001 4259 1118 4312 Eadmer.
1212 4257 1269 4310 ΙΤ.

124 4325 259 4388 Egbertus.
325 4325 335 4355 ⁹
352 4324 382 4375 E.
394 4325 558 4387 primebstur.
626 4324 646 4356 ¹·
663 4324 692 4374 E.
703 4331 793 4374 actam.
