3028 4894
1037 241 1166 320 trinu*

56 524 218 597 infidelis,
236 535 268 584 vt
286 526 360 586 falso
378 527 436 584 deo
454 545 509 585 suo
528 528 607 586 lidus
626 527 778 600 existeret,
791 528 878 586 fedus
897 546 1039 603 rumpere
1057 527 1159 600 noluit,
1172 547 1230 604 ego

55 613 175 686 gratia
193 613 302 672 Christi
321 615 428 687 fidelis,
446 616 538 673 fidem
559 633 649 689 quarn
667 633 741 674 vero
759 617 817 674 deo
835 617 969 691 promisi,
987 617 1105 674 violabo
1123 616 1228 674 ullius¹

57 701 192 757 terreni
208 701 382 776 com[m]odi
397 708 506 760 causa?
542 703 649 762 Absit:
670 703 762 760 immo
775 704 806 760 in
824 704 898 762 sua⁸
910 705 970 762 fide
985 714 1015 762 te
1032 703 1180 777 suscipio;
1199 713 1231 762 et

60 787 101 844 si
118 789 191 861 quid
204 789 235 845 in
249 789 326 847 meis
338 789 528 847 affectuosius
541 807 633 862 amas,
646 790 782 864 accipias,
794 793 896 863 vtaris,
909 791 1081 865 possideas!
1141 779 1231 850 Tan·

59 877 150 932 dem
177 875 307 934 Romam
330 881 466 948 veniens,
487 895 588 935 coram
613 896 692 953 papa
715 879 876 952 Agathone
897 881 1087 954 presentibus
1109 891 1256 942 accusa-⁵

61 963 193 1021 toribus
217 981 338 1022 causam
363 982 448 1022 suam
472 965 513 1022 ita
543 967 679 1025 modeste
703 966 863 1040 promouit,
887 975 919 1024 vt
950 984 1006 1024 nec
1035 967 1228 1024 Theodorum

62 1050 337 1125 archiepiscopum
356 1062 519 1122 accusaret,
536 1070 591 1111 nec
608 1053 810 1111 innocentiam
830 1053 983 1127 propriam
1001 1053 1144 1111 fluctuare
1162 1072 1228 1128 per·

64 1139 220 1197 mitteret.
257 1139 340 1198 Dixit
360 1140 441 1198 enim
463 1140 583 1198 domino
603 1158 699 1215 pape:
719 1141 815 1212 ‘Quid
836 1151 883 1198 est
904 1142 984 1216 quod
1003 1141 1180 1200 Theodorus
1197 1142 1228 1200 in

65 1243 149 1284 mea
168 1229 242 1284 sede
263 1245 318 1284 sua
338 1228 521 1299 auctoritate,
543 1245 593 1285 me
614 1228 776 1302 superstite
799 1238 828 1286 et
848 1247 908 1285 non
930 1228 1144 1301 consentiente,
1166 1239 1229 1288 tres

65 1313 240 1388 episcopos
252 1315 421 1373 ordinauit?
453 1315 561 1386 Quem,
573 1317 643 1388 quia
659 1317 698 1372 ab
713 1316 768 1372 hac
782 1316 856 1374 sede
873 1316 1003 1374 directus
1020 1325 1074 1385 est,
1087 1335 1228 1375 accusare
1244 1329 1274 1366 10

67 1403 265 1475 supersedeo
272 1402 300 1458 ¹.'
347 1401 382 1459 ln
400 1402 525 1460 concilio
536 1402 684 1476 [autem]¹
700 1413 803 1461 contra
819 1421 871 1460 eos
887 1403 938 1477 qui
950 1421 1040 1462 vnam
1063 1403 1094 1460 in
1109 1404 1229 1463 Christo

67 1489 263 1549 ¹voluntatem
284 1499 374 1563 atque
396 1491 600 1565 operationem
621 1491 867 1564 dogmatizabant,
888 1491 979 1549 iidem
1002 1509 1087 1549 suam
1110 1499 1140 1549 et
1159 1509 1228 1566 pro·

68 1577 178 1636 uincie
198 1594 252 1635 sue
271 1577 440 1635 declarauit.
477 1577 613 1651 Cumque
634 1578 796 1636 catholicus
816 1578 957 1636 inuentus
978 1579 1091 1650 suisset,
1111 1589 1141 1638 et
1162 1580 1228 1640 sine

69 1681 171 1721 causa
194 1665 369 1723 sacerdotali
395 1664 538 1740 dignitate
569 1665 714 1739 priuatus,
742 1665 852 1739 placuit
875 1674 907 1724 vt
935 1674 966 1722 et
990 1683 1115 1724 romane
1146 1669 1228 1726 sedis

70 1753 200 1809 decreto
214 1751 244 1808 in
257 1752 465 1826 episcopatum
479 1752 695 1824 restitueretur,
704 1762 733 1810 et
745 1753 776 1809 in
789 1753 1006 1810 monimentum
1017 1771 1072 1811 sue
1084 1755 1228 1814 catholice
1243 1765 1271 1818 1⁵

70 1838 151 1895 fidei
170 1839 306 1897 eiusdem
328 1840 437 1914 synodi
456 1839 550 1914 gestis
569 1840 626 1897 hoc
648 1841 793 1914 scriptum
815 1840 1016 1898 insereretur:
1036 1841 1229 1900 ‘wilfridus‘

72 1927 136 1984 deo
150 1927 286 1984 amabilis
304 1928 466 2002 episcopus
484 1927 619 1986 Eborace
637 1927 774 1998 ciuitatis,
787 1927 980 2001 apostolicam
999 1929 1103 1985 sedem
1122 1930 1161 1987 de
1173 1947 1228 1987 sua

72 2031 169 2071 causa
187 2014 367 2088 appellans·
387 2024 416 2072 et
438 2016 476 2073 ab
501 2015 556 2072 hac
581 2023 730 2089 potestate
754 2015 793 2072 de
817 2016 906 2073 certis
931 2015 1113 2089 incertisque
1137 2017 1227 2074 rebus

71 2100 240 2172 absolutus,
254 2111 284 2159 et
301 2119 369 2160 curn
384 2101 449 2160 aliis
466 2111 586 2160 centurn
604 2103 707 2177 viginti
727 2104 859 2176 quinque
877 2102 1064 2176 coepiscopis
1077 2103 1108 2158 in
1120 2104 1227 2176 synodi

71 2187 232 2246 iudiciaria
249 2191 323 2247 sede
341 2190 529 2260 constitutus,
548 2207 604 2264 pro
621 2191 703 2248 omni
722 2189 905 2263 aquilonari⁷
923 2198 1008 2263 parte
1028 2189 1180 2249 Britannie
1198 2200 1228 2251 et
1242 2209 1274 2245 ao

75 2275 236 2346 Hibernie,
262 2295 320 2352 que
345 2279 383 2335 ab
406 2278 576 2352 Anglorum
605 2295 640 2335 ac
672 2277 828 2334 Britonum
858 2295 976 2335 necnon
1008 2276 1168 2335 Scotorum
1198 2288 1229 2337 et

74 2363 231 2421 Pictorum
248 2365 389 2438 gentibus
408 2364 587 2435 incoluntur,
599 2383 701 2423 veram
720 2374 750 2422 et
768 2364 942 2422 catholicam
961 2365 1053 2422 fidem
1071 2365 1227 2426 confessus

73 2460 133 2521 est,
158 2462 188 2509 et
212 2470 281 2510 cum
306 2454 525 2528 subscriptione
550 2471 605 2511 sua
629 2452 849 2510 corroborauit'
892 2453 1067 2526 Apostolico
1088 2454 1178 2528 igitur
1196 2465 1227 2514 et

73 2539 217 2613 synodali
230 2542 350 2598 decreto
363 2541 395 2598 in
405 2541 628 2616 episcopatum⁸
638 2543 801 2612 restitutus,
815 2541 1005 2615 acceptisque
1018 2542 1055 2598 ab
1064 2543 1227 2616 apostolica

72 2628 151 2684 sede
173 2627 279 2685 litteris
298 2629 361 2702 regi
382 2628 505 2703 Egirido
526 2638 556 2686 et
575 2629 802 2702 archiepiscopo
822 2629 984 2687 Theodoro
1009 2630 1047 2687 de
1066 2630 1112 2687 sui
1131 2639 1227 2689 status
1242 2649 1271 2700 ar

72 2713 330 2788 redintegratione
348 2715 478 2788 directis,
493 2717 610 2788 (versus
628 2715 770 2788 Angliam
789 2733 947 2790 regressus
965 2726 1012 2773 est
1021 2717 1054 2789 ⁹.)
1091 2717 1227 2793 Cumque

72 2803 113 2858 ad
130 2801 257 2859 Galliam
269 2803 411 2876 venisset,
424 2822 494 2862 ecce
510 2805 657 2861 latronum
676 2821 783 2860 manus
801 2805 840 2861 ad
858 2804 1096 2862 interficiendum
1115 2816 1227 2879 parata,

71 2889 141 2946 viro
154 2889 203 2946 dei
215 2907 277 2947 non
285 2889 307 2922 ¹⁰
317 2900 401 2964 grata
417 2892 611 2965 processione
624 2893 770 2949 occurrit:
790 2899 876 2948 erant
888 2891 969 2948 enim
981 2892 1031 2965 qui
1045 2892 1110 2965 regi
1128 2893 1227 2966 Dago-

76 2975 195 3034 berto¹¹
207 2977 333 3035 insidias
348 2979 544 3050 tetenderant,
558 2996 687 3052 eumque
706 2997 804 3052 nuper
820 2978 919 3052 gladio
936 2978 967 3035 in
986 2978 1107 3052 inguine
1126 2997 1227 3038 merso

74 3064 301 3122 necaueruntfl.
348 3066 551 3124 occurrentes
575 3085 647 3139 ergo
668 3067 733 3124 viro
763 3066 821 3134 dei,
845 3067 924 3123 inter
948 3075 1047 3123 cetera
1068 3066 1225 3126 dixenmt:
1240 3086 1272 3136 30

74 3151 226 3222 ‘Delator,
245 3151 392 3226 inquiunt,
411 3153 516 3227 patrie,
533 3155 673 3228 petulans
691 3163 721 3213 et
740 3154 917 3212 moribunde
935 3153 1039 3225 viator,
1054 3163 1085 3211 tu
1104 3154 1226 3229 quidem

74 3241 136 3296 ianr
149 3237 267 3312 pridem
279 3241 384 3314 gallica
401 3251 522 3314 sceptra
534 3241 660 3312 violasti,
673 3242 810 3317 gallicam
827 3241 991 3299 libertatem
1006 3241 1037 3298 in
1051 3242 1225 3301 seruitutem

76 3327 230 3400 redegisti,
248 3345 318 3385 cum
342 3327 501 3396 tirannum,
525 3328 603 3386 iuste
631 3347 649 3387 a
673 3329 760 3387 nobis
784 3329 844 3386 iam
868 3329 939 3386 olim
964 3329 1116 3387 exiliatum
1124 3329 1154 3403 ¹³,
1175 3340 1226 3388 tua

76 3413 217 3472 instantia
236 3414 266 3472 in
289 3433 415 3490 regnum
436 3416 598 3474 restituisti.
642 3418 685 3474 At
704 3417 800 3492 ipsius
824 3417 946 3491 quidem
970 3419 1130 3476 crudelitas
1148 3419 1227 3477 iusta

77 3511 174 3558 morte
195 3502 307 3575 punita,
325 3513 355 3560 te
374 3521 502 3578 quoque,
522 3503 686 3561 maximum
702 3505 781 3562 illius
801 3504 987 3576 lautorem¹‘,
1004 3506 1111 3563 eadem
1129 3515 1226 3564 morte
1241 3521 1272 3573 ³5

77 3589 263 3663 puniendum
278 3589 343 3648 lore
361 3591 560 3650 decreuimus
598 3591 767 3650 Procumbe
786 3593 884 3666 igitur,
903 3593 1035 3666 pestifer,
1053 3597 1226 3666 procumbe,

77 3686 107 3734 et
127 3677 220 3750 digna
237 3677 351 3735 vltione
371 3679 521 3750 multatus,
543 3679 651 3750 eidem,
671 3697 762 3754 quam
780 3689 885 3738 contra
903 3698 959 3737 nos
979 3680 1086 3750 souisti,
1106 3683 1195 3740 morti
1204 3683 1227 3717 ¹⁸

77 3765 256 3822 succumbe!
281 3765 439 3823 Wilt'ridus
449 3765 460 3798 ⁶
469 3766 528 3824 ait:
543 3766 594 3824 ‘Sl
603 3784 663 3823 non
673 3767 747 3839 iure,
757 3767 860 3842 inquit,
869 3767 1009 3837 fecicum
1018 3786 1121 3842 regem
1132 3787 1226 3843 regno

77 3851 187 3910 iniuste
206 3853 376 3926 expulsum,
389 3864 534 3928 quantum
552 3853 583 3911 in
603 3854 733 3924 meluit,
753 3855 932 3912 hereditarie
950 3855 1084 3929 dignitati
1103 3856 1226 3930 preleci,

77 3947 107 3996 et
126 3939 182 3996 hoc
201 3940 242 3998 ita
259 3958 355 4015 penes
364 3942 385 3975 ¹⁸
398 3959 433 4000 se
447 3959 517 4000 esse
533 3941 717 3999 iustissimi¹²
731 3942 837 4000 iudicis
856 3942 973 4017 equitas
994 3944 1100 4014 habet;
1122 3943 1225 4017 fateor,
1239 3959 1273 4010 40

109 4153 167 4205 ¹E.
180 4153 284 4209 nullius.
360 4155 477 4208 ’Eadm
490 4173 555 4208 mea.
634 4156 692 4208 'ct
707 4157 835 4209 Heddius.
912 4157 1000 4210 ⁴T.E.
1013 4158 1090 4208 enirn.
1169 4155 1225 4210 ⁸T.

77 4219 214 4270 vulfridus
329 4219 340 4251 ⁸
356 4222 386 4272 E.
398 4223 524 4286 apellens.
644 4221 655 4252 ¹
671 4224 704 4273 al.
716 4224 861 4287 aquilonali.
996 4224 1006 4254 ⁸
1022 4224 1052 4276 E.
1063 4223 1224 4288 episcopatu.

77 4287 210 4336 ’versus.
226 4293 307 4339 ..est
319 4303 370 4338 om.
383 4289 410 4338 in
422 4289 451 4339 T.
533 4287 552 4318 ¹⁸
570 4287 631 4338 Ead.
645 4289 721 4340 haud.
806 4290 824 4320 ¹¹
841 4289 872 4340 E.
883 4291 1032 4352 dagaberto.
1098 4289 1118 4319 ¹⁸
1135 4291 1223 4342 Eadm.

79 4360 242 4404 necanerant.
309 4353 327 4383 ¹³
345 4353 376 4404 E.
388 4355 532 4416 exulatum
549 4353 579 4402 Τ.
592 4355 730 4406 exilierunt.
764 4353 783 4386 ¹⁴
824 4355 912 4408 Eadm.
924 4372 971 4407 sue
981 4357 1072 4407 mortis
1083 4363 1224 4407 auctorem.

79 4418 99 4450 ¹⁸
113 4417 142 4469 E.
155 4425 245 4470 morte.
315 4416 334 4448 ¹⁸
351 4419 381 4471 Ε.
393 4435 469 4484 pene.
535 4417 554 4450 ¹²
571 4419 601 4470 g
614 4420 760 4471 iustissime.

616 4496 687 4554 ria

407 325 482 420 Ui
507 323 670 416 &anno
696 325 905 416 militib&
988 212 1280 472 &sq-,235
1312 240 1349 360 s

1300 357 1311 377 „u
