3008 4904
415 323 490 418 Bt
514 321 677 412 santa
703 321 876 432 caduca
1152 323 1220 416 187

67 531 102 579 et
114 520 352 582 flammiuomam
366 535 500 599 partem:
520 535 550 582 et
563 525 623 584 vidi
641 525 681 582 ibi
698 525 816 598 aliquos
831 541 920 598 reges
933 525 970 580 de
984 539 1052 579 meo
1064 539 1177 596 genere
1189 521 1221 576 in

65 612 193 684 magnis
211 613 403 686 suppliciis¹:
429 623 458 670 et
476 623 547 670 tunc
569 613 660 670 nimis
678 613 864 686 angustiatus
883 611 985 685 putaui
1003 629 1052 668 me
1071 610 1171 667 statim
1190 608 1221 664 in

69 698 128 754 illis
155 701 312 772 suppliciis
336 703 576 774 demergendum
601 719 618 758 a
642 701 812 775 gigantibus
843 699 1022 774 nigerrimis
1047 698 1098 771 qui
1122 697 1221 770 ipsam

68 784 201 842 vallem²
223 788 477 845 conflammabant
498 789 661 862 generibus
682 788 796 862 ignium
818 787 956 844 diuersis.
994 786 1033 842 Et
1052 787 1138 842 valde
1161 794 1222 841 tre·

70 890 167 942 mens,
191 875 261 930 lilo³
282 875 467 932 illuminante
492 877 594 933 oculos
619 893 704 932 meos
725 875 786 932 vidi
812 893 829 932 e
851 875 943 932 latere
962 875 1049 930 vallis
1068 873 1249 946 paulisperl

70 961 226 1019 albescere
236 963 360 1032 sumum,
369 963 469 1036 ibique
480 965 556 1020 duos
566 964 664 1020 sontes
674 963 785 1020 fluere:
805 981 883 1020 vnus
892 971 956 1019 erat
967 962 1091 1017 nimium
1101 960 1222 1028 calidus,

71 1049 144 1104 alter
162 1066 237 1105 vero
257 1051 354 1106 clarus
373 1059 402 1106 et
421 1051 557 1124 tepidus;
583 1061 613 1106 et
632 1059 717 1107 erant
737 1051 777 1106 ibi
796 1050 874 1106 dolia
892 1051 960 1106 duo.
998 1049 1135 1121 Cumque
1154 1047 1222 1103 illuc

70 1135 144 1192 irem
166 1136 218 1192 filo
237 1148 362 1210 regente
380 1155 504 1211 gressus
524 1156 619 1208 meoS,
637 1137 698 1194 vidi
718 1137 749 1194 in
769 1138 863 1194 altero
884 1138 963 1193 dolio
986 1145 1102 1209 patrem
1121 1152 1221 1191 meum

72 1221 260 1280 Ludouicum
282 1243 378 1298 vsque
402 1228 439 1282 ad
465 1225 580 1283 femora
604 1234 693 1282 stare.
731 1225 769 1280 Et
790 1227 862 1281 dum
883 1242 983 1282 essem
1006 1223 1097 1280 nimis
1121 1223 1223 1278 dolore

70 1312 259 1384 angustiatus
266 1313 286 1383 ⁴,
300 1313 391 1370 dixit:
412 1313 566 1370 “Domine
584 1313 644 1370 nli⁶
659 1313 700 1369 mi
717 1313 832 1380 Carole,
850 1313 911 1369 noli
928 1313 1052 1368 timere!
1073 1310 1135 1367 scio
1153 1309 1222 1382 quia
1237 1330 1267 1366 ιο

72 1409 241 1456 reuertetur
259 1417 364 1458 rursus
382 1400 505 1475 spiritus
524 1410 593 1457 tuus
611 1402 649 1456 ad
666 1417 776 1473 corpus
792 1409 885 1468 tuum,
898 1409 927 1457 et
946 1398 1083 1474 permisit
1100 1407 1131 1454 te
1147 1398 1222 1453 deus

72 1485 128 1542 huc
141 1487 257 1558 venire,
270 1497 302 1544 vt
313 1489 434 1544 videres
450 1497 645 1562 propterque
660 1497 782 1560 peccata
796 1506 853 1561 ego
870 1497 899 1544 et
917 1505 1023 1544 omnes
1036 1503 1112 1560 quos
1124 1484 1224 1542 vidisti

71 1573 138 1630 talia
154 1577 319 1632 toleramus
338 1576 492 1650 supplicia.
529 1575 597 1632 Vno
616 1576 696 1632 enirn
716 1575 765 1632 die
784 1593 850 1632 sum
870 1575 900 1632 in
918 1575 975 1632 isto
993 1575 1136 1632 seruentis
1153 1571 1222 1628 dolii

72 1660 188 1730 balneo,
202 1671 233 1719 et
251 1663 310 1718 alio
327 1663 375 1719 die
388 1663 589 1720 transmutor⁶
602 1663 633 1719 in
646 1663 704 1719 isto
720 1663 777 1719 alio
796 1663 978 1719 suauissimo
996 1679 1074 1735 aque
1092 1661 1180 1728 dolio,
1193 1669 1222 1716 et

73 1747 126 1804 hoc
147 1751 180 1806 lit
199 1751 341 1823 precibus
359 1751 455 1808 sancti
475 1751 554 1808 Petri
573 1761 603 1808 et
623 1751 718 1808 sancti
739 1751 879 1824 Remigii,
892 1750 1037 1824 quorum⁷
1049 1747 1223 1823 patrociniis
1239 1767 1267 1816 15

73 1836 220 1895 hactenus
239 1857 335 1912 genus
354 1849 491 1896 nostrum
510 1841 611 1913 regale
630 1839 775 1912 regnauit
812 1839 873 1896 Sed
888 1839 915 1895 si
933 1839 1007 1895 mihi
1026 1835 1223 1894 subuene1is⁸

73 1923 128 1980 cito
141 1935 173 1982 tu
183 1927 194 1958 ⁹
204 1935 233 1983 et
247 1927 306 1984 mei
320 1927 462 2001 episcopi,
470 1929 594 1984 abbates
607 1935 636 1984 et
649 1927 747 1983 omnis
760 1928 834 1983 ordo
847 1926 1065 1984 ecclesiasticus
1079 1924 1180 1981 missis
1193 1932 1222 1979 et

73 2013 258 2070 orationibus
278 2023 308 2071 et
326 2015 459 2088 psalmis,
471 2015 580 2088 vigiliis
599 2024 629 2072 et
648 2015 829 2084 elemosinis,
843 2015 880 2070 de
900 2014 957 2070 isto
975 2031 1052 2086 aque
1071 2011 1222 2068 bullientis

73 2099 151 2156 dolio
160 2101 181 2134 ¹⁰
191 2103 252 2158 cito
259 2102 416 2159 liberabor.
454 2103 530 2159 Nam
540 2103 633 2159 frater
644 2119 730 2158 meus
740 2102 899 2158 Lotharius
912 2101 1019 2157 eteius
1032 2100 1112 2156 filius
1123 2099 1222 2154 Ludo-

74 2187 155 2244 uicus
180 2188 278 2246 sancti
301 2189 380 2246 Petri
403 2191 557 2264 sanctique
580 2189 711 2262 Remigii
736 2190 876 2263 precibus
900 2191 938 2245 de
959 2188 1047 2262 penis
1072 2185 1138 2244 istis
1162 2186 1221 2243 iam
1237 2207 1268 2242 ao

74 2278 206 2350 exempti
217 2277 249 2332 in
259 2277 391 2350 paradisi
404 2278 545 2351 gaudium
555 2277 690 2334 translati
704 2280 798 2334 sunt.”
835 2277 873 2334 Et
883 2276 957 2332 dixit
971 2275 1060 2332 mihi:
1081 2274 1222 2344 “Carole‚

75 2363 191 2436 respice
210 2365 442 2422 sinistrorsum.'’
479 2365 516 2421 Et
535 2365 667 2438 respexi,
680 2373 710 2421 et
727 2364 788 2422 vidi
805 2366 865 2420 duo
879 2365 957 2420 dolia
973 2362 1126 2420 bullientia
1142 2361 1222 2418 altis-

75 2447 157 2506 sima.
195 2454 212 2482 ‘⁸
224 2451 294 2520 Ista,
307 2452 410 2526 inquit,
422 2453 474 2509 tibi
487 2463 557 2508 sunt
569 2461 736 2526 preparata,
749 2452 807 2508 nisi
819 2463 850 2509 te
862 2451 1072 2508 emendaueris
1085 2449 1222 2523 peniten-

74 2535 205 2610 tiarnque
213 2539 315 2612 egeris
324 2541 362 2596 de
372 2540 430 2597 tuis
442 2541 610 2614 nephandis
618 2539 757 2596 delictis.'’
784 2539 869 2596 Tunc
878 2539 944 2612 cepi
952 2539 1083 2612 grauiter
1090 2538 1222 2594 horrere.

76 2621 211 2684 Cernens
229 2635 331 2683 autern
348 2629 453 2684 ductor
469 2646 556 2685 meus
572 2645 623 2684 me
638 2627 669 2684 in
682 2635 763 2683 tanto
776 2644 897 2700 pauore,
911 2627 985 2683 dixit
1001 2627 1038 2682 ad
1055 2643 1122 2682 me:
1142 2625 1221 2682 “Se-
1237 2645 1266 2695 ²5

75 2727 165 2781 quere
182 2716 260 2770 me.”
299 2715 337 2771 Et
354 2733 422 2772 cum
439 2716 637 2788 graderemur
652 2717 690 2771 ad
707 2716 864 2771 dexteram
880 2713 1114 2771 luculentissime
1126 2713 1221 2784 vallis,

77 2803 296 2878 contemplatus
315 2821 383 2860 sum
402 2805 433 2859 in
452 2804 566 2876 ingenti
583 2803 717 2860 claritate
735 2803 841 2860 sedere
860 2820 928 2859 cum
945 2801 1082 2875 gloriosis
1101 2802 1221 2873 regibus

78 2884 252 2946 Lotharium
265 2892 444 2948 auunculum
458 2907 558 2948 meum
576 2907 669 2964 super
680 2890 811 2963 lapidem
824 2890 973 2963 topazium
986 2889 1061 2946 mire
1074 2889 1221 2961 magnitu-

77 2973 160 3044 dinis,
170 2988 347 3035 coronatum
357 2979 525 3036 diademate
538 2978 683 3051 precioso,
697 2987 726 3034 et
739 2977 821 3034 iuxta
836 2995 905 3034 eum
920 2977 1113 3034 Ludowicum
1127 2975 1221 3032 filium

75 3061 138 3119 eius
150 3065 289 3122 similiter
300 3075 481 3123 coronatum.
517 3066 692 3139 Vidensque
705 3083 763 3134 me,
774 3066 883 3122 blanda
892 3083 965 3122 voce
978 3064 1069 3121 dixit:
1090 3066 1107 3094 “
1115 3063 1221 3120 Carole
1236 3082 1268 3132 ³0

77 3163 232 3209 successor
244 3171 338 3222 meus,
350 3154 421 3210 veni
438 3155 476 3211 ad
496 3171 545 3210 mc
558 3159 564 3210 !
601 3153 670 3211 Scio
683 3153 753 3226 quia
765 3170 821 3226 per
833 3153 972 3226 penalem
991 3152 1088 3208 locum
1103 3151 1221 3221 venisti,

77 3237 122 3293 vbi
140 3249 186 3296 est
206 3250 293 3312 pater
310 3250 381 3298 tuus
399 3241 491 3298 frater
507 3259 593 3299 meus
604 3240 777 3311 vterinus¹¹,
789 3243 844 3297 sed
857 3257 914 3314 per
925 3239 1160 3296 misericordiam
1174 3238 1222 3295 dei

77 3323 132 3380 cito
141 3327 179 3383 de
191 3328 282 3401 penis
294 3327 353 3385 illis
365 3329 545 3395 liberabitur,
557 3329 632 3386 sicut
642 3339 672 3385 et
682 3346 737 3385 nos
751 3329 866 3384 liberati
878 3345 992 3396 sumus,
1002 3325 1115 3382 meritis
1128 3327 1221 3383 sancti

77 3409 154 3469 Petri
167 3424 197 3471 et
210 3415 307 3472 sancti
321 3415 460 3490 Remigii,
473 3417 520 3472 cui
530 3417 549 3450 ¹²
561 3417 636 3473 deus
655 3433 797 3489 magnum
813 3415 1011 3489 apostolatum
1029 3413 1112 3471 dedit
1130 3431 1223 3487 super

77 3513 161 3572 reges
170 3513 199 3560 et
212 3514 320 3576 gentes
331 3503 514 3560 Francorum
527 3525 532 3560 :
553 3504 604 3577 qui
617 3504 675 3560 nisi
686 3503 851 3577 quisquiliis
864 3502 1038 3576 propaginis
1048 3510 1150 3558 nostre
1161 3501 1223 3558 sus·
1236 3517 1266 3568 35

78 3584 206 3661 lragatus
224 3590 321 3662 suerit,
336 3591 396 3649 iam
410 3593 527 3649 desinet
535 3591 556 3624 ¹³
568 3592 744 3665 genealogia
757 3601 859 3648 nostra
875 3591 1024 3664 imperare
1040 3599 1069 3646 et
1086 3607 1221 3662 regnare.

79 3671 161 3733 Vnde
184 3679 247 3736 scio
264 3679 405 3752 quoniam
429 3681 550 3736 tolletur
573 3679 660 3736 citius
684 3687 819 3753 potestas
843 3678 960 3752 imperii
986 3679 1023 3735 de
1048 3695 1138 3733 manu
1163 3685 1221 3747 tua,

79 3770 106 3816 et
127 3775 231 3836 postea
252 3767 434 3840 paruissimo
451 3767 536 3824 viues
556 3770 718 3840 tempore.’'
755 3766 840 3823 Tunc
863 3783 1028 3823 conuersus
1049 3773 1151 3822 contra
1173 3782 1222 3821 me

80 3847 246 3912 Ludouicus
266 3854 345 3910 filius
367 3855 432 3912 eius
451 3855 527 3911 dixit
548 3855 638 3912 mihi:
665 3854 856 3928 “Imperium
875 3855 954 3927 quod
973 3854 1119 3910 hactenus
1137 3860 1222 3907 tenu·

80 3935 133 4008 isti,
146 3939 209 3998 iure
228 3941 408 3999 hereditario
425 3944 515 4000 debet
531 3943 685 4017 suscipere
699 3941 870 3999 Ludouicus
887 3941 966 3997 lilius
981 3941 1042 3996 filie
1055 3941 1147 3997 mee.''
1185 3937 1222 3995 Et
1236 3957 1269 4005 40

81 4023 132 4081 hoc
142 4028 220 4086 dicto
229 4029 354 4103 visulm]
361 4031 382 4063 ¹⁴
393 4040 439 4088 est
449 4030 521 4087 mihi
530 4030 622 4088 affore
630 4031 660 4086 in
668 4029 889 4104 presentiarum
898 4028 1083 4085 Ludouicum
1094 4027 1222 4083 infantu-

110 4162 162 4216 ’Β
175 4170 298 4231 supliciis.
363 4168 419 4218 ¹13.
432 4169 522 4221 valem.
601 4169 658 4218 ⁸13.
671 4169 716 4220 fili.
788 4167 1031 4230 ‘T.angustianus.
1106 4165 1182 4217 ὅσω,
1195 4166 1222 4216 in

82 4225 107 4275 T.
118 4231 171 4282 VB.
265 4233 325 4286 ⁶a1.
339 4237 504 4285 transmittor.
603 4233 685 4284 'VR
698 4234 778 4284 cuius.
875 4233 988 4293 ⁸s0T.;
1006 4232 1222 4282 Rsubuenerint.

80 4291 133 4346 'T.
147 4298 231 4353 atui.
299 4303 317 4332 ¹⁰
335 4301 364 4351 E.
378 4302 463 4352 doleo.
521 4301 540 4332 ¹¹
557 4301 613 4352 VB.
625 4301 653 4349 in
664 4300 753 4349 termis
764 4300 813 4350 sibi
825 4300 961 4350 destinatis
972 4299 1081 4362 positus.
1130 4297 1149 4328 ¹¹
1165 4298 1222 4350 VB.

81 4361 171 4418 quibu&
254 4367 274 4398 ¹³
290 4367 346 4418 VB.
358 4367 497 4418 desineret.
563 4365 581 4396 ¹⁸
596 4367 625 4416 Τ.
638 4365 668 4418 E.
679 4366 757 4418 visus.
