3012 4898
260 325 334 400 344
571 300 1097 408 mowoeflntlt·

257 503 399 562 etindice
412 519 521 562 manus
532 503 1056 578 dexte1e¹oeterisdigitis²invola
1072 503 1262 578 complicatis
1281 513 1428 572 extento

258 591 377 664 plagam
393 593 470 650 adeo
488 593 653 649 nouitatem
670 609 725 650 sue
741 593 841 650 fixure
860 593 1042 650 retinentem
1058 592 1198 660 ostendit,
1209 608 1247 650 ac
1264 593 1293 649 si
1311 595 1429 651 eadem

260 679 309 736 die
333 678 420 736 clauo
440 679 597 737 confossis
621 679 736 737 fnisset.
774 679 866 752 Plaga
887 679 938 736 illa
959 681 1127 754 sanguinea
1150 697 1210 737 non
1232 681 1353 750 extitit,
1375 683 1430 736 sed
1487 681 1488 686 ’

260 767 342 823 iuxta
354 767 473 841 plagam
483 766 550 842 ipsa
562 769 639 824 cutis
651 767 820 836 dilacerata,
829 776 860 825 et
872 785 942 824 earo
954 769 1081 824 connita
1092 767 1267 841 apparebat.
1307 768 1430 824 Mirum

232 871 247 922 5
260 853 342 913 enim
355 871 415 911 non
429 854 483 911 fuit
495 855 575 928 quod
586 855 708 929 plagam
721 855 809 928 pedis
821 855 935 912 sinistri
948 873 1009 912 non
1021 855 1103 924 vidit,
1112 855 1235 928 quando
1247 855 1430 912 cicatricem

262 941 292 998 in
319 941 446 999 dextero
463 945 543 1016 pede
563 943 667 1000 videre
686 959 746 1000 non
765 943 870 1016 potuit,
887 943 984 1001 donec
1000 945 1067 1016 ipse
1083 943 1246 1000 mudlixus
1265 945 1431 1017 passionis

261 1047 317 1087 sue
335 1029 455 1104 signum
472 1031 620 1098 reuelans,
632 1031 758 1104 digitum
775 1031 863 1104 plage
880 1039 1107 1104 superponeret.
1146 1031 1213 1088 Fuit
1229 1041 1342 1088 autem
1361 1033 1432 1105 ipsa
1488 1073 1489 1096 ,

261 1118 349 1191 pedis
367 1117 550 1174 transfixum
570 1127 676 1192 aperta
697 1135 757 1174 non
777 1117 896 1175 modico
913 1119 998 1175 clauo
1018 1118 1183 1191 perforata:
1206 1135 1302 1190 quarn
1324 1137 1431 1177 senex

263 1223 324 1262 non
337 1205 403 1263 sine
415 1204 568 1263 lachrimis
579 1205 662 1273 vidit,
669 1205 814 1274 tractauit,
823 1205 903 1274 lauit,
913 1205 1047 1274 extersit,
1059 1215 1090 1264 et
1102 1205 1254 1263 osculatus
1267 1215 1329 1263 est.
1367 1207 1431 1264 Ex·

218 1311 250 1349 ιο
263 1293 344 1366 pleto
362 1291 485 1350 demum
504 1293 654 1362 mandato,
673 1293 782 1365 singuli
802 1293 941 1350 monachi
959 1293 1101 1350 denarios
1123 1293 1257 1366 singulos
1276 1295 1432 1368 pauperi·

263 1381 320 1438 bus
338 1390 524 1453 erroganmt.
560 1379 664 1438 Senex
676 1398 758 1450 vero,
771 1379 859 1438 flexis
877 1380 1006 1454 genibus
1022 1391 1093 1438 ante
1111 1381 1267 1438 dominum
1283 1380 1432 1450 ihesum,

263 1467 291 1524 ei
313 1467 466 1524 denarium
489 1468 605 1536 obtulit,
628 1477 658 1526 et
682 1467 785 1524 osculo
810 1485 933 1525 manum
958 1470 1023 1526 eius
1047 1469 1205 1525 demulcet.
1242 1468 1353 1538 Quem
1380 1471 1431 1526 ille

264 1555 442 1627 suscipiens,
460 1571 584 1612 manum
603 1555 687 1612 senis
704 1557 809 1624 tenuit,
827 1557 865 1613 ad
885 1573 921 1612 os
941 1573 1029 1613 suum
1048 1555 1137 1624 misit,
1156 1565 1187 1614 et
1204 1573 1297 1626 super
1316 1559 1432 1614 oculos

264 1659 336 1700 suos
354 1641 461 1716 posuit
499 1643 547 1700 Ex
565 1643 716 1700 lachrimis
735 1643 816 1700 enim
836 1642 929 1700 ihesu
945 1659 1054 1700 manus
1072 1644 1156 1700 senis
1174 1643 1351 1701 madefacta
1372 1657 1431 1702 est.

221 1750 250 1800 15
266 1729 380 1786 Eodem
398 1739 498 1788 autem
514 1747 594 1787 anno
606 1733 684 1788 circa
698 1730 808 1787 fastum
824 1730 1030 1804 apostolorum
1044 1729 1124 1786 Petri
1139 1741 1170 1788 et
1184 1729 1278 1800 Pauli,
1291 1733 1432 1790 ecclesia

264 1818 517 1876 hierosolimitana
540 1835 558 1874 a
579 1819 706 1892 paganis
727 1819 954 1888 exterminatur,
973 1827 1004 1876 et
1022 1817 1184 1876 Christiani
1206 1818 1429 1876 deuincuntur.

267 1905 336 1980 lpse
353 1905 509 1979 [et]enim⁸
523 1905 664 1964 dominus
682 1905 790 1963 ihesus
807 1905 946 1962 Christus
964 1905 995 1961 in
1015 1905 1071 1962 hoc
1090 1904 1166 1962 sorte
1185 1906 1331 1962 mandato
1353 1909 1431 1964 suh-
1490 1969 1491 1986 χ

265 1993 437 2052 uersionem
450 1993 585 2064 ecclesie,
598 2011 655 2067 pro
667 2011 727 2067 qua
745 2009 854 2067 passus
872 2002 928 2060 est,
941 1993 1180 2062 lachrimabatur,
1193 1992 1243 2066 qui
1255 2003 1288 2049 et
1301 1995 1429 2052 ruinam

265 2081 381 2154 periide
405 2081 504 2154 gentis
525 2081 599 2138 flere
619 2081 721 2150 voluit,
742 2081 847 2138 dicens
867 2079 954 2154 ‘quia
973 2079 1000 2137 si
1019 2079 1222 2154 cognouisses,
1241 2089 1273 2138 et
1292 2084 1347 2137 tu'
1369 2093 1430 2139 etc.

220 2187 253 2228 ao
267 2167 322 2226 Vel
347 2169 443 2242 magis
468 2169 686 2241 credo,·ipsum
710 2167 833 2226 licuisse
856 2166 956 2224 locum
981 2167 1012 2224 in
1037 2167 1197 2240 quotiens
1218 2170 1377 2241 appamit,
1400 2181 1429 2226 et

267 2257 403 2315 ruinam‘
421 2273 538 2313 morum
556 2256 759 2329 virtutumque
784 2255 950 2330 penuriam
987 2254 1052 2312 Iam
1077 2255 1159 2312 enim
1183 2255 1430 2328 multiplicantur

266 2344 390 2402 tenebre
402 2353 433 2402 et
445 2344 668 2401 condensantur
680 2353 906 2417 superterram,
918 2352 950 2400 vt
966 2342 1080 2416 palpari
1099 2352 1219 2416 queant.
1256 2342 1339 2413 Quid
1353 2355 1429 2402 sunt

268 2431 435 2506 palpabiles
456 2432 581 2490 tenebre
603 2431 662 2488 nisi
684 2430 942 2503 transgressiones
966 2429 1144 2488 manifestet
1182 2429 1241 2500 ira,
1259 2431 1379 2504 odium,
1399 2443 1429 2490 et

268 2527 369 2576 cetera
380 2517 452 2576 vitia
463 2519 693 2590 inundauerunt,
706 2527 735 2575 et
748 2517 872 2592 sanguis
885 2517 1063 2592 sanguinem
1076 2517 1179 2592 tetigit.

306 2711 384 2786 [MS.
396 2712 464 2770 Tib.
476 2715 571 2771 adds:
738 2711 903 2770 Narratio'.

225 2867 255 2916 ²⁵
307 2821 373 2894 Illis
387 2835 493 2892 diebus
505 2836 536 2892 in
549 2834 704 2909 prouincia
717 2833 898 2909 Aquitannie
911 2851 979 2892 cum
993 2843 1114 2893 sanctus
1127 2834 1332 2907 (Bern)ardus
1343 2838 1427 2913 lega·

270 2923 355 2982 cione
377 2923 552 2998 fungeretur
572 2932 604 2979 ut
624 2923 732 2980 ducem
752 2921 914 2996 Aquitanie
935 2922 1061 2980 ecclesie
1084 2923 1300 2994 reconciliaret,
1323 2935 1354 2983 et
1376 2927 1426 2982 ille

271 3011 368 3068 modis
381 3011 520 3068 omnibus
538 3019 687 3080 renueret,
699 3009 747 3067 uir
758 3009 808 3067 dei
824 3012 863 3067 ad
878 3011 971 3067 altare
984 3011 1188 3068 celebraturus
1205 3013 1345 3084 accessit,
1358 3015 1426 3087 ipso

270 3099 346 3157 duce
362 3109 505 3172 tanquam
522 3097 780 3156 excommunicato
797 3115 851 3171 pre
868 3097 982 3155 foribus
997 3099 1191 3171 prestolante.
1228 3098 1308 3157 Cum
1323 3111 1425 3158 autem

271 3191 347 3260 ‘pax
359 3186 488 3243 domini'
499 3185 581 3254 dixit,
592 3203 702 3260 corpus
715 3183 897 3242 dominicum
910 3203 1003 3258 super
1014 3195 1154 3259 patenam
1164 3187 1266 3260 posuit
1277 3197 1308 3245 et
1322 3206 1425 3248 secum

225 3305 258 3354 ³0
271 3273 335 3331 tulit
347 3283 436 3346 atque
448 3277 536 3347 ignea
549 3273 623 3331 facie
642 3281 672 3332 et
685 3271 834 3330 flammeis
848 3273 941 3330 oculis
954 3273 1033 3330 foras
1046 3273 1208 3347 egreditur,
1221 3276 1327 3333 uerbis
1339 3276 1427 3334 terri·

271 3359 380 3418 bilibus
398 3362 506 3418 ducem
525 3359 711 3435 aggrediens.
749 3359 962 3432 ‘Rogauimus,
974 3360 1077 3434 inquit,
1090 3371 1120 3419 te
1139 3371 1170 3418 et
1188 3362 1333 3435 spreuisti
1354 3381 1424 3422 nos:

271 3465 341 3506 ecce
361 3449 398 3504 ad
419 3455 448 3505 te
470 3449 615 3522 processit
636 3447 761 3521 uirginis
783 3445 871 3519 filius,
890 3451 940 3522 qui
959 3458 1006 3504 est
1027 3449 1166 3506 dominus
1184 3467 1277 3522 quem
1299 3459 1332 3508 tu
1360 3469 1426 3526 per-

272 3534 417 3609 sequeris.
454 3535 551 3592 Adest
563 3537 654 3593 iudex
667 3546 736 3592 tuus
752 3537 783 3591 in
801 3537 886 3592 euius
903 3537 1023 3592 nomine
1036 3553 1125 3594 omne
1138 3554 1217 3610 genu
1230 3549 1384 3610 curantur,
1396 3539 1425 3595 in

273 3623 358 3681 cuius
370 3639 478 3679 manus
490 3621 540 3679 illa
549 3633 599 3679 tua
609 3623 707 3680 anima
716 3622 873 3692 deueniet;
888 3624 1022 3696 nunquid
1035 3633 1065 3681 et
1076 3623 1175 3696 ipsum
1187 3623 1264 3680 sicut
1276 3634 1308 3681 et
1319 3643 1425 3684 seruos

227 3743 258 3793 35
272 3713 338 3771 eius
351 3717 566 3785 contempnest
603 3710 724 3769 Resiste
736 3711 773 3782 ei,
787 3712 813 3770 si
828 3712 928 3768 uales’
965 3711 1073 3768 Statim
1086 3713 1149 3768 dux
1163 3720 1244 3768 totus
1262 3711 1380 3786 irriguit
1397 3721 1426 3771 et

273 3799 417 3860 membn's
434 3800 573 3857 omnihus
590 3799 771 3857 dissolutus⁸
785 3799 823 3857 ad
839 3800 935 3872 pedes
952 3797 1017 3856 eius
1034 3799 1169 3872 protinus
1185 3816 1219 3856 se
1235 3803 1398 3872 prostrauit
1406 3801 1424 3858 ἱ

274 3891 373 3962 Quem
391 3889 438 3945 uir
454 3897 577 3945 sanctus
594 3888 674 3945 calce
689 3887 816 3961 pulsans
833 3904 957 3960 surgere
974 3887 1056 3943 iubet
1069 3896 1099 3944 et
1116 3887 1165 3944 dei
1183 3886 1287 3944 audire
1304 3899 1425 3945 senten·

274 3977 359 4038 ciam.
405 3975 458 4034 Ille
483 3985 583 4033 autem
608 3975 824 4033 tremebundus
855 3973 987 4032 surrexit
1012 3984 1042 4032 et
1066 3973 1208 4048 quicquid
1232 3973 1280 4031 uir
1305 3986 1425 4034 sanctus

274 4065 467 4140 precipiebat,
493 4065 559 4122 sine
585 4081 668 4120 mora
692 4063 874 4137 adimpleuit.
954 4049 1078 4136 ⁸Prope
1102 4061 1285 4136 Lugdunum
1310 4055 1424 4120 iuuenis

228 4183 262 4232 40
275 4154 396 4230 quidam
409 4149 583 4226 pelliparius
599 4161 685 4225 patre
698 4149 839 4208 defuncto
852 4160 980 4208 matrem
996 4167 1082 4208 suam
1100 4148 1222 4224 proprio
1241 4150 1345 4209 labore
1361 4169 1425 4208 sus·

308 4327 363 4377 ιΤ.
376 4327 477 4376 dextre.
544 4321 619 4374 'om
631 4325 658 4374 in
670 4325 700 4378 T.
766 4323 913 4375 ’henim
989 4323 1142 4375 'Eruina
1215 4323 1425 4385 tenuetur.

275 4409 300 4457 p.
313 4395 368 4456 53⁶·
435 4390 516 4441 ⁸LA.
530 4391 669 4443 dissolutis.
737 4389 818 4441 'La
833 4389 957 4455 prosiluit
1031 4388 1181 4441 ⁸ctv1nc.
1195 4388 1261 4441 Bell.
1275 4389 1425 4454 xxv1.3u.
