3064 4888
281 313 356 405 436
593 307 725 395 illum
750 301 940 408 [Qatnu
964 301 1117 406 ssuffllt.
1225 303 1426 380 [aratur.

281 517 312 566 et
330 507 480 566 nobilibus
498 522 566 564 cum
585 521 704 563 summo
716 505 906 564 deducuntur
923 504 1046 574 honore,
1058 521 1076 562 a
1088 503 1198 578 quibus
1215 503 1306 561 etiam
1324 519 1429 560 ueces-

281 597 360 654 saria
373 595 481 670 quibus
493 594 666 667 indigebant
679 593 800 666 copiose
813 592 1059 650 ministrabantur
1066 593 1084 649 ¹.

351 743 376 804 ‘l
407 740 495 811 Quod
508 739 649 798 Basiliam
661 738 817 796 venientes
830 737 939 796 relictis
951 737 992 794 ibi
1005 737 1130 796 mnibus
1146 738 1348 811 processionis

608 827 783 884 ordinabant
797 826 925 884 Romam
937 827 1102 884 tendentes.

320 921 418 1009 Igitur
436 931 558 990 domino
574 932 763 1006 gloriosaque
781 939 877 989 matre
894 931 959 988 eius
971 931 1121 1005 virginum
1137 941 1308 988 sanctanun
1325 932 1433 1006 regina

283 1039 401 1080 necnon
432 1029 462 1079 et
492 1021 607 1094 angelis
637 1037 689 1078 eas
720 1019 852 1077 sanctis¹
881 1037 1026 1092 prospere
1057 1019 1280 1089 deducentibus,
1311 1019 1434 1077 deuu0¹

255 1121 387 1182 5contra
418 1109 509 1166 ictum
540 1107 624 1165 fluuii
653 1118 684 1165 et
714 1123 836 1164 cursum
867 1106 987 1164 liuentis
1019 1106 1119 1164 Reni⁴
1142 1108 1310 1174 tendentes,
1335 1107 1434 1164 tribus

283 1198 390 1256 diebus
409 1205 439 1254 et
458 1196 582 1253 dimidio
600 1196 761 1268 plusquam
780 1203 847 1251 octo
862 1195 979 1251 dierum
997 1193 1055 1251 iter
1068 1194 1275 1269 expleuerunt,
1289 1193 1433 1251 Basiliam

283 1287 430 1344 adeuntes
448 1283 607 1341 ciuitatem.
645 1283 800 1353 Quocum
817 1282 1039 1355 peruenissent,
1058 1283 1096 1338 ab
1117 1282 1185 1354 ipso
1203 1282 1348 1354 episeopo
1370 1283 1433 1354 [uo-

284 1373 365 1430 mine
388 1369 554 1443 Pantulo]⁸‚
573 1371 689 1429 ciuibus
710 1381 740 1428 et
760 1369 926 1443 magnatis·
944 1369 1107 1427 honorilice
1131 1368 1330 1442 excipiuntur.
1369 1370 1432 1427 lllic

285 1477 378 1518 naues
391 1459 605 1532 relinquentes,
614 1458 735 1516 domino
747 1475 862 1531 sueque
874 1457 960 1514 matri
973 1457 1129 1514 benedicte
1142 1474 1176 1514 se
1185 1459 1433 1515 commendantes

241 1551 322 1608 read
340 1549 397 1606 iter
420 1565 454 1606 se
478 1557 640 1621 preparant
661 1547 882 1604 desideratum:
912 1545 993 1602 acies
1016 1544 1186 1602 instruunt²
1203 1545 1434 1618 pulcherrimas,

284 1634 495 1708 processiones
507 1635 646 1692 ordinant
658 1632 895 1691 decentissimas
926 1631 1043 1689 Preiata
1055 1632 1167 1689 etenim
1181 1631 1336 1689 Elisabeth
1349 1633 1434 1706 virgo

285 1723 398 1782 Christi
416 1723 525 1780 deuota
542 1721 735 1779 basiliensem
753 1719 928 1793 episcopum
947 1736 1016 1776 cum
1034 1719 1079 1776 eis
1098 1720 1226 1776 Romam
1243 1720 1349 1777 scribit
1366 1739 1434 1794 pro

286 1811 406 1880 sectum,
425 1819 514 1883 atque
536 1809 659 1866 martirii
681 1809 811 1882 palmam
830 1807 954 1865 Colonie
974 1824 1034 1864 vua
1057 1807 1186 1865 cumeis
1206 1817 1435 1881 consequutum

287 1899 442 1973 Siquidem
468 1915 528 1955 non
554 1897 763 1955 subuehuntur
786 1913 843 1952 nec
869 1895 1023 1953 curribus⁸
1040 1913 1096 1952 nec
1118 1895 1278 1969 quadrigis,
1297 1897 1354 1952 sed
1379 1914 1435 1953 nec

243 2003 273 2054 ¹5
287 1986 435 2044 mulorum
456 1987 526 2042 aut⁰
538 2001 685 2058 equorum
709 1984 881 2041 releuantur
892 1983 915 2015 ¹⁰
935 1982 1109 2040 ministerio.
1148 1983 1308 2041 Habebant
1333 1993 1436 2041 tamen

287 2074 423 2148 episcopi
438 2083 468 2130 et
484 2073 646 2146 principes,
660 2089 777 2128 necnon
790 2079 820 2128 et
829 2071 848 2103 ¹¹
861 2071 899 2129 de
912 2069 986 2143 ipsis
1000 2069 1144 2128 matronis
1156 2080 1187 2128 et
1198 2069 1365 2144 virginibus
1378 2088 1436 2144 que

287 2161 366 2220 inter
390 2177 442 2219 eas
466 2159 586 2218 luerunt
611 2158 840 2216 excellentiores
864 2159 1003 2231 quedam,
1020 2159 1114 2216 ferme
1139 2159 1176 2216 ad
1200 2168 1322 2215 centum
1341 2177 1436 2232 equos

288 2246 426 2322 [sortes]⁸
439 2257 469 2305 et
481 2247 579 2304 mulos
591 2246 738 2304 somarios
746 2245 775 2316 ¹²,
787 2245 837 2319 qui
850 2263 953 2302 eorum
967 2256 1129 2320 apparatus
1141 2245 1318 2303 deserebant
1330 2256 1362 2303 et
1374 2264 1437 2304 sar-

288 2336 379 2394 cinas.
417 2335 509 2393 Porro
533 2335 650 2392 decenti
672 2333 777 2390 ordine
802 2351 872 2390 suas
891 2333 1050 2391 instituunt
1068 2333 1147 2391 acies
1166 2343 1196 2392 ct
1215 2335 1436 2407 processiones.

244 2441 276 2480 ao
288 2423 357 2481 Vna
374 2423 427 2479 suit
445 2423 579 2480 omnium
592 2422 732 2480 vndecim
750 2421 865 2480 milium
878 2421 1052 2495 [virginum]
1065 2421 1238 2494 processio;
1256 2423 1346 2479 beata
1364 2441 1437 2480 sane

289 2511 399 2568 Vrsula
412 2511 590 2583 quandoque
603 2509 634 2565 iu
652 2510 759 2576 medio,
772 2511 951 2582 quaudoque
964 2510 1055 2567 etiam
1068 2509 1098 2565 in
1111 2509 1206 2583 capite
1218 2509 1356 2567 omnium
1368 2529 1437 2568 cum

289 2597 441 2672 episcopis
465 2597 645 2670 quibusdam
670 2607 700 2654 et
724 2596 929 2654 sacerdotibus
953 2597 1109 2669 precessit,
1133 2614 1201 2654 cum
1232 2599 1379 2656 matronis
1408 2607 1438 2655 et

289 2685 454 2758 virginibus
479 2684 594 2742 adhoc
621 2685 677 2741 sibi
701 2683 883 2758 assumptis;
914 2684 1043 2742 habebat
1067 2701 1139 2742 vero
1168 2701 1271 2741 secum
1301 2701 1438 2743 sororem
1511 2691 1512 2694 ’

288 2773 383 2846 patris
404 2771 473 2845 [sui]
493 2773 611 2829 beatam
627 2772 781 2840 Eulaliam,
798 2781 829 2829 et
849 2773 925 2829 duas
945 2773 1049 2830 matris
1067 2790 1122 2830 sue
1144 2790 1262 2830 sorores
1284 2782 1438 2832 matronas

246 2878 276 2931 ²⁵
291 2862 433 2918 honestas
440 2869 470 2918 et
478 2860 729 2934 prudentissimas
739 2871 873 2918 sanctam
889 2859 1033 2918 Eulaliam
1046 2869 1076 2918 et
1084 2870 1218 2918 sanctam
1225 2859 1246 2894 ¹³
1259 2860 1438 2935 Eugeniam,

290 2967 350 3023 que
368 2949 553 3006 Alexandria
571 2948 732 3006 dicebatur.
769 2947 917 3004 Concordi
935 2964 1066 3022 namque
1079 2948 1272 3022 processione
1283 2949 1345 3006 illis
1357 2951 1438 3006 ince-

290 3038 438 3106 dentibus,
447 3039 527 3094 nulla
537 3041 579 3108 (vt
592 3053 658 3093 mos
670 3035 728 3106 est)
738 3035 963 3093 iuuencularum
976 3053 1009 3094 ac
1021 3037 1179 3109 virginum,
1188 3037 1242 3092 hac
1255 3047 1286 3093 et
1294 3038 1314 3068 ¹⁴
1324 3037 1392 3094 illac
1405 3055 1438 3095 se

290 3126 474 3199 abrumpens
485 3124 506 3157 ¹⁵
530 3123 725 3196 disiungebat
762 3123 858 3180 Tanta
879 3125 1009 3196 denique
1034 3125 1208 3198 angelorum
1234 3141 1268 3182 ac
1287 3123 1438 3199 virginum

291 3228 443 3270 sacrarum
457 3211 623 3285 frequentia
636 3213 675 3268 de
691 3211 763 3268 celis
780 3214 818 3268 ad
831 3229 935 3268 earum
944 3211 965 3244 ¹⁰
976 3212 1141 3268 custodiam
1153 3213 1256 3268 aderat
1273 3212 1395 3280 directa,
1407 3222 1438 3270 vt

246 3319 279 3371 30
291 3315 395 3356 eorum
405 3298 425 3330 ¹⁷
439 3316 585 3372 personas
603 3299 680 3355 miro
692 3298 829 3356 viderent
842 3299 951 3372 vbique
968 3299 1130 3372 splendore
1147 3298 1338 3373 refulgentes
1371 3302 1437 3358 Non

290 3386 388 3444 solum
398 3386 497 3442 adulte
509 3395 539 3443 et
548 3386 678 3444 maiores
687 3386 803 3443 illorum
811 3386 832 3418 ¹⁷
842 3395 998 3460 aspectum
1010 3387 1194 3445 mirabantur
1202 3396 1232 3444 et
1244 3389 1438 3459 presentiam,

290 3491 395 3530 verum
414 3473 503 3530 etiam
523 3475 657 3548 padule,
669 3482 701 3530 vt
719 3475 921 3547 supradictum
939 3483 994 3545 est,
1008 3475 1039 3530 in
1055 3492 1161 3533 eorum
1179 3475 1285 3531 intuitu
1298 3475 1438 3533 iocunda-

290 3563 400 3618 bantur
417 3569 447 3618 et
465 3579 558 3634 super
575 3562 692 3619 illorum
712 3563 874 3635 splendore
896 3561 1029 3618 iocantes
1046 3562 1243 3619 vehementer
1259 3564 1438 3636 gaudebant

292 3648 419 3707 Summa
428 3667 558 3723 namque
569 3649 727 3723 disciplina
736 3649 908 3722 gradientes
920 3648 1158 3721 incede[bant]¹⁸,
1171 3648 1396 3709 modestissime
1408 3653 1437 3710 in

249 3760 280 3813 35
292 3737 392 3796 verbis
409 3746 440 3796 et
459 3738 593 3810 gestibus
612 3755 647 3794 se
669 3738 826 3794 habebant
864 3737 957 3794 Porro
977 3736 1113 3809 plerique
1133 3738 1277 3794 lectorum
1297 3739 1349 3810 qui
1371 3758 1439 3813 pas·

292 3823 386 3884 sionis
406 3825 571 3882 earundem
594 3824 745 3897 virginum
768 3825 906 3898 legerunt
916 3825 936 3858 ¹⁹
956 3824 1119 3894 historiam,
1144 3823 1366 3883 arbitrabantur
1389 3845 1439 3886 eas

291 3913 424 3972 virorum
443 3930 545 3971 carere
560 3911 666 3970 solatio
678 3920 709 3972 ct
721 3913 869 3982 comitatu,
883 3911 951 3987 quia
963 3912 1003 3969 ibi
1016 3912 1097 3970 nulla
1109 3911 1143 3968 fit
1155 3911 1267 3969 mentio
1284 3913 1418 3973 virorum
1431 3935 1437 3973 :

325 4097 383 4151 ΙΒ.
396 4101 580 4152 ministrantur.
637 4099 867 4152 ’Rsanctiseas
922 4100 1111 4165 'Edenique
1165 4099 1295 4151 ‘fluentis
1307 4101 1438 4154 Reniom.

292 4164 362 4216 inB.
430 4167 486 4216 ‘so
499 4167 529 4216 B.
595 4164 652 4215 ⁸13.
665 4167 833 4230 magnatibus.
898 4165 955 4218 'E
967 4169 1137 4217 instruuntur.
1192 4166 1250 4217 ⁸13.
1262 4168 1330 4230 bigis
1343 4185 1397 4220 non
1408 4186 1437 4228 s.,

293 4245 342 4280 nec
353 4231 468 4281 curribus
480 4247 530 4282 orn.
579 4231 637 4282 ⁸13.
650 4239 684 4284 et.
741 4233 759 4262 ¹⁰
776 4231 805 4283 E.
821 4232 974 4292 reue-lentur,
987 4234 1017 4283 B.
1030 4233 1218 4284 releuabantur.
1270 4233 1289 4264 ¹¹
1306 4250 1359 4285 om.
1371 4236 1397 4284 in
1410 4235 1438 4285 B.

293 4295 517 4348 1’liseruiarios
599 4297 619 4327 ¹³
637 4296 790 4348 Rbeatam.
872 4297 890 4328 ¹¹
908 4297 1002 4349 B.aut.
1079 4299 1098 4328 ¹⁸
1115 4300 1145 4347 B.
1157 4313 1437 4364 prorumpensseom

293 4358 313 4395 ¹⁸
329 4359 359 4412 E.
371 4377 467 4412 eorum.
533 4361 551 4392 ¹²
570 4363 601 4412 B.
614 4362 723 4414 illarum.
790 4363 808 4394 ¹¹
825 4363 855 4415 E.
867 4363 1028 4415 incedentes.
1095 4363 1113 4394 ¹⁹
1130 4364 1162 4416 B.
1173 4364 1301 4427 legebant.
