3012 4898
410 313 486 412 mu
509 311 674 406 banuo
698 312 888 419 venum.
1151 339 1224 414 ³19

68 517 222 576 accedens
233 513 305 574 illuc
315 515 363 575 vir
374 515 433 589 dei,
445 527 477 576 et
488 517 578 576 flexis
594 534 696 576 coram
712 517 853 576 omnibns
869 518 908 575 ad
924 519 1071 575 orandum
1085 517 1225 591 genibus,

68 613 223 662 mortmun
242 606 394 678 quendam
413 605 611 678 resuscitauit,
630 615 660 664 et
679 615 848 664 monstrum
866 605 949 677 illud,
961 622 1001 664 ex
1019 614 1090 662 tune
1108 605 1224 662 nemini

69 693 251 764 nocimmm,
259 693 346 751 iussit
358 693 389 750 in
403 693 583 752 solitudines
593 694 812 752 transmarinas
824 695 978 752 secedere.
1006 693 1045 750 Et
1057 694 1225 768 assumptis

68 795 178 838 secum
196 781 356 839 duodecim
374 781 464 840 sociis
482 783 513 839 in
532 782 693 840 solitudine
711 782 794 838 arida
813 797 936 839 manere
955 780 1044 854 cepit,
1063 790 1094 837 et
1111 789 1223 838 terrant

69 870 180 926 bacttlo
204 869 387 942 percutiens,
411 869 543 927 lucidum
568 870 691 938 sontem,
716 869 824 942 iugiter
852 878 1035 940 manantem,
1061 869 1100 927 de
1131 870 1254 940 human

69 956 224 1029 produxit.
297 945 442 1032 Quadam
455 958 504 1015 die
515 957 590 1016 vidit
606 973 730 1014 ceruum
747 959 786 1014 ad
802 974 837 1014 se
853 957 1026 1030 fugientem,
1039 973 1130 1031 quem
1143 957 1224 1016 Con·

69 1043 198 1100 stantini
216 1043 373 1101 cuiusdam
392 1044 493 1102 diuitis
511 1045 594 1102 serui
605 1053 767 1103 venatores
782 1061 850 1102 cum
869 1044 994 1102 canibus
1011 1046 1224 1118 sequebantur.

71 1131 167 1188 Hunc
191 1141 314 1189 sanctus
338 1131 458 1206 pietatis
486 1132 594 1190 affectu
621 1133 811 1190 conseruauit
835 1131 970 1203 illesum;
1001 1142 1031 1190 et
1055 1142 1223 1201 venatores,

68 1235 197 1276 ceruum
207 1219 265 1276 sub
274 1220 588 1278 tutaminevirisancti
596 1229 721 1294 tangere
728 1229 878 1292 verentes,
885 1238 950 1277 rem
960 1219 1059 1278 diuiti¹
1069 1237 1109 1278 ex
1117 1221 1223 1278 ordine

69 1307 249 1364 retulerunt.
295 1307 354 1378 Qui
376 1307 548 1382 indignatus
569 1317 599 1366 et
619 1309 680 1366 acri
701 1309 747 1365 ira
764 1317 920 1383 permotus
939 1325 1008 1365 cum
1030 1307 1080 1366 dei
1100 1326 1223 1366 seruum
1241 1329 1271 1365 10

69 1394 174 1468 gladio
191 1393 283 1452 ferire
300 1395 453 1466 niteretur,
467 1395 565 1453 subito
581 1405 705 1470 stupore
723 1397 793 1453 totis
810 1396 956 1454 membris
972 1395 1101 1469 diriguit,
1114 1415 1223 1470 quous·

70 1500 133 1556 qne
142 1481 340 1552 humiliatum,
348 1484 519 1542 interuentu
532 1483 670 1554 militum,
679 1483 738 1557 piis
753 1483 849 1541 sancti
861 1484 1001 1556 precibus
1014 1484 1174 1558 persoluit;
1194 1493 1224 1542 et

70 1569 130 1630 sibi
148 1579 180 1626 et
190 1569 297 1644 viginti
314 1569 458 1628 militibus
474 1571 538 1629 suis
553 1572 646 1629 iidem
658 1571 772 1629 Christi
786 1572 908 1641 docens,
921 1589 961 1628 ex
979 1569 1106 1630 tirannis
1125 1573 1224 1643 mites,

70 1669 153 1715 etex
161 1657 288 1730 paganis
297 1659 425 1715 reddidit
433 1657 621 1717 christianos
683 1647 837 1732 Epulante
847 1675 936 1717 seruo
944 1659 1064 1729 dei‚vas
1076 1677 1153 1733 aque
1166 1661 1224 1718 sibi

71 1745 247 1818 appositum
260 1761 331 1802 casn
343 1747 480 1815 contidit,
493 1756 523 1803 et
535 1747 652 1819 liquore
664 1746 762 1804 effuso
778 1745 899 1818 signum
912 1746 1009 1803 crucis
1022 1747 1114 1804 edidit
1127 1757 1157 1805 et
1170 1765 1224 1806 vas
1240 1771 1269 1821 15

71 1833 225 1906 integrum
243 1848 321 1906 aqua
339 1834 464 1906 plenum
486 1832 608 1908 recepit.
646 1834 714 1905 Qua
732 1843 850 1908 gustata
868 1843 898 1890 et
917 1833 1058 1891 fratribus
1076 1845 1224 1908 porrecta,

70 1919 200 1993 liquoris
209 1920 400 1978 dulcedinem
412 1931 551 1994 potantes
563 1921 757 1980 admirantur.
825 1909 1004 1994 Aliquando
1016 1937 1085 1978 cum
1098 1923 1224 1981 orationi

71 2007 132 2064 sub
157 2006 229 2064 diuo
249 2017 377 2076 vacaret,
402 2018 432 2066 et
459 2009 690 2082 circumquaque
720 2009 909 2068 abundanter
932 2009 1057 2082 plueret,
1082 2011 1225 2068 minima*

71 2093 179 2169 pluuie
201 2103 286 2168 gutta
303 2113 373 2152 eum
398 2113 459 2153 non
483 2096 590 2170 tetigit.
662 2085 808 2173 Quodam
832 2106 970 2170 tempore
990 2097 1056 2154 viro
1080 2099 1130 2156 dei
1156 2117 1224 2156 cum

71 2183 207 2256 quodam
219 2191 324 2240 sendo
335 2183 478 2258 episcopo
490 2200 664 2242 sermonem
681 2184 809 2242 iaciente
818 2183 837 2253 ⁸,
850 2201 919 2242 ecce
934 2184 1001 2240 miri
1015 2186 1132 2243 decoris
1145 2187 1226 2260 palla
1239 2210 1271 2245 ιο

72 2271 221 2328 intereos
233 2271 271 2328 de
284 2271 349 2328 celo
362 2273 527 2330 descendit.
551 2272 650 2343 Quam
659 2288 728 2329 cum
741 2272 855 2328 honore
868 2274 1082 2345 preuenientes
1094 2273 1224 2332 inuicem

71 2359 252 2415 alterutrum
268 2359 466 2432 porrigerent,
480 2375 645 2434 causasque
657 2359 707 2434 pia
719 2359 908 2417 contentione
920 2370 1045 2433 vterque
1058 2372 1226 2435 exponeret

72 2462 170 2519 quare
183 2446 279 2518 magis
291 2447 414 2504 alterius
426 2464 495 2504 esse
508 2449 649 2506 deberet:
668 2446 770 2505 statim
783 2447 858 2521 ipsis
871 2447 1055 2506 intuentibus
1071 2459 1226 2524 assumpta

72 2542 122 2591 est
142 2531 175 2590 in
199 2533 313 2604 ethera,
335 2542 366 2592 et
390 2543 516 2608 repente
541 2535 688 2592 ambobus
712 2536 783 2592 inde
808 2535 886 2594 sue*
906 2535 1017 2592 emisse
1041 2537 1227 2597 descendere

72 2621 225 2678 videntur.
310 2609 446 2696 Quidam
477 2622 616 2679 tribunus
646 2621 742 2696 patrie
771 2622 950 2696 grauissimo
978 2623 1081 2680 dolore
1106 2635 1227 2699 torque·
1242 2651 1271 2702 ²5

73 2710 183 2766 batur:
211 2707 260 2765 cui
277 2718 418 2782 soporato
436 2709 541 2766 beatus
561 2709 705 2768 Petrocus
723 2709 871 2783 apparuit,
889 2709 996 2767 iubens
1014 2721 1046 2768 vt
1064 2729 1133 2769 reos
1151 2731 1227 2787 quos

73 2796 194 2852 vinctos
224 2797 346 2854 tenebat
373 2796 413 2854 de
443 2795 581 2854 claustris
618 2798 759 2854 educeret
767 2796 787 2869 ⁶,
812 2805 842 2855 et
878 2797 1036 2856 sanitatem
1071 2800 1228 2873 reciperet.

74 2883 195 2954 Quibus
207 2881 323 2953 solutis,
336 2883 463 2959 pristine
474 2883 631 2941 valitudini
644 2884 789 2942 redditur.
863 2873 981 2942 Mulier
991 2887 1121 2958 quedam
1139 2888 1228 2945 annis

73 2969 216 3045 plurimis
234 2969 349 3028 iluxum
368 2987 515 3044 perpessa
532 2971 697 3045 sanguinis,
710 2971 805 3030 sancti
817 2970 872 3029 viri
885 2982 970 3030 veste
988 2974 1122 3031 clanculo
1141 2983 1227 3045 tacta,

74 3059 238 3116 sanitatem
251 3058 321 3116 fidei
335 3058 441 3116 merito
454 3059 618 3132 perlectam
630 3059 752 3134 recepit
818 3047 944 3117 Dracho
956 3061 1078 3134 quidam
1091 3079 1227 3134 magnus,
1241 3085 1273 3135 30

74 3161 167 3203 secus
188 3144 255 3204 eius
275 3146 382 3202 cellam
403 3147 608 3206 conuersans⁶
623 3148 654 3204 in
674 3148 807 3217 heremo,
827 3147 909 3221 ligno
927 3150 1069 3206 dextrum
1089 3150 1227 3208 confixus

75 3233 208 3302 oculum,
228 3233 367 3307 deposita
388 3234 517 3291 nocendi
542 3234 649 3292 seuitia
677 3237 716 3292 ad
741 3235 839 3292 locum
863 3235 1014 3293 festinauit
1033 3237 1084 3294 vbi
1104 3247 1227 3295 sanctus

74 3320 202 3378 vacabat
218 3321 353 3392 orationi,
366 3330 396 3378 et
411 3321 554 3379 inclinato
570 3322 668 3396 capite
683 3323 781 3380 tribus
793 3324 899 3380 diebus
914 3323 1002 3380 iacuit
1019 3323 1114 3382 sancti
1126 3336 1228 3398 patro·

75 3409 190 3465 cittium
207 3418 381 3482 expectans.
417 3409 477 3480 Qui
493 3409 572 3467 beati
587 3410 705 3467 Petroci
722 3409 805 3467 iussu
822 3411 957 3468 suffusus
975 3411 1135 3486 aspergine
1152 3413 1228 3471 sacta

75 3495 166 3553 latice
184 3496 335 3568 permixto
353 3496 518 3570 pauimenti
537 3497 675 3572 puluere,
692 3499 792 3555 statim
810 3499 840 3556 vi
860 3499 1066 3556 medicaminis
1085 3511 1228 3574 exempto
1241 3527 1272 3578 35

76 3583 160 3656 ligno
184 3583 223 3640 ab
246 3582 312 3642 eius
336 3584 431 3654 oculo,
452 3602 544 3642 sanus
569 3587 607 3642 ad
631 3585 753 3642 solitum
778 3601 936 3659 regressus
961 3595 1007 3644 est
1030 3588 1228 3648 volutabrum.

78 3659 200 3728 Mulier
212 3671 351 3743 quedam,
363 3681 538 3745 serpentem
552 3673 712 3746 paruulum
725 3691 793 3732 cum
806 3692 884 3748 aqna
900 3675 1016 3744 bibens,
1029 3693 1097 3732 cum
1111 3677 1183 3733 nihil
1197 3679 1227 3733 in

75 3775 115 3816 ea
136 3759 245 3816 medici
266 3759 457 3832 proficerent,
477 3762 514 3818 ad
539 3769 676 3819 sanctum
697 3761 795 3818 virum
826 3763 953 3820 adducta
977 3772 1032 3820 est.
1069 3763 1126 3833 Qui
1152 3764 1228 3822 lacta

77 3845 211 3903 mixtura
222 3854 302 3904 terre
314 3864 348 3904 ac
361 3847 465 3916 laticis,
474 3847 592 3905 mulieri
606 3857 711 3924 potum
725 3848 817 3906 dedit.
848 3850 917 3920 Qua
929 3851 1043 3921 hausta,
1052 3861 1226 3924 serpentem
1271 3885 1275 3893 -

76 3934 138 3990 iam
159 3932 338 4006 tripedalem
356 3952 503 3992 euomens
521 3938 576 3994 sed
595 3947 756 4007 mortuum,
774 3937 841 4010 ipsa
861 3937 936 3994 hora
958 3947 1079 4012 recepta
1099 3939 1227 3997 sanitate
1241 3961 1275 4014 40

77 4020 192 4094 gratias
209 4021 272 4095 egit
289 4023 355 4079 deo.
429 4009 616 4082 Conuocatis
632 4025 754 4081 tandem
767 4024 930 4099 discipulis,
944 4027 1067 4084 devera
1084 4026 1228 4099 religione

76 4109 158 4182 cepit
184 4125 237 4166 eos
261 4109 421 4182 diligenter
445 4109 604 4182 instruere,
630 4121 662 4168 vt
685 4114 736 4185 qui
762 4113 854 4170 seculi
884 4112 1008 4186 negocia
1038 4113 1228 4187 reliquerant,

77 4196 267 4256 seductorias
290 4197 460 4271 voluptates
485 4206 674 4272 respuerent,
699 4199 832 4257 furorem
862 4201 1071 4274 reprimerent,
1091 4201 1229 4275 sugerent

111 4319 120 4348 ¹
137 4318 205 4370 Boll.
217 4319 330 4372 domino.
397 4317 407 4349 ¹
425 4319 491 4370 Boll.
505 4335 538 4370 ne
550 4335 600 4370 una
613 4321 731 4384 quidem:
749 4339 802 4373 non
815 4337 865 4374 om.
924 4320 934 4350 ⁸
951 4321 1017 4372 Boll.
1029 4323 1227 4377 sermocinante.

76 4381 171 4435 *sou
184 4387 244 4438 due.
342 4383 436 4436 ⁸Bou.
447 4387 603 4451 absolveret,
615 4388 647 4438 de
660 4403 743 4439 com.
842 4386 936 4438 ⁰13011.
948 4389 1099 4441 convolans.
