3012 4898
38 271 215 398 assus]
300 313 376 406 De
398 311 653 418 putssutfltiss
678 311 833 402 mutui
857 311 1046 414 ὶβᾶῒῐίΐίί.
1152 335 1223 410 297

70 516 192 568 debatur.
237 517 416 580 Dixeruntque
439 519 579 568 demones:
608 517 737 582 ‘Oportet
762 526 789 568 te
811 533 879 568 nunc
903 519 1032 568 ambulare
1055 533 1134 580 super
1156 517 1225 568 huuc

69 603 190 657 pontem,
205 603 232 644 et
251 611 299 658 per
315 612 364 645 nos
380 604 473 646 uentus
490 597 534 645 ille
550 598 595 659 qui
612 605 638 646 tc
655 598 749 647 deiecit
765 599 790 646 in
806 599 910 646 ilumine
927 599 986 656 alio,
1005 597 1099 646 deiciet
1116 597 1142 644 in
1160 596 1224 649 isto:

70 681 100 722 et
112 675 200 722 statim
212 691 228 723 a
239 675 334 724 nostris
350 676 428 723 sociis
443 675 552 737 capieris
565 676 608 738 qui
626 685 686 725 sunt
703 677 729 724 in
748 677 860 736 llumine,
874 684 900 725 et
915 677 941 726 in
959 676 1113 738 profundum
1131 674 1225 723 inserui

69 752 242 814 demergeris.
285 752 360 801 Prius
376 762 461 802 tamen
477 753 557 802 habes
573 755 683 816 probare
700 755 774 817 quale
790 770 869 817 super
883 763 989 818 pontem
1006 755 1082 802 istum
1094 755 1127 802 sit
1140 754 1224 802 deam-

69 828 197 880 bulare¹.'
231 829 264 880 Et
280 838 402 880 tenentes
419 846 521 881 manum
538 833 594 881 eius
606 835 775 883 traduxerunt
787 848 866 895 super
883 838 989 895 pontem
1003 833 1081 881 illum.
1116 831 1148 880 Et
1163 837 1253 887 ecce5

70 909 99 956 in
118 917 202 970 ponte
219 909 264 957 illo
281 909 329 958 tria
345 917 419 959 erant
437 909 652 976 [formidanda]²:
678 913 795 974 primum,
813 912 881 973 quod
899 911 935 961 ita
953 911 1064 960 lubricus
1082 917 1137 959 erat
1157 911 1225 972 quod

70 987 163 1035 nullus
181 989 274 1048 pedem
290 988 372 1049 figere
385 993 481 1049 posset.
514 989 603 1050 Aliud,
620 991 689 1052 quod
705 991 740 1038 ita
755 990 859 1039 strictus
877 990 924 1037 fuit
940 990 1009 1052 quod
1025 989 1134 1051 pedibus
1148 989 1174 1036 in
1193 1003 1226 1037 eo

69 1073 144 1113 stare
157 1064 199 1112 uel
211 1066 340 1115 ambulare
352 1081 429 1116 nemo
444 1075 554 1130 poterat.
588 1068 714 1121 Tertium,
727 1069 797 1130 quod
810 1068 866 1132 [ita]
878 1069 944 1117 altus
955 1075 1010 1116 erat
1022 1075 1050 1116 ut
1062 1081 1130 1129 pene
1142 1066 1225 1116 celum

69 1151 184 1204 tangere
202 1144 341 1194 uideretur.
383 1145 423 1195 ‘Si
439 1145 548 1206 tamen³,
564 1147 691 1209 inquiunt,
709 1146 784 1195 nobis
802 1147 954 1206 assenseris,
971 1145 1060 1194 illesus
1077 1145 1109 1194 ad
1126 1154 1225 1208 portam

70 1220 225 1272 reduceris!
258 1222 382 1284 Cogitans
399 1231 484 1273 autem
501 1225 545 1274 ille
563 1227 596 1274 de
612 1225 714 1287 quantis
725 1227 795 1286 prius
809 1225 900 1274 ihesus
912 1239 971 1273 eum
988 1224 1143 1273 liberauerat
1159 1225 1271 1286 peri-10

70 1299 140 1348 culis
158 1300 279 1349 inuocato
296 1301 352 1350 eius
369 1303 532 1352 sanctissimo
548 1305 660 1359 nomine,
679 1303 843 1352 confidenter
858 1303 976 1362 accessit,
993 1308 1019 1350 et
1036 1317 1115 1351 unum
1133 1303 1226 1364 pedem

69 1393 155 1440 super
163 1385 269 1440 pontem
278 1393 386 1442 ponens,
395 1387 402 1409 ‘
412 1381 489 1432 lhesu
497 1382 600 1431 Christe
612 1383 647 1431 tili
657 1383 698 1431 dei
708 1380 776 1431 uiui'
786 1390 813 1430 et
824 1387 912 1430 cetera
922 1382 1010 1430 dicere
1019 1380 1094 1443 cepit
1124 1379 1226 1430 Deinde

70 1457 152 1505 alium
166 1458 260 1518 pedem
272 1460 357 1518 posuit
368 1466 394 1507 et
406 1460 497 1508 eadem
508 1461 586 1509 uerba
598 1461 707 1510 iterauit.
733 1459 775 1509 Ad
783 1459 922 1521 quemlibet
933 1459 1013 1508 eciam
1023 1472 1126 1521 passum
1136 1459 1226 1508 eadem

70 1537 156 1584 uerba
168 1536 282 1596 protulit.
317 1536 375 1598 Quo
387 1553 451 1586 uero
462 1553 542 1600 super
551 1546 655 1600 pontem
667 1538 777 1600 amplius
789 1537 935 1596 ambulauit,
945 1553 977 1586 eo
989 1538 1120 1596 securius;
1137 1545 1165 1586 et
1175 1552 1226 1599 quo

70 1613 156 1675 magis
169 1615 304 1674 processit,
312 1629 345 1664 eo
354 1616 421 1664 uiam
431 1617 567 1678 largiorem
578 1617 686 1667 inuenit.
721 1617 832 1679 Semper
843 1617 912 1665 enim
924 1623 951 1665 ut
963 1615 1109 1675 ambulant,
1118 1615 1227 1664 latitudo
1242 1630 1270 1680 15

70 1693 117 1741 uie
137 1707 173 1740 ex
191 1699 298 1754 utraque
315 1701 388 1755 parte
405 1695 494 1746 creuit.
529 1695 561 1744 Et
579 1711 640 1744 ecce
658 1703 717 1757 post
735 1694 864 1757 paululum
882 1695 989 1744 latitudo
1007 1695 1094 1756 pontis
1112 1694 1227 1742 continet

70 1785 177 1819 carrum
189 1777 326 1830 onustum
343 1780 369 1821 et
382 1782 441 1834 post
452 1773 580 1823 modicum
593 1775 634 1824 uia
646 1775 682 1823 ita
694 1781 749 1823 erat
760 1773 839 1836 larga,
850 1780 877 1822 ut
888 1773 937 1821 sibi
949 1773 975 1821 in
987 1787 1018 1821 ea
1029 1771 1163 1821 obuiarent
1175 1773 1226 1822 duo

70 1849 183 1911 carr(a).
219 1848 301 1898 Porro
312 1851 437 1900 demones
448 1851 490 1914 qui
502 1867 561 1900 eum
573 1854 737 1902 adduxerunt
748 1853 774 1900 in
785 1853 840 1914 ripa
852 1851 963 1900 iluminis
974 1852 1139 1909 restiterunt;
1151 1858 1178 1900 et
1190 1851 1226 1900 ui·

70 1929 171 1976 dentes
182 1927 288 1976 militem
301 1928 371 1977 abire
383 1929 469 1985 libere,
481 1931 588 1979 uocibus
604 1931 657 1980 suis
672 1931 707 1980 ita
720 1931 828 1993 (aer)em
843 1937 1029 1979 concusserunt
1041 1929 1186 1988 horrendis,
1198 1936 1227 1978 ut

71 2005 158 2067 magis
179 2008 292 2068 terro(re
309 2007 429 2056 clamoris
445 2011 598 2069 conc)ussus
617 2016 687 2058 esset
703 2024 778 2070 quam
795 2015 981 2057 tormentorum
998 2007 1116 2056 illacione
1134 2009 1225 2070 quibus
1241 2021 1272 2058 ιο

69 2085 150 2147 an(te
165 2083 262 2144 tulerat
277 2086 446 2134 excmciatus.
479 2086 532 2135 Alii
548 2087 673 2136 demones
690 2087 734 2148 qui
753 2086 881 2150 (inferius)
896 2087 921 2134 in
934 2086 1038 2134 llumine
1051 2092 1133 2143 erant,
1145 2101 1226 2134 uncos

70 2177 139 2211 suos
147 2163 181 2211 ad
193 2163 263 2211 illum
276 2163 410 2213 iecerunt:
426 2171 467 2213 set
478 2171 585 2227 tangere
598 2181 650 2213 nou
663 2172 809 2227 potuerunt.
839 2165 961 2228 (Secur)e
973 2164 1076 2213 tandem
1089 2165 1224 2226 processit,

70 2243 137 2303 quia
153 2241 202 2289 sibi
222 2241 299 2290 nichil
316 2243 445 2292 obsistere
457 2243 571 2304 inuenit3
588 2245 675 2305 sicque
691 2243 826 2293 latitudine
840 2243 927 2305 pontis
942 2249 1118 2303 excrescente,
1131 2244 1224 2291 llumen

71 2319 194 2382 respexit
206 2334 240 2367 ex
252 2327 360 2382 utraque
371 2328 443 2383 parte
454 2337 469 2370 a
481 2322 567 2384 longe.
638 2308 790 2371 Procedens
807 2322 885 2384 igitur
895 2321 960 2370 liber
971 2337 985 2369 a
998 2322 1135 2369 demonum
1148 2335 1226 2369 uexa-

71 2400 163 2457 tione,
174 2398 240 2446 uidit
250 2405 312 2447 ante
328 2414 358 2448 se
373 2414 472 2448 murum
491 2401 633 2464 (magnum)
647 2401 680 2450 de
695 2408 764 2449 terra
780 2400 832 2448 alte
848 2407 961 2449 erectum
976 2399 1002 2447 in
1020 2413 1090 2458 aere,
1103 2398 1225 2448 mirabilis
1241 2417 1271 2467 ²5

70 2487 99 2527 et
111 2476 321 2538 incomparabilis
338 2485 473 2528 structure.
508 2479 607 2540 inquo
625 2495 698 2527 muro
711 2486 811 2541 portam
828 2479 939 2528 clausam
956 2493 1033 2527 unam
1051 2477 1161 2542 uidebat,
1175 2493 1225 2540 que

72 2555 188 2604 metallis
211 2555 390 2618 lapidibusque
408 2557 533 2618 preciosis
550 2565 648 2617 ornata,
670 2557 778 2605 mirabili
800 2557 999 2605 choruscacione
1022 2553 1144 2606 radiabat.
1184 2556 1226 2605 Ad

70 2649 153 2696 quam
176 2647 233 2681 cum
256 2635 498 2697 appropinquasset,
519 2643 545 2684 et
566 2636 649 2684 adhuc
671 2635 744 2697 quasi
762 2635 849 2697 spacio
872 2635 970 2683 dimidii
990 2635 1095 2683 miliaris
1114 2636 1225 2696 abesset,

70 2719 152 2775 porta
170 2711 212 2760 illa
232 2717 322 2760 contra
339 2727 398 2760 eum
417 2714 516 2775 patuitz
541 2721 568 2763 et
585 2720 657 2762 tante
677 2714 810 2762 suauitatis
829 2714 893 2770 odor
908 2713 932 2762 ei
949 2727 1088 2762 occurrens
1105 2728 1153 2775 per
1169 2727 1225 2762 eam

69 2790 149 2848 exiit,
162 2789 223 2837 utsi
235 2796 303 2838 totus
314 2791 424 2839 mundus
436 2799 633 2841 conuerteretur
643 2792 668 2840 in
681 2799 804 2851 aromata,
813 2807 865 2840 non
877 2791 1012 2840 uincerent
1023 2790 1225 2852 magnitudinem
1239 2813 1271 2863 30

71 2868 213 2918 suauitatis
232 2867 304 2923 eius;
330 2876 466 2934 tantasque
484 2871 554 2918 uires
574 2870 691 2932 percepit
708 2885 742 2918 ex
761 2869 804 2918 illa
826 2870 961 2924 suauitate,
979 2877 1006 2917 ut
1028 2877 1156 2917 tormenta
1174 2884 1225 2931 que

70 2953 138 2996 ante
157 2944 271 3007 pertulit,
290 2951 318 2995 ut
336 2947 385 2994 sibi
402 2948 544 3006 uidebatur,
565 2947 614 2996 iam
633 2949 690 2996 sine
709 2947 828 3009 angustia
846 2953 935 3009 posset
951 2947 1089 2996 sustinere.
1133 2947 1225 3009 Respi-

71 3027 200 3086 ciensque
214 3023 279 3072 inira
293 3032 403 3086 portam,
421 3026 486 3074 uidit
501 3027 609 3088 patriam
629 3027 743 3075 claritate
763 3025 827 3075 solis
844 3026 1055 3087 splendidiorem,
1073 3029 1099 3073 et
1118 3025 1226 3074 introire

70 3102 231 3164 concupiuit
268 3101 301 3150 Et
318 3117 379 3151 ccce
395 3119 499 3166 egressu
517 3113 557 3153 est
575 3112 664 3154 contra
681 3119 740 3153 eum
757 3119 814 3153 cum
831 3104 957 3162 crucibus,
973 3103 1076 3152 uexillis
1093 3105 1225 3165 cereisque

70 3189 99 3230 et
121 3180 197 3242 quasi
219 3179 360 3241 palmarum
382 3195 516 3230 aurearum
539 3181 616 3231 ramis
638 3183 772 3245 processio
795 3182 853 3230 talis
876 3187 902 3230 et
922 3189 999 3242 tanta,
1018 3185 1114 3243 quanta
1131 3181 1158 3229 in
1177 3181 1226 3230 hoc
1240 3188 1270 3238 35

71 3259 182 3317 mundo,
202 3262 278 3320 prout
300 3258 464 3316 existimauit,
486 3274 614 3321 nunquam
635 3269 675 3310 est
693 3261 756 3309 uisa.
797 3259 868 3308 Vidit
887 3260 959 3322 quasi
982 3259 1114 3308 hominum
1131 3259 1227 3308 formas

72 3339 107 3386 de
120 3335 242 3386 omnibus
254 3337 396 3395 ordinibus,
409 3338 565 3399 diuerseque
576 3339 654 3388 etatis
671 3347 698 3388 et
715 3339 847 3400 utriusque
865 3353 950 3387 sexus.
983 3338 1055 3387 Vidit
1071 3337 1137 3387 alios
1152 3339 1225 3400 quasi

72 3415 296 3476 archiepiscopos,
310 3415 386 3478 [alios
404 3424 431 3464 ut
448 3416 594 3480 episcopos]
605 3416 621 3478 ¹,
632 3417 745 3478 abbates,
760 3418 907 3480 monachos,
920 3416 1086 3479 presbiteros,
1098 3423 1125 3464 et
1140 3416 1226 3478 singu·

72 3493 160 3542 lorum
179 3493 304 3553 graduum
315 3493 426 3542 ecclesie
443 3495 583 3554 ministros,
600 3495 679 3544 sacris
697 3495 811 3543 uestibus
829 3495 941 3544 indutos.
985 3493 1083 3542 Omnes
1100 3509 1164 3542 uero
1182 3495 1225 3543 tali

72 3571 189 3620 uestium
202 3571 284 3620 forma
295 3571 376 3619 induti
389 3579 471 3629 erant,
482 3572 550 3634 quali
562 3573 589 3620 in
600 3573 647 3622 hac
659 3574 713 3622 uita
724 3574 773 3621 deo
785 3574 939 3622 seruierunt.
974 3571 1081 3621 Militem
1094 3587 1157 3621 uero
1168 3587 1225 3621 cum
1240 3583 1272 3630 4ο

73 3663 170 3711 magna
179 3649 352 3698 ueneracione
361 3656 388 3698 et
394 3650 479 3699 leticia
486 3651 692 3710 introduxerunt,
700 3659 727 3700 et
737 3652 787 3700 duo
796 3651 983 3713 archiepiscopi
991 3666 1049 3699 eum
1057 3652 1083 3698 in
1091 3665 1139 3699 suo
1148 3651 1226 3699 comi·

73 3737 130 3778 tatu
150 3734 327 3788 suscepenrut,
339 3728 382 3788 qui
396 3729 470 3776 deum
483 3728 672 3777 benedixerunt
686 3729 730 3790 qui
746 3735 818 3778 tanta
835 3729 984 3778 constancia
998 3737 1088 3778 contra
1099 3735 1227 3776 tormenta

72 3823 126 3869 que
140 3805 247 3868 pertulit
264 3805 320 3854 eius
338 3806 450 3854 animum
467 3806 636 3856 confirmauit.
679 3807 751 3856 Sicut
768 3808 836 3855 enim
854 3806 939 3856 lumen
956 3807 1060 3856 lucerne
1078 3807 1141 3855 solis
1152 3805 1225 3867 quasi

73 3886 224 3935 obfuscatur
232 3884 379 3946 splendore,
387 3884 425 3932 sic
434 3884 473 3932 sol
486 3883 651 3944 meridianus,
660 3893 688 3934 ut
698 3875 764 3948 [sibi]
774 3886 915 3944 uidebatur,
924 3885 1007 3947 patrie
1017 3885 1083 3933 illius
1093 3899 1138 3946 pre
1149 3884 1226 3932 nimia

72 3965 192 4013 claritate
200 3961 420 4012 obtenebraretur.
444 3963 516 4011 Finis
525 3977 589 4012 uero
598 3963 689 4026 patrie,
699 3963 749 4012 nisi
759 3979 791 4012 ex
801 3972 873 4025 parte
883 3971 957 4026 porte
965 3979 1015 4024 qua
1022 3963 1133 4020 intrauit,
1143 3963 1225 4010 uideri
1239 3975 1270 4024 45

74 4057 129 4091 non
148 4040 239 4103 potuit.
275 4039 337 4089 Erat
348 4047 433 4089 autem
445 4041 529 4103 patria
546 4049 600 4092 tota
611 4042 683 4104 qussi
701 4057 793 4091 amena
804 4050 877 4104 prata
889 4049 965 4103 atque
982 4040 1105 4098 uirencia,
1118 4041 1226 4089 diuersis

73 4120 182 4170 floribus
202 4118 376 4181 fructibusque
396 4125 422 4168 et
441 4119 573 4169 arboribus
596 4121 723 4170 decorata.
765 4119 825 4169 Nox
847 4119 916 4169 illam
940 4134 992 4168 non
1015 4119 1141 4178 obscurat,
1166 4119 1226 4180 quia

72 4212 181 4262 semper
192 4197 316 4260 splendor
327 4199 384 4260 puri
396 4197 444 4246 celi
456 4199 569 4260 desuper
586 4198 613 4246 in
627 4213 658 4246 ea
673 4197 795 4247 indicibili
811 4198 925 4247 claritate
940 4198 1033 4248 rutilat.
1066 4197 1225 4259 Tantamque

73 4278 107 4327 ibi
128 4276 195 4325 uidit
213 4275 346 4337 utriusque
365 4290 444 4325 sexus
463 4276 595 4325 hominum
616 4277 813 4336 multitudinem,
831 4283 952 4338 quantam
971 4277 996 4323 in
1013 4275 1060 4324 hac
1079 4275 1131 4325 uita
1149 4275 1225 4340 [nun-

173 4382 182 4413 ¹
200 4384 233 4434 al.
246 4399 322 4446 quam
334 4389 416 4433 tutum
429 4384 473 4434 tibi
485 4385 519 4434 sit
530 4399 578 4448 per
589 4384 658 4434 illum
669 4385 787 4434 transire.
854 4381 865 4412 ²
881 4399 931 4436 om.
998 4385 1008 4414 ⁸
1026 4384 1081 4434 MS.
1092 4390 1127 4435 tu.
