3008 4904
418 329 493 422 Dr
518 327 682 418 storto
708 325 866 415 boote.
1147 349 1221 424 227

64 531 235 588 astantibus
266 528 413 587 ministris
437 539 469 586 vt
494 529 537 586 illi
563 529 689 603 propius
718 529 861 588 accedant
887 528 938 602 qui
969 545 1068 601 nuper
1097 527 1128 585 in
1160 528 1221 586 fide

64 619 278 676 titubauerant.
323 616 382 687 Qui
412 619 443 674 in
474 627 624 674 tantarum
655 634 758 674 rerum
788 616 1027 674 consideratione
1058 616 1219 689 pauefacti,

63 706 329 762 exclamauerunt:
359 705 403 761 ‘O
431 705 509 761 inter
537 705 676 762 homines
703 704 919 774 felicissimum,
945 705 993 761 cui
1018 703 1109 760 hodie
1139 702 1220 761 filius

64 794 114 850 dei
146 793 344 866 semetipsum
374 792 406 849 in
437 810 527 850 carne
551 793 690 866 dignatus
716 803 763 849 est
790 791 934 848 reuelare.
981 791 1091 860 Exora,
1116 791 1219 863 presul

62 883 267 951 sanctissime,
285 890 317 937 vt
336 881 367 937 in
386 881 543 954 pristinam
564 881 690 937 formam
713 881 836 953 sanguis
858 896 987 953 presens
1009 889 1247 950 commutetur,s

62 987 105 1026 ne
128 986 185 1024 nos
208 977 332 1042 propter
351 968 533 1024 infidelitatis
552 985 687 1024 errorem
706 967 807 1024 diuina
825 967 898 1024 vltio
915 969 1074 1040 sequatur!
1111 966 1217 1024 Orauit

61 1077 157 1131 ergo:
186 1068 217 1115 et
247 1056 413 1130 respiciens
438 1058 475 1113 ad
500 1073 593 1126 aram,
618 1057 668 1113 vbi
693 1056 847 1113 dimiserat
877 1057 1056 1129 sanguinem
1083 1056 1218 1129 repperit

61 1147 179 1203 vinum.
252 1133 336 1203 Cum
355 1154 455 1200 autem
472 1144 630 1201 ecclesiam
647 1161 733 1200 suam
751 1143 799 1200 cui
817 1152 937 1217 preerat
957 1161 1098 1216 reparare
1116 1145 1216 1216 vellet,

61 1237 247 1306 deprecatus
259 1242 306 1290 est
318 1233 472 1289 dominum
491 1243 523 1288 vt
540 1249 698 1305 quousque
717 1249 793 1304 opus
808 1231 960 1304 inceptum
977 1242 1216 1289 consummatum

61 1323 181 1388 suisset,
196 1322 276 1377 nulla
290 1320 398 1377 infusio
411 1321 551 1377 imbrium
564 1329 614 1377 aut
627 1320 673 1376 vis
685 1329 842 1376 ventorum
856 1319 933 1376 inira
945 1320 1077 1392 parietes
1090 1320 1216 1378 ecclesie
1233 1339 1264 1376 ro

59 1411 273 1479 descenderet,
291 1427 350 1481 que
365 1409 489 1465 clericos
506 1425 523 1464 a
539 1407 640 1464 diuino
659 1424 752 1480 opere
769 1406 929 1480 prohibere
947 1416 1070 1478 posset:
1091 1406 1215 1465 sactum·

59 1515 122 1570 que
139 1507 186 1553 est
201 1507 231 1552 vt
248 1497 279 1552 in
294 1497 390 1552 tribus
407 1497 556 1552 continuis
575 1494 671 1564 annis,
684 1493 793 1566 quibus
806 1493 932 1550 ecclesia
944 1493 1140 1565 edificaretur,
1155 1511 1216 1552 non

58 1595 180 1642 tantum
199 1584 276 1640 infra
294 1583 438 1640 ambitum
459 1581 594 1650 ecclesie,
612 1583 667 1638 sed
685 1599 741 1638 nec
762 1582 840 1638 intra
858 1597 962 1638 muros
980 1582 1069 1638 totius
1088 1583 1216 1640 ciuitatis

59 1673 168 1746 pluuia
185 1671 345 1744 aliquando
363 1671 569 1727 descenderet.
641 1656 725 1727 Cum
740 1677 841 1726 autem
859 1686 913 1726 rex
934 1668 1083 1739 Edwius¹,
1101 1669 1216 1727 libidini

59 1761 193 1829 deditus,
206 1769 276 1833 post
293 1759 424 1817 officium
442 1757 677 1816 ecclesiasticum
691 1775 751 1814 vna
765 1775 833 1814 cum
851 1757 1003 1831 episcopis
1021 1767 1050 1815 et
1068 1761 1214 1832 magnati·
1231 1766 1260 1817 ¹⁵

59 1850 120 1905 bus
132 1849 194 1904 iam
208 1865 338 1920 pransus
351 1847 399 1903 die
409 1848 538 1919 quadam
551 1847 680 1914 sederet,
691 1846 789 1903 subito
802 1845 929 1902 exiliens
942 1845 1053 1903 relictis
1065 1847 1213 1918 omnibus,

58 1936 91 1992 in
113 1935 311 1993 secretiorem
329 1951 479 1992 cameram
503 1951 536 1990 se
558 1934 688 2001 contulit,
701 1934 834 1989 'duarum
854 1933 1043 2003 feminarum,
1065 1934 1123 1991 illic
1143 1951 1213 1992 eum

57 2022 275 2096 operientium,
288 2021 384 2094 stupri
403 2023 510 2077 ardore
528 2038 691 2077 succensus
706 2019 861 2077 infandum
878 2019 1062 2078 consortium
1078 2022 1214 2094 expetiit.

58 2113 129 2182 Que
144 2129 195 2166 res
208 2109 426 2166 considentium
439 2117 557 2164 mentes
571 2108 671 2180 magni
684 2109 807 2180 pudoris
821 2125 939 2164 merore
952 2108 1068 2166 deiecit.
1101 2109 1213 2167 Habito

57 2209 164 2256 autem
185 2197 266 2253 inter
284 2213 337 2253 eos
355 2195 512 2268 colloquio,
531 2195 644 2252 missus
665 2204 712 2253 est
730 2196 824 2252 abbas
844 2194 1030 2264 Dunstanus,
1051 2214 1154 2269 regem
1174 2198 1212 2253 ab
1229 2209 1260 2246 20

57 2286 173 2344 illicitis
198 2284 387 2357 amplexibus
407 2282 583 2340 abstrahere
601 2291 631 2339 et
651 2284 689 2339 ad
708 2283 821 2356 regiam
840 2285 945 2340 sedem
964 2283 1043 2340 inter
1061 2284 1213 2357 principes

57 2389 216 2430 reuocare.
255 2371 292 2426 Et
316 2371 427 2427 factum
451 2378 498 2427 est
516 2373 564 2426 ita.
603 2368 771 2442 Eapropter
790 2371 925 2428 turbatus
946 2388 1001 2426 rex
1022 2370 1211 2430 Dunstanum

56 2460 225 2534 spoliatum
238 2458 328 2514 exilio
341 2459 493 2530 dampnat.
531 2455 640 2513 Iccirco
658 2457 738 2513 enim
757 2457 832 2526 Odo,
847 2457 898 2515 vbi
915 2475 985 2514 eum
1002 2475 1058 2515 nec
1075 2459 1212 2518 admoni-

56 2549 196 2605 tionibus
209 2546 273 2602 suis
287 2563 321 2602 se
333 2545 410 2602 veile
426 2547 575 2617 corrigere
589 2543 678 2612 videt,
690 2561 781 2600 vnam
798 2546 836 2602 de
853 2545 940 2602 dictis
955 2545 1139 2618 mulieribus,
1152 2564 1212 2620 qua

55 2653 116 2694 rex
137 2632 324 2707 frequentius
344 2633 527 2700 abutebatur,
552 2631 654 2690 missis
678 2631 821 2690 militibus
845 2649 862 2688 a
887 2632 967 2688 curia
992 2633 1073 2706 regis
1097 2633 1129 2691 in
1153 2651 1212 2707 qua
1228 2649 1257 2699 ²5

56 2723 204 2781 manebat
222 2721 370 2777 violenter
389 2720 521 2788 abduxit,
538 2727 568 2776 et
587 2719 702 2776 camin
720 2718 794 2776 facie
812 2720 1001 2792 deturpatam
1019 2739 1053 2778 ac
1072 2721 1212 2778 candenti

56 2813 142 2868 ferro
163 2811 336 2866 denotatam
359 2807 389 2864 in
413 2807 590 2865 Hiberniam
606 2807 696 2864 exilio
718 2807 854 2865 detrusit.
901 2807 972 2865 Erat
991 2809 1072 2866 enim
1090 2820 1211 2867 sanctus

55 2900 129 2957 Odo
142 2896 278 2954 omnium
294 2895 482 2968 iniquitatum
498 2894 670 2951 inflexibilis
687 2895 895 2965 aduersarius3
915 2913 975 2952 non
991 2896 1070 2952 hunc
1085 2896 1210 2954 alicuius

54 2985 162 3062 gaudii
180 2983 323 3042 secularis
339 2983 488 3051 illecebre‚
501 2999 562 3039 non
580 2982 734 3039 hominum
752 2981 843 3052 mine,
857 2998 918 3039 non
936 2983 1068 3040 cuiusuis
1086 2984 1210 3057 dampni

55 3073 222 3148 perpessio
242 3080 358 3145 poterat
379 3088 397 3127 a
422 3069 599 3130 rectitudine
622 3073 784 3129 deterrere.
832 3069 918 3142 Rege
941 3073 1063 3128 tandem
1089 3070 1212 3128 Edwio²
1225 3088 1257 3136 ³0

54 3179 116 3235 pro
148 3160 211 3216 suis
241 3158 417 3216 criminibus
448 3157 609 3226 eliminato,
635 3158 772 3231 Edgarus
796 3157 889 3215 frater
911 3157 977 3214 eius
1001 3176 1095 3231 super
1116 3168 1210 3216 totam

55 3246 205 3320 Angliam
219 3263 275 3302 rex
289 3255 490 3303 consecratur.
562 3233 646 3304 Cum
663 3256 763 3302 autem
781 3244 969 3302 Dunstanum
986 3245 1017 3302 in
1033 3245 1209 3319 episcopum

54 3334 310 3406 wigorniensem
335 3350 512 3390 consecrare
537 3335 669 3402 deberet,
695 3332 858 3398 bominem,
884 3333 934 3405 qui
962 3334 1000 3391 ad
1024 3332 1210 3391 Wicciorum

55 3421 269 3496 pontificatum
294 3422 518 3493 promouendus
539 3423 712 3490 aduenerat,
731 3421 763 3477 in
788 3420 961 3494 pontificem
982 3420 1210 3478 Cantuariorum

56 3511 158 3568 sancti
178 3508 301 3581 spiritus
320 3509 494 3581 operatione
511 3509 668 3582 promouit.
706 3508 809 3581 Super
826 3525 886 3580 quo
903 3525 920 3564 a
939 3507 1209 3579 circumstantibus,
1226 3527 1256 3576 35

54 3597 179 3656 cursio
201 3605 312 3667 ageret,
332 3594 509 3668 inquisitus:
528 3597 623 3664 ‘Scio,
639 3595 743 3668 inquit,
763 3595 824 3664 filii,
842 3598 905 3652 scio
924 3595 995 3669 quid
1015 3607 1158 3670 operetur
1179 3597 1210 3655 in

55 3703 111 3744 me
137 3685 221 3741 deus.
259 3683 297 3740 Et
321 3683 401 3740 hunc
426 3684 548 3756 quidem
572 3683 793 3756 Wigorniensis
821 3684 983 3756 prouincia,
1007 3701 1057 3742 me
1080 3687 1210 3750 uiuente,

54 3781 215 3850 pastorem
240 3771 378 3828 habebit:
398 3773 452 3828 scd
472 3781 533 3828 tota
552 3771 714 3841 Britannia,
733 3787 783 3828 me
797 3771 946 3842 defuncto,
967 3773 1074 3828 eodem
1093 3781 1210 3829 rectore

54 3859 222 3936 gaudebit3
250 3876 306 3915 nec
337 3858 418 3916 enim
448 3859 514 3932 lege
545 3859 642 3916 sancti
667 3859 792 3932 spiritus
821 3861 934 3916 donum
963 3859 1068 3932 stringi
1093 3862 1209 3932 potest!

55 3949 195 4006 Sanctus
212 3948 334 4003 tandem
347 3947 415 4003 Odo
427 3945 459 4002 in
471 3956 626 4004 senectute
643 3947 728 4012 bona,
741 3946 900 4004 virtutibus
916 3957 947 4003 et
963 3947 1106 4018 operibus
1122 3946 1210 4004 bonis
1224 3962 1257 4010 40

55 4035 180 4110 plenus,
192 4033 295 4090 relicto
307 4034 409 4091 seculo
422 4033 543 4092 celestia
556 4034 733 4108 penetrauit,
742 4045 847 4108 quarto
860 4051 956 4092 nonas
967 4033 1066 4090 lunii³.
1134 4021 1210 4093 Post

55 4123 148 4180 cuius
159 4121 320 4178 transitum
333 4121 460 4180 obtinuit
472 4122 571 4179 locum
584 4122 695 4180 summi
712 4122 872 4180 sacerdotii
885 4121 1025 4192 Elisinus,
1038 4119 1210 4180 Wentanus

56 4211 233 4283 episcopus,
253 4210 323 4265 data
340 4209 467 4282 pecunia
486 4209 672 4283 principibus
689 4210 740 4282 qui
759 4209 848 4283 primi
866 4217 953 4267 erant
971 4209 1002 4265 in
1021 4210 1110 4265 domo
1129 4211 1209 4282 regis

58 4296 183 4371 Edgari.
222 4296 300 4354 Nam
324 4305 354 4352 et
375 4307 445 4354 ante
464 4297 604 4354 Odonem
622 4314 732 4370 magna
752 4298 790 4353 ad
811 4297 990 4370 rapiendum
1010 4296 1211 4358 sacerdotium

163 4427 172 4458 ¹
191 4427 221 4477 E.
233 4427 360 4490 edwinus,
372 4427 401 4477 T.
413 4428 520 4479 edwius.
653 4427 664 4457 ¹
681 4427 709 4477 E.
723 4428 836 4478 edwino.
967 4426 977 4457 ³
995 4427 1023 4478 E.
1037 4427 1101 4480 Iulii.

611 4521 630 4571 o
647 4523 666 4561 a
