3036 4878
272 326 347 398 σεο
680 317 882 420 apeme
909 319 961 394 11.

270 522 359 594 potuit
382 538 496 578 monere
520 533 569 578 aut
592 522 699 594 erigere
722 523 825 594 quouis
842 522 936 577 modo.
972 522 1037 592 Que
1058 521 1173 578 verriens
1198 521 1238 576 ad
1264 523 1436 593 predictam

270 605 406 678 capellam
422 605 458 660 de
472 605 632 673 Waindete,
644 605 739 677 ibique
752 624 803 676 per
813 605 870 675 xiiij
883 604 945 660 dies
959 605 1081 659 oncioni
1099 604 1257 674 indulgens,
1271 607 1398 660 tandem
1416 624 1435 658 a

270 705 387 758 sompno
404 687 483 756 graui
504 701 638 758 prenenta
655 689 728 759 oepit
747 689 869 743 clamare
891 689 919 742 in
938 687 1080 757 sompnis:
1100 687 1224 756 ‘Accipe
1245 705 1345 742 meum
1364 691 1433 742 bra-

269 771 372 838 chium,
385 771 481 840 accipe
494 787 587 825 meum
600 771 762 826 brachium.¹
793 772 848 826 Per
858 788 943 842 quam
956 787 1052 825 vooem
1065 769 1241 824 subitaneam
1255 771 1432 825 assistentes

241 853 426 924 adopdami,
444 853 630 909 dormientem
648 854 783 908 seminam
800 853 837 906 ad
856 853 979 923 vigiliam
995 853 1158 918 excitarunt,
1176 869 1270 922 eaque
1289 871 1433 923 experge-

268 937 352 1002 facta,
365 937 491 1006 protinus
504 935 645 1008 inquirunt
658 936 725 1006 quid
744 936 797 991 sibi
815 937 896 990 vellet
910 935 1016 989 clamor
1033 935 1160 989 emissus
1197 937 1237 989 At
1258 935 1327 990 illa:
1347 935 1432 1000 ‘Vin

270 1019 368 1091 inquit,
380 1019 452 1075 mire
471 1018 665 1092 pulcritudinis
681 1019 874 1074 sanctissimus
891 1017 989 1072 martir
1006 1017 1172 1071 Edmundus
1191 1035 1244 1087 per
1256 1018 1361 1072 tibiam
1382 1035 1432 1071 me

268 1101 373 1168 traxit;
391 1119 425 1158 ac
446 1113 476 1158 ut
494 1121 544 1173 per
563 1119 677 1156 manum
696 1119 742 1157 me
761 1103 921 1166 attraheret,
941 1101 1033 1170 ipsum
1053 1099 1158 1169 rogaui
1193 1101 1303 1154 Nonne
1326 1111 1356 1155 et
1378 1117 1433 1154 ons

269 1185 390 1241 eundem
412 1185 556 1240 vidistisi'
594 1185 653 1240 lllis
674 1195 769 1239 autem
789 1184 984 1250 exultantibus,
1001 1183 1106 1237 dictam
1125 1183 1252 1237 vetulam
1274 1193 1431 1237 erexerunt

227 1279 297 1328 rost
321 1267 419 1324 tibiam
443 1269 504 1324 eius
528 1268 606 1338 prius
629 1279 811 1334 contractam,
836 1277 963 1321 sanatam
994 1267 1176 1329 inuenerunt;
1200 1266 1280 1319 vnde
1307 1277 1337 1320 et
1358 1281 1431 1318 mox

268 1351 328 1407 sine
352 1351 447 1406 medio
471 1350 576 1406 viribus
601 1349 721 1422 propriis
745 1361 802 1405 tres
826 1351 930 1420 gradus
955 1365 1050 1403 coram
1078 1347 1208 1418 ymagine
1235 1345 1430 1416 [ascendens]

267 1433 442 1489 oblacionn
458 1451 538 1488 suam
555 1434 657 1489 deuote
674 1432 804 1500 situauit;
825 1449 859 1486 ac
874 1448 931 1487 non
948 1431 1089 1486 modicum
1106 1439 1169 1501 post
1184 1429 1214 1484 iu
1232 1431 1356 1485 brachio
1375 1447 1430 1485 suo

267 1517 361 1586 magni
375 1515 553 1572 releuaminis
565 1516 790 1572 consolacionem
804 1515 986 1588 probabiliter
997 1513 1115 1585 optinuit
1127 1523 1155 1568 et
1167 1513 1285 1583 recepit.

499 1679 548 1732 Da
567 1689 706 1733 turnum
724 1689 890 1733 sunmerso
907 1689 981 1730 vrrs
999 1687 1182 1732 nasuroro.

270 1791 399 1916 ANno
410 1807 466 1862 quo
483 1807 576 1862 supra,
589 1791 704 1862 quidam
718 1791 808 1845 inians
821 1790 857 1844 de
873 1789 986 1844 ciuitate
997 1787 1158 1843 eboracensi
1171 1787 1321 1854 oriundus,
1336 1789 1426 1844 etatis

225 1891 254 1942 ¹5
367 1873 430 1944 xviij
445 1873 672 1944 septimanarum,
686 1872 846 1928 submersus
859 1871 910 1926 luit
922 1871 951 1926 in
962 1872 1085 1942 quodam
1101 1888 1167 1925 vase
1184 1887 1260 1941 aqua
1279 1873 1379 1940 pleno,
1399 1883 1428 1926 et

267 1955 346 2029 quasi
365 1967 490 2010 mortuus
511 1955 641 2011 omnibus
661 1955 817 2010 astantibus
835 1953 970 2025 apparuit.
1001 1955 1083 2009 Vnde
1101 1965 1190 2008 mater
1206 1954 1268 2008 eius
1291 1965 1377 2010 stans
1397 1967 1426 2009 et

267 2039 383 2108 eiulans,
398 2049 426 2094 et
443 2039 558 2094 omnino
572 2040 608 2094 de
629 2037 687 2093 vita
709 2037 796 2108 ipsius
811 2038 973 2108 desperans,
992 2038 1112 2092 uouebat
1129 2046 1224 2091 tamen
1242 2037 1428 2094 confidenter

266 2122 379 2178 visitare
407 2121 542 2192 capellam
572 2121 662 2176 sandi
687 2121 830 2176 Edmundi
860 2119 936 2189 apud
960 2119 1125 2188 Waynlleet,
1149 2137 1236 2174 vnum
1267 2119 1425 2174 denarium

266 2205 414 2260 incoruans
428 2221 512 2274 super
524 2203 616 2274 capud
627 2203 675 2258 filii
689 2203 749 2259 sui:
769 2213 797 2258 et
813 2203 908 2259 statim
920 2202 1019 2258 reuixit
1031 2213 1060 2257 et
1071 2219 1156 2257 sanus
1167 2203 1287 2257 effectus
1299 2215 1355 2258 est.

363 2363 412 2417 De
430 2375 565 2428 Quonam
584 2375 657 2420 suo
676 2373 782 2419 nunno
800 2374 965 2418 suauunso
984 2373 1024 2416 er
1042 2373 1114 2417 vrrs
1133 2374 1320 2418 assurum.

222 2493 252 2530 ro
331 2475 398 2530 Nno
417 2475 585 2548 supradicto,
603 2475 718 2547 quidam
739 2493 807 2546 puer
827 2475 863 2530 de
884 2487 981 2530 sancto
1001 2476 1141 2546 Botulpho
1157 2476 1299 2546 proiectus
1315 2477 1372 2534 fuit
1393 2477 1421 2531 in

364 2569 475 2628 portum
501 2557 606 2614 ibidem
631 2558 666 2613 de
688 2559 815 2613 Withum
834 2559 982 2614 casualiter
1005 2559 1041 2615 de
1061 2575 1116 2613 vno
1138 2575 1232 2629 porco,
1253 2569 1282 2614 et
1309 2560 1419 2616 ibidem

264 2637 372 2694 diucius
386 2639 414 2694 in
428 2657 500 2710 aqua
513 2640 636 2698 existens
649 2641 690 2696 sic
701 2641 776 2712 quod
789 2641 937 2696 videbatur
949 2653 1080 2697 mortuus.
1112 2643 1245 2697 Parentes
1259 2659 1327 2698 vero
1339 2645 1419 2699 eius-

264 2721 328 2777 dem
342 2737 426 2792 super
437 2739 472 2777 eo
484 2722 620 2790 dolentes,
633 2723 668 2780 de
681 2723 796 2778 consilio
810 2724 963 2779 vicinorum
974 2726 1114 2781 vouebant
1131 2743 1194 2780 eum
1207 2726 1244 2780 ad
1257 2726 1419 2796 predictam

264 2804 402 2875 capellam
414 2821 421 2859 :
440 2814 468 2861 et
481 2821 546 2860 mox
556 2804 662 2876 integre
674 2806 819 2861 restitutus
831 2819 874 2863 est
886 2806 1007 2862 sanitati.

353 2963 403 3018 DE
421 2973 455 3028 vJ
474 2974 665 3020 peracturus
684 2975 719 3018 IN
740 2965 897 3020 HISPANIA
914 2978 935 3019 Α
953 2977 1101 3021 UINCULIS
1119 2977 1160 3020 ET
1176 2978 1325 3022 CARCERE

752 3055 924 3100 LlBERATIS.

220 3164 249 3214 ²5
271 3141 425 3266 EOdern
449 3153 692 3210 anno,vene1unt
717 3161 764 3199 sex
789 3144 926 3215 peregrini
950 3145 1061 3214 anglici,
1082 3145 1185 3200 scilicet
1207 3146 1340 3203 dominns
1369 3152 1414 3205 lo·

366 3225 473 3280 hannes
497 3225 532 3280 de
559 3227 644 3280 Brum
670 3228 831 3297 capellanus
853 3236 881 3282 et
906 3227 953 3282 alii
977 3229 1107 3300 quinque,
1128 3228 1164 3284 de
1189 3230 1299 3284 Bartor'r
1324 3243 1353 3287 et
1380 3235 1415 3288 de

263 3307 383 3361 Beuerle
403 3307 521 3375 oriundi,
539 3307 575 3363 de
593 3320 691 3364 sancto
707 3310 809 3364 Iacobo
828 3309 856 3365 in
870 3311 1064 3382 Compostellis
1079 3327 1175 3366 versus
1187 3313 1321 3382 Angliatn
1340 3313 1414 3386 [ten-

262 3387 373 3458 dentes]
396 3407 483 3460 vsque
503 3391 539 3445 ad
564 3390 706 3446 ciuitatem
725 3408 780 3462 que
801 3403 917 3448 vocatur
937 3396 1032 3462 Bures,
1054 3393 1082 3448 in
1105 3393 1281 3466 Hispannia:
1308 3398 1414 3471 inqua

262 3469 376 3541 quidem
393 3471 508 3527 ciuitate
525 3473 600 3544 capti
618 3475 727 3529 fuerunt
741 3483 875 3545 tanquam
887 3475 1001 3543 inimici,
1014 3487 1042 3532 et
1055 3477 1218 3532 incarcerati
1234 3489 1262 3532 et
1284 3479 1313 3534 in
1336 3499 1412 3538 com·

218 3577 249 3626 30
262 3551 380 3624 pedibus
397 3553 504 3609 sortiter
521 3555 605 3624 positi
615 3565 643 3612 et
662 3557 740 3627 lIgati
752 3574 802 3627 per
814 3575 849 3612 xv
862 3558 1043 3629 septimanas,
1055 3571 1083 3615 et
1101 3571 1205 3616 statuta
1221 3572 1282 3617 erat
1301 3565 1364 3620 dies
1385 3567 1411 3620 iu

262 3653 318 3707 qua
339 3636 500 3692 debuissent
523 3638 662 3694 decollari.
706 3641 788 3694 Tunc
812 3653 926 3696 sanctus
950 3643 1118 3698 Edmundus
1142 3645 1270 3714 apparuit
1301 3647 1357 3702 illis
1383 3650 1409 3703 in

261 3737 374 3776 carcere
392 3721 507 3776 reclusis
526 3731 608 3776 nocte
626 3724 801 3792 precedente,
814 3725 952 3780 mandans
973 3727 1014 3780 eis
1032 3737 1061 3780 vt
1080 3737 1224 3794 surgerent
1242 3738 1270 3782 et
1292 3745 1410 3801 peregre

262 3803 500 3873 proficiscerentur
518 3807 554 3859 ad
573 3806 710 3876 capellam
729 3824 809 3862 suam
828 3806 856 3861 in
875 3807 1015 3863 Wainflet.
1052 3809 1108 3877 Qui
1126 3808 1210 3864 motis
1226 3811 1360 3868 manibus
1378 3831 1411 3868 ac

260 3887 389 3957 pedibus,
414 3904 538 3958 voceque
566 3888 647 3944 huius
672 3889 769 3944 audita
793 3890 888 3945 statim
916 3908 934 3944 a
961 3892 1088 3947 cathenis
1115 3892 1206 3960 soluti,
1230 3905 1408 3950 surrexerunt

215 3992 247 4042 35
261 3969 419 4041 ostiumque
432 3971 551 4026 carceris
564 3983 691 4042 apertum
705 3971 878 4041 inuenerunt,
889 3991 952 4029 curn
966 3974 1095 4029 omnibus
1108 3975 1174 4042 suis,
1182 3974 1311 4030 videlicet
1326 3980 1409 4048 peris,

260 4053 376 4118 baculis,
396 4053 521 4110 vestibus
539 4065 566 4110 et
585 4055 763 4125 huiusmodI;
789 4067 816 4111 et
836 4057 989 4112 incolumes
1008 4058 1115 4129 absque
1137 4059 1340 4116 molestacione
1361 4079 1407 4116 seu

259 4137 422 4206 greuamine
439 4138 571 4207 Angliam
590 4138 761 4208 introierunt,
774 4140 933 4212 dictamque
952 4142 1089 4212 capellam
1101 4143 1203 4198 deuote
1215 4142 1407 4210 visitauerunt,

258 4227 287 4272 et
304 4235 388 4272 vnarn
407 4237 509 4274 nauem
528 4239 637 4277 ceream
655 4240 719 4277 cum
732 4241 786 4277 vno
804 4240 886 4278 cereo
902 4223 997 4294 magni
1016 4223 1156 4296 ponderis,
1174 4227 1211 4281 ad
1230 4227 1405 4296 agnicionern

259 4297 341 4430 huiuls
362 4299 488 4356 miraculi
509 4304 546 4358 ad
568 4304 703 4360 honorem
728 4305 773 4360 dei
798 4317 826 4362 et
850 4307 939 4362 sancti
962 4306 1083 4363 martiris
1103 4308 1248 4364 Edmundi
1266 4310 1406 4365 humiliter

211 4396 245 4447 4⁰
256 4387 324 4444 optu
336 4390 424 4434 erunt
