3062 4888
282 295 353 388 548
720 287 922 390 fllltnlit
951 289 1001 365 11.

279 493 400 566 potibus,
424 503 453 548 et
478 509 543 548 cum
568 491 671 548 fiducia
695 492 886 548 miseracionis
911 490 1019 548 domini
1044 490 1148 547 leuauit
1173 505 1237 546 eum
1261 499 1289 546 et
1313 499 1438 544 extensa

279 577 394 632 dextera
416 573 554 632 siceram¹
575 592 660 648 quam
685 576 848 632 continebat
869 575 985 646 proiecit
1007 575 1035 630 in
1058 575 1153 630 medio
1177 574 1373 628 flammarum:
1405 581 1439 626 et

279 660 381 714 mirum
406 659 491 726 dictu,
513 659 609 714 statim
633 659 769 714 diuinitus
792 659 912 716 extincte
932 668 1005 714 sunt.
1041 657 1233 728 iiCompleto
1252 657 1280 711 in
1302 654 1438 726 hospicio

279 743 388 799 dierum
408 743 587 814 quaternario
602 759 728 808 numero,
743 743 849 814 rapitur
868 743 896 797 in
916 741 1115 812 probatorium,
1134 751 1200 797 ante
1219 751 1315 795 tamen
1334 755 1437 794 coram

252 837 267 888 s
281 837 339 882 toto
351 836 492 882 conuentu
505 827 541 882 de
554 826 698 898 proposito
710 827 786 898 quod
802 825 968 898 spospondit
982 835 1156 892 conuentus:
1174 835 1203 880 et
1216 823 1254 878 ibi
1267 841 1390 896 quoque,
1404 831 1436 874 vt

280 909 357 978 alibi,
369 910 511 980 responsis
524 910 617 980 gracie
629 907 702 981 que¹
714 909 905 980 procedebant
917 909 953 964 de
964 925 1013 963 ore
1026 907 1108 972 illius,
1120 925 1218 964 omnes
1227 906 1383 962 commouit
1403 905 1435 959 in

281 993 386 1049 fletum.
425 993 458 1048 ln
475 993 634 1063 probatorio
649 1009 726 1060 vero,
739 1009 796 1048 non
812 992 895 1048 facile
912 990 1029 1048 dixerim
1048 991 1138 1062 qualis
1155 991 1293 1046 extiterit:
1312 989 1436 1059 singulis

279 1077 356 1132 enim
378 1076 495 1132 nouiciis
512 1093 577 1132 cum
593 1077 694 1148 quibus
711 1076 855 1144 manebat,
871 1075 1009 1130 attentius
1026 1091 1057 1130 se
1075 1074 1240 1140 bumiliauit,
1261 1083 1290 1130 et
1311 1090 1375 1129 sese
1394 1073 1436 1126 ad

281 1160 524 1230 comparacionem
542 1177 638 1216 eorum
657 1160 769 1230 penitus
788 1159 918 1214 deseruit.
957 1159 991 1212 ln
1008 1159 1062 1214 hoc
1080 1169 1175 1214 autem
1193 1157 1275 1213 valde
1294 1156 1435 1212 mirabilis

238 1247 268 1285 ¹0
281 1241 402 1298 innotuit
422 1242 498 1314 quod
519 1242 547 1296 in
571 1243 748 1314 prerogatiua
769 1242 902 1298 virtutum
927 1252 1082 1297 ceterarum
1106 1241 1247 1311 superauit
1270 1257 1380 1309 omnes,
1403 1240 1435 1294 in

279 1325 398 1381 caritate
417 1335 511 1380 autem
532 1325 597 1382 vicit
618 1343 649 1382 se
671 1327 781 1396 ipsum:
808 1327 862 1380 hoc
882 1343 948 1380 vero
968 1325 1074 1380 tociens
1090 1324 1151 1394 egit
1169 1323 1301 1396 quociens
1319 1323 1436 1395 proprie

280 1407 430 1464 voluntatis
442 1409 611 1464 eleccionem
624 1409 715 1466 aliene
732 1406 909 1480 postposuit⁸
921 1406 1091 1464 necessitati.
1129 1407 1159 1462 Si
1174 1407 1229 1462 boc
1240 1407 1325 1462 velim
1336 1407 1435 1462 verbis

279 1491 434 1561 exprimere
447 1491 581 1562 quociens
595 1492 785 1564 compleuerit‚
801 1493 887 1549 cicius
897 1492 982 1547 michi
993 1491 1127 1546 indiceret
1140 1490 1285 1546 silencium
1294 1491 1435 1561 temporis

280 1573 410 1642 defectio,
433 1592 520 1647 quam
550 1577 657 1632 numeri
686 1575 891 1647 multiplicacio.
944 1575 1059 1636 ilCum
1091 1574 1174 1645 igitur
1202 1583 1292 1630 totum
1324 1591 1435 1630 annum

238 1661 267 1714 15
280 1659 457 1728 expendisset
480 1659 508 1714 in
528 1659 600 1714 cella
619 1659 666 1715 vbi
684 1671 797 1730 tyrones
817 1659 921 1716 Christi
940 1659 1104 1730 probantur,
1120 1667 1186 1714 ante
1205 1659 1302 1726 altare,
1318 1668 1349 1714 vt
1368 1675 1435 1713 mos

279 1751 332 1810 est,
346 1743 374 1796 in
386 1743 505 1798 oratorio
517 1752 613 1798 votum
626 1759 707 1798 suum
720 1742 841 1798 firmauit
854 1743 1035 1814 professione,
1048 1741 1190 1797 habituali¹
1200 1742 1302 1797 deinde
1314 1742 1435 1797 vestitur

280 1827 396 1893 cuculla,
413 1825 524 1882 abbatis
543 1825 719 1883 sanctificata
735 1827 945 1893 benediccione,
961 1837 990 1882 et
1010 1825 1143 1896 deinceps
1164 1824 1192 1880 in
1212 1824 1436 1895 congregacione

280 1919 430 1979 reputatur.
466 1909 567 1980 tlQut
593 1910 682 1966 tribus
709 1911 910 1966 monachatum
934 1910 1086 1966 decorabat
1115 1909 1260 1979 insigniis:
1298 1909 1434 1964 videlicet

280 2003 378 2049 sancta
407 1993 602 2062 meditacione,
627 2011 697 2065 pura
724 1995 864 2062 oracione,
889 2005 917 2049 et
947 1995 1066 2049 honesta
1093 1991 1304 2048 exercitacione.
1340 1993 1434 2047 Extra

236 2077 380 2132 roborum
400 2093 486 2132 vnum
511 2087 636 2148 repertus
661 2087 704 2133 est
728 2093 900 2148 numquam:
929 2086 977 2132 aut
1000 2075 1078 2132 enim
1102 2076 1291 2132 meditabatur
1315 2077 1343 2131 in
1369 2077 1433 2146 lege

280 2160 385 2224 diuina,
407 2170 455 2215 aut
475 2161 559 2216 deum
579 2177 660 2216 suum
681 2161 892 2231 deprecabatur,
914 2169 962 2215 aut
986 2159 1046 2214 vtili
1066 2158 1174 2214 accioni
1195 2175 1314 2230 operam
1334 2161 1432 2215 dabat.

279 2243 332 2298 Vix
351 2243 502 2314 aliquando
518 2243 608 2300 orauit
627 2244 687 2300 sine
704 2243 844 2310 lacrimis:
867 2244 1019 2308 ‘Lacrima
1038 2242 1135 2314 iuquit,
1153 2241 1257 2298 indicia
1273 2253 1337 2299 sunt
1353 2244 1432 2314 cogi-

279 2325 398 2382 tacionis
418 2327 548 2397 perfecte,
567 2327 680 2382 lacrima
702 2327 860 2398 legaciones
880 2327 1003 2382 existunt
1024 2325 1095 2381 inter
1115 2326 1199 2382 deum
1223 2337 1251 2382 et
1276 2326 1431 2392 hominem,

279 2409 393 2466 lacrime
418 2419 507 2465 totum
531 2411 625 2467 cordis
653 2412 775 2482 produnt
803 2411 943 2477 affectum,
968 2410 1083 2466 lacrime
1111 2409 1157 2465 dei
1187 2411 1364 2466 voluntatem
1392 2410 1430 2465 ad

236 2505 265 2557 ³⁵
279 2492 403 2547 animam
433 2492 582 2562 nunciant3
611 2494 670 2550 sine
697 2493 819 2550 lacrimis
849 2494 942 2549 oracio
972 2494 1061 2549 nubes
1091 2493 1143 2548 celi
1174 2493 1343 2563 pertransire
1373 2510 1432 2548 non

279 2575 397 2630 sufficit!
432 2576 471 2630 At
495 2576 539 2632 ille
564 2586 654 2632 totam
678 2577 779 2634 faciem
804 2577 872 2632 lauit
897 2576 1012 2632 fletuum
1036 2577 1122 2640 fonte,
1147 2592 1213 2630 curn
1236 2577 1354 2632 domino
1378 2595 1430 2633 suo

278 2659 451 2729 loqueretur:
478 2667 567 2714 totum
589 2661 717 2716 ardorem
734 2661 885 2716 affectuum
902 2661 1056 2716 carnalium
1077 2659 1193 2716 extinxit
1213 2677 1277 2716 cum
1297 2660 1431 2728 lacrimis,

278 2751 307 2796 et
328 2759 390 2797 sese
410 2743 501 2796 leuem
519 2743 640 2800 reddidit
661 2745 829 2816 facilemque
846 2744 884 2799 ad
903 2759 1018 2814 superos
1037 2742 1194 2798 saliendum
1213 2761 1278 2799 cum
1295 2744 1431 2800 voluisset

278 2841 364 2881 orare
403 2825 488 2880 Vnde
502 2826 607 2882 factum
623 2838 666 2884 est
682 2837 712 2882 vt
727 2845 793 2898 sepe
812 2826 840 2882 in
862 2827 993 2882 oracione
1012 2826 1172 2897 agonizans,
1184 2838 1213 2883 et
1229 2839 1431 2898 contempnens

234 2918 266 2969 30
278 2918 380 2964 terram
397 2919 425 2964 et
443 2925 547 2980 eaque
566 2909 594 2964 in
613 2910 694 2966 terris
712 2911 849 2976 videntur,
867 2909 981 2980 insuper
998 2920 1027 2965 et
1045 2909 1177 2980 seipsum.
1193 2911 1230 2965 ad
1250 2911 1430 2966 salutandum

278 2993 363 3048 deum
384 2991 504 3062 perrexit
527 2993 555 3048 in
577 3004 709 3061 montem,
734 2993 820 3048 immo
842 2993 914 3048 iuter
934 2994 1025 3048 celum
1047 2993 1256 3064 quodammodo
1277 3004 1305 3050 et
1327 3003 1430 3050 terram

278 3075 443 3146 dependens
460 3075 546 3132 dixit:
566 3076 718 3144 ‘Domine,
738 3085 880 3131 memento
899 3076 963 3144 mei,
983 3075 1049 3147 quia
1067 3076 1158 3147 puluis
1178 3093 1249 3144 sum,
1267 3087 1311 3132 set
1330 3087 1429 3132 ventus

278 3158 441 3214 dileccionis
462 3169 516 3226 tue,
539 3159 622 3215 flatus
640 3159 771 3214 videlicet
792 3159 907 3229 spiritus
927 3160 1027 3228 sancti,
1050 3176 1095 3215 me
1115 3176 1203 3231 vsque
1224 3162 1280 3216 huc
1301 3160 1427 3232 impulit:

278 3241 335 3296 noli
349 3257 394 3296 me
406 3251 480 3296 retro
494 3243 627 3311 repellere
642 3244 685 3297 vel
703 3241 871 3312 precipitare
886 3243 1025 3308 deorsum,
1039 3241 1105 3314 quia
1123 3243 1230 3298 bonum
1242 3253 1286 3300 est
1299 3243 1345 3298 hic
1357 3260 1427 3308 esse,

234 3331 265 3380 35
277 3333 307 3378 et
325 3340 390 3378 vere
408 3324 574 3379 iocundum.¹
613 3327 679 3380 Post
699 3325 860 3381 oracionem
879 3342 945 3380 vero
963 3325 1048 3380 talem
1069 3335 1182 3396 tamque
1201 3343 1316 3382 suauem
1337 3327 1428 3382 eleua-

279 3405 398 3473 cionem‚
420 3406 499 3476 quasi
524 3406 561 3462 de
585 3425 688 3478 magno
711 3408 808 3462 labore
832 3407 964 3478 venisset,
988 3409 1081 3464 lassus
1104 3419 1133 3464 et
1162 3409 1249 3465 tristis
1278 3409 1428 3478 plangebat

279 3489 433 3558 dampnum
457 3489 658 3559 descensionis,
683 3501 711 3546 et
736 3490 865 3560 cogitans
888 3491 1093 3562 assumpcionis
1117 3491 1235 3561 gloriam
1261 3493 1427 3563 suspirabat.

281 3570 434 3628 Meditacio
454 3571 515 3628 eius
535 3573 681 3628 solomodo
702 3573 739 3629 ibi
759 3574 915 3630 ducebatur
934 3573 981 3629 vbi
999 3591 1056 3630 non
1076 3575 1235 3630 transitoria
1252 3576 1351 3642 fluunt,
1371 3593 1427 3630 non

279 3671 353 3709 vana
371 3653 536 3720 fumascunt,
554 3673 611 3710 non
629 3666 807 3727 perstrepunt
825 3655 958 3727 peritura,
974 3674 1031 3712 non
1052 3657 1154 3712 nociua
1172 3657 1347 3728 contingunt.
1382 3659 1427 3714 Ad

234 3753 267 3805 40
280 3739 364 3794 deum
383 3747 410 3793 et
427 3739 464 3793 ad
484 3738 570 3794 filium
586 3737 646 3794 eius
663 3755 745 3794 omne
762 3740 847 3795 robur
865 3739 1046 3809 cogitacionis
1063 3757 1113 3796 sue
1129 3741 1305 3808 refundebat,
1322 3753 1350 3797 et
1367 3753 1426 3798 tan·

280 3839 365 3893 quam
388 3821 583 3890 longissimum
607 3822 685 3876 filum
709 3822 863 3878 inseruerat
884 3823 1014 3879 crucifixo
1040 3824 1161 3891 Christo,
1180 3825 1259 3880 cuius
1283 3825 1368 3881 linem
1390 3827 1427 3881 ad

281 3905 376 3962 sedem
395 3905 441 3960 dei
459 3904 547 3976 patris
565 3905 725 3973 reflexerat:
751 3905 829 3960 filum
847 3923 915 3975 ergo
933 3907 1050 3962 dixerim
1075 3905 1264 3963 intencionem
1288 3907 1357 3964 eius.
1394 3911 1426 3964 ln

280 4005 364 4059 opere
376 4005 510 4042 manuum
522 4005 578 4044 non
594 3987 768 4043 turbulenter
784 4005 815 4042 se
831 3999 898 4044 ante
913 3989 984 4044 alios
998 3987 1099 4060 ingerit
1114 4001 1142 4045 et
1160 3991 1323 4046 indecenter
1333 3991 1425 4062 agitat,

280 4089 337 4126 non
348 4071 495 4141 inpingens
505 4071 571 4126 binc
584 4071 648 4126 inde
662 4069 690 4125 in
703 4073 867 4138 monachos,
880 4090 976 4128 verum
986 4089 1051 4128 curn
1060 4074 1233 4129 exultacione
1243 4075 1426 4146 laudabilique

235 4167 266 4219 45
281 4153 409 4208 mucione
427 4155 616 4208 membrorum
633 4153 793 4223 aggreditur
814 4155 950 4210 hillariter
968 4172 1023 4227 que
1042 4157 1178 4212 iubentur.
1222 4157 1277 4228 Qui
1300 4175 1371 4228 opus
1388 4157 1425 4214 ibi

281 4235 378 4306 incipit
392 4247 420 4291 et
433 4235 471 4291 ibi
487 4236 628 4292 concludit
647 4253 704 4308 quo
721 4237 811 4294 tendit
829 4237 951 4294 iubentis
971 4238 1192 4310 imperiumne:
1206 4239 1278 4296 vltra
1293 4257 1347 4296 nec
1361 4241 1426 4298 citra

379 4343 388 4373 ¹
405 4343 460 4394 MS.
473 4345 589 4394 sinerem.
789 4343 800 4378 ¹
818 4345 873 4397 MS.
884 4345 924 4396 de.
1122 4345 1177 4397 MS.
1195 4347 1333 4413 preposuit.
