3028 4894
267 297 338 390 38²
579 293 710 382 ama
736 290 929 396 {menna
953 291 1104 396 atteia

265 503 393 568 paratos.
429 491 543 550 Verum
568 492 708 550 omnibus
731 493 818 550 vobis
842 493 872 550 in
894 493 1003 552 virtute
1023 493 1203 564 obedientie,
1224 495 1292 552 sub
1318 494 1430 552 ordinis

264 583 358 640 vestri
374 581 514 656 periculo,
534 582 590 638 hoc
611 581 733 638 inhibeo
753 599 791 638 ne
813 581 958 655 deinceps
978 582 1122 640 intersitis
1143 583 1253 640 iuditio
1275 601 1348 657 qno
1368 599 1430 638 mea
1489 569 1490 622 i

264 687 395 744 persona
407 669 562 727 iudicetur.
598 669 687 740 Quod
705 669 795 727 etiam
815 687 854 726 ne
873 669 992 738 faciatis,
1006 687 1161 726 romanam
1180 681 1324 728 matrem
1340 671 1430 727 eccle-

264 758 339 816 siam
365 757 494 831 appello.
533 757 571 814 Et
595 757 621 814 si
646 757 798 814 seculares
821 773 928 814 manus
950 758 1106 815 iniecerint
1126 757 1156 814 in
1178 775 1241 828 me,
1263 760 1301 816 in
1322 759 1430 815 virum

237 861 252 912 ι
265 847 434 903 obedientie
451 845 586 919 precipio
598 854 629 903 vt
643 862 699 918 pro
716 856 803 918 patre
815 857 916 902 vestro
934 855 965 901 et
984 845 1195 918 archipresule,
1209 863 1314 918 quam
1336 848 1431 912 decet¹

264 932 497 992 ecclesiasticam
506 933 674 990 exerceatis
683 950 852 990 censuram.
873 932 975 990 Vnum
986 943 1086 990 autem
1096 934 1196 990 sciatis
1209 937 1313 1006 quod,
1324 935 1432 991 srenrar

265 1023 408 1092 mundus,
430 1030 539 1078 tremat
562 1038 682 1094 corpus,
703 1039 772 1078 caro
798 1021 924 1087 infirma,
946 1039 1004 1094 ego
1027 1031 1127 1077 autem
1149 1019 1278 1079 fauente
1305 1021 1432 1078 domino

265 1127 321 1167 nec
344 1109 473 1184 turpiter
496 1109 610 1175 cedam,
635 1126 691 1166 nec
715 1109 861 1166 creditum
884 1109 957 1164 mihi
982 1127 1105 1182 gregem
1125 1111 1323 1167 enormiter¹
1345 1111 1431 1166 dere-

266 1197 415 1272 linquam!
452 1197 577 1270 Citoque
596 1197 716 1254 intrauit
728 1197 894 1263 ecclesiam,
907 1205 937 1252 et
950 1197 1073 1254 missam
1086 1199 1125 1254 de
1140 1207 1247 1253 sancto
1263 1199 1431 1272 Stephano

223 1303 253 1338 ιο
265 1285 436 1356 celebrauit,
456 1295 558 1359 preter
576 1300 693 1340 morem
714 1301 783 1340 cum
805 1284 902 1358 pallio.
939 1285 1007 1354 Qua
1026 1294 1155 1357 peracta,
1174 1285 1310 1342 indutus
1337 1285 1432 1342 sacris

265 1373 409 1443 vestibus,
431 1389 505 1446 capa
529 1372 657 1430 clericali
679 1373 872 1446 superiecta¹,
894 1373 1041 1446 processit
1062 1374 1100 1429 ad
1122 1374 1237 1430 curiam
1261 1376 1374 1448 regis;
1402 1383 1430 1428 et

265 1461 406 1535 quoniam
419 1461 542 1518 timebat
554 1469 585 1518 vt
598 1461 698 1530 homo,
711 1461 788 1518 clam
804 1460 1014 1518 eucharistiam
1028 1477 1131 1518 secum
1150 1462 1342 1534 deportauit.
1382 1461 1429 1516 Ad

266 1549 375 1606 ostium
395 1565 467 1606 vero
487 1565 606 1605 camere
625 1547 706 1621 regis
725 1565 847 1605 crucem
869 1551 899 1604 in
926 1565 1016 1605 manu
1038 1547 1198 1621 accipiens,
1219 1549 1430 1622 sequentibus

266 1635 426 1710 episcopis,
455 1635 603 1692 baiulauit.
641 1635 680 1692 Et
709 1653 777 1692 cum
804 1635 1020 1693 Heriordensis
1051 1637 1133 1693 illam
1158 1635 1283 1694 deleme
1317 1637 1428 1694 vellet:

223 1739 254 1791 ¹⁵
268 1723 390 1782 ‘iustius
403 1733 458 1794 est,
468 1724 517 1794 ait,
530 1741 579 1780 me
592 1723 689 1796 ipsam
701 1723 829 1790 deferre,
842 1723 899 1780 sub
912 1724 995 1780 cuius
1007 1723 1190 1796 protectione
1203 1734 1292 1781 tutus
1306 1739 1427 1786 maneo.

266 1822 296 1870 et
323 1813 389 1870 eius
412 1813 477 1870 viso
500 1811 610 1868 vexillo
634 1828 695 1868 non
723 1820 770 1868 est
795 1810 867 1868 mihi
892 1811 1086 1868 dubitandum
1111 1813 1167 1868 sub
1194 1829 1255 1885 quo
1282 1811 1427 1886 principe

267 1901 408 1958 militem!
473 1888 557 1959 Cum
570 1909 669 1956 autem
684 1915 739 1956 rex
751 1899 789 1956 de
799 1899 863 1955 viro
876 1899 924 1956 dei
938 1915 1060 1971 grauem
1074 1898 1266 1972 deposuisset
1280 1900 1427 1957 omnibus

266 1989 493 2062 querimoniam,
524 2005 631 2044 omnes
661 1987 775 2060 passim
806 1987 989 2060 proditorem
1020 2004 1088 2043 eum
1118 1987 1344 2056 acclamabant,
1377 1987 1424 2060 qui

267 2077 389 2134 domino
406 2094 461 2133 suo
480 2075 579 2150 regia
591 2093 650 2148 quo
662 2084 707 2131 tot
719 2084 749 2132 et
760 2084 843 2132 tanta
856 2075 935 2130 bona
947 2083 1111 2148 acceperat,
1121 2093 1182 2130 non
1196 2075 1257 2131 iam
1271 2076 1425 2132 honorem

224 2179 256 2217 ιο
268 2175 431 2232 terrenum,
441 2167 516 2220 sicut
529 2164 686 2231 iurauerat,
700 2171 871 2219 seruasset:
891 2173 920 2218 et
933 2172 1093 2235 propterea
1106 2161 1136 2218 in
1148 2179 1218 2219 eum
1232 2173 1384 2237 tanquam
1395 2163 1423 2216 in

268 2252 348 2326 regis
361 2253 514 2324 periurum
528 2261 557 2308 et
570 2250 752 2324 proditorem
765 2249 1074 2306 animaduertendum.
1099 2249 1175 2306 Cum
1188 2259 1293 2307 autem
1308 2247 1424 2307 ostiarii

267 2357 336 2397 cum
349 2339 441 2412 virgis
454 2349 484 2397 et
502 2339 615 2395 baculis
627 2339 665 2395 de
681 2337 823 2396 cenaculo
836 2339 867 2394 in
879 2356 940 2412 quo
953 2355 1006 2395 rex
1019 2347 1083 2394 erat
1096 2355 1164 2394 cum
1177 2355 1292 2411 magno
1306 2340 1422 2410 impetu

268 2427 496 2485 descendissent
520 2439 550 2484 et
571 2427 653 2484 vultu
676 2426 783 2482 minaci
805 2435 835 2482 et
856 2425 956 2498 digitis
980 2427 1114 2483 extensis
1138 2443 1246 2482 versus
1269 2427 1423 2498 archiepi-

269 2533 394 2587 scopum
414 2514 629 2587 respexissent,
642 2515 688 2570 vir
706 2514 755 2571 dei
775 2513 914 2571 inclinato
932 2515 1030 2586 capite
1049 2515 1167 2570 sedenti
1185 2515 1225 2571 ad
1243 2517 1347 2586 pedes
1363 2515 1421 2570 dis·

226 2623 256 2673 ²5
269 2599 367 2672 cipulo
385 2598 442 2655 ait:
470 2598 591 2655 ‘Timeo
606 2599 665 2655 iam
682 2597 744 2654 tibi.
780 2597 1018 2671 Vemmptamen
1037 2606 1069 2653 tu
1088 2615 1149 2653 non
1167 2596 1296 2654 timeas:
1323 2599 1422 2656 adhuc

269 2687 351 2744 enim
370 2703 480 2743 corone
499 2703 567 2743 mee
583 2686 735 2758 particeps
754 2685 830 2742 eris!
867 2684 921 2742 Cui
939 2685 1005 2742 ille:
1026 2685 1106 2741 ‘Nec
1119 2684 1179 2753 tibi,
1193 2685 1297 2757 inquit,
1311 2689 1422 2743 timen-

269 2776 349 2842 dum,
372 2791 427 2830 nec
448 2773 540 2830 mihi:
571 2773 701 2831 Erexisti
722 2773 803 2830 enim
826 2773 925 2830 nobile
947 2772 1020 2829 illud
1039 2782 1070 2830 et
1088 2773 1270 2844 triumphale
1289 2776 1421 2848 signum,

270 2863 352 2920 omni
371 2861 511 2936 potestati
529 2869 667 2918 sanctum
683 2870 715 2918 et
735 2860 876 2929 terribile,
895 2862 925 2917 in
948 2878 1007 2934 quo
1026 2860 1111 2916 multi
1130 2860 1223 2916 multa
1240 2861 1323 2918 bella
1343 2862 1421 2918 vice-
1485 2909 1486 2924 ,

270 2951 357 3007 runt!
396 2948 476 3005 Dum
498 2949 553 3006 hec
578 2949 781 3021 loquerentur,
800 2947 928 3022 procidit
947 2947 1121 3005 exoniensis
1141 2949 1306 3020 episcopus
1330 2967 1366 3007 se
1384 2947 1419 3003 ad

226 3067 258 3117 30
269 3037 366 3111 pedes
378 3037 480 3106 sancti,
488 3046 518 3093 et
531 3036 588 3094 ait:
609 3035 723 3104 ‘Palen
731 3037 876 3093 miserere
889 3035 931 3092 tui
942 3046 974 3092 et
986 3035 1080 3092 nostri
1093 3055 1100 3092 ι
1114 3052 1220 3092 omnes
1232 3037 1316 3093 enim
1331 3035 1419 3094 hodie

270 3133 441 3198 propterte
460 3123 602 3197 perimus.
641 3123 721 3180 Exiit
739 3141 869 3195 namque
888 3125 1018 3180 edictum
1038 3141 1056 3178 a
1077 3140 1148 3196 rege
1165 3132 1198 3179 vt
1216 3124 1267 3196 qui
1288 3123 1418 3197 amplius

269 3221 369 3270 tecum
382 3213 506 3280 steterit,
519 3210 674 3284 publicus⁸
687 3211 781 3268 hostis
799 3211 953 3277 iudicetur,
967 3211 997 3266 in
1016 3211 1112 3283 capite
1130 3209 1311 3283 puniendus.
1352 3211 1418 3268 Dic-

270 3310 394 3373 tumque
418 3310 465 3357 est
485 3301 565 3372 quod
585 3299 818 3356 saresboriensis
838 3308 868 3355 et
889 3298 1085 3355 norwicensis
1107 3298 1242 3370 episcopi
1259 3298 1361 3356 statim
1382 3296 1416 3354 ad

271 3387 450 3461 supplicium
463 3389 626 3456 trahentur,
639 3389 670 3444 in
684 3387 829 3444 membris
845 3387 1019 3443 mutilandi!
1057 3385 1181 3443 Intuens
1194 3387 1225 3442 in
1239 3404 1310 3443 eum
1323 3384 1416 3444 archi·
1489 3373 1490 3386 ¹

226 3493 257 3544 35
271 3477 441 3550 episcopus,
454 3476 510 3534 ait:
524 3479 532 3507 ‘
545 3475 644 3549 Fuge:
659 3475 800 3548 quianon
814 3475 896 3547 sapis
906 3474 986 3547 [ea]⁴
999 3492 1057 3547 que
1071 3474 1119 3531 dei
1132 3475 1220 3530 sunt'
1280 3463 1412 3532 Demum

271 3563 343 3621 inito
355 3565 393 3620 ab
406 3563 555 3636 episcopis
568 3563 699 3628 consilio,
707 3572 810 3620 contra
823 3562 1080 3634 archiepiscopum
1093 3562 1130 3618 ad
1144 3579 1300 3618 romanam
1314 3565 1414 3620 sedem
1489 3599 1490 3602 ι

271 3654 311 3710 de
329 3652 451 3725 periurii
469 3650 593 3708 crimine
610 3651 808 3724 appellarunt,
821 3659 851 3707 et
871 3649 979 3723 [regiP
991 3649 1022 3705 in
1040 3649 1123 3705 verbi
1142 3648 1276 3706 veritatis
1289 3649 1414 3722 promis·

271 3740 357 3798 sione
376 3757 410 3797 se
429 3739 596 3812 obligarunt
615 3756 737 3796 omnem
756 3756 880 3811 operam
902 3740 940 3795 ad
959 3737 1174 3811 archiepiscopi
1194 3737 1409 3809 depositionem
1489 3735 1490 3796 l

270 3845 327 3902 pro
339 3827 453 3885 viribus
466 3827 660 3897 adhibituros,
673 3827 698 3883 si
716 3843 770 3883 rex
780 3843 833 3883 eos
846 3827 882 3882 ab
896 3827 951 3882 hoc
964 3827 1045 3899 quod
1055 3835 1124 3882 tunc
1137 3825 1309 3882 immineret
1322 3823 1412 3882 archi·

226 3934 260 3983 40
272 3915 395 3989 presuli,
414 3915 584 3972 absolueret
602 3914 718 3972 iudicio.
755 3913 793 3970 Et
809 3921 1002 3971 accesserunt
1020 3915 1057 3970 ad
1075 3912 1172 3969 virum
1190 3911 1249 3980 dei,
1264 3913 1411 3970 dicentes:

273 4004 449 4076 ‘Quondam
466 4001 548 4059 suisti
566 4011 669 4059 noster
687 4001 942 4076 archiepiscopus,
959 4009 989 4058 et
1005 4002 1184 4057 tenebamur
1202 4000 1255 4057 tibi
1277 4001 1411 4058 obedire:

271 4094 327 4150 sed
346 4092 415 4164 quia
433 4091 554 4148 domino
567 4091 630 4164 regi
650 4090 753 4148 iurasti
772 4089 954 4160 fidelitatem,
974 4090 1029 4146 hoc
1049 4097 1095 4146 est
1113 4088 1215 4157 vitain,
1234 4090 1371 4146 membra
1387 4094 1410 4143 el

272 4189 426 4236 terrenum
443 4179 597 4250 honorem,
611 4188 640 4236 et
659 4178 892 4236 consuetudines
911 4193 982 4234 suas
997 4177 1209 4246 obseruandas,
1222 4186 1252 4233 et
1264 4185 1296 4233 tu
1313 4173 1410 4234 niteris

304 4367 534 4418 ¹E.enormitam.
600 4366 794 4418 ’Esublecta
860 4366 1047 4431 ’Epublicia
1112 4365 1230 4417 ‘omia
1242 4365 1272 4416 E.
1305 4364 1381 4416 'oua
