3062 4888
111 342 170 394 xrs,
185 343 257 392 aon.
272 342 340 409 240.]
380 307 455 400 Di
471 303 531 395 ἦ.
549 305 767 391 &botunto
782 316 877 405 taut
894 309 933 389 tt
949 309 1139 404 mutivit.
1190 308 1259 377 601

114 511 327 581 Perpendentes
343 521 438 564 autem
454 508 581 580 nepharii
598 506 673 577 regis
689 506 870 574 ferocitatem,
887 523 942 561 non
959 506 1050 561 solum
1065 504 1156 569 vicini,
1168 520 1266 558 verum

114 593 208 648 eciam
227 593 322 649 accole
341 593 431 649 tocius
444 591 598 661 Estanglie‚
611 609 675 645 cum
688 590 873 645 luminaribus
889 588 939 659 [et]
953 589 1130 644 oblacionurn
1144 587 1216 642 votis
1228 586 1266 640 ad

112 675 262 730 basilicam
287 676 329 730 sui
353 676 427 745 regis
451 685 478 730 et
505 673 626 729 martiris
651 673 795 728 Edmundi
820 671 944 727 unanimi
969 671 1131 738 deuocione,
1155 668 1266 738 vigiliis,

115 757 227 813 ieiuniis
239 767 268 813 et
281 757 457 815 oracionibus
471 757 636 824 insistendo,
649 756 812 812 cateruatim
826 773 857 810 se
875 756 1027 822 conserunt,
1040 755 1125 808 deum
1142 771 1191 824 per
1205 753 1266 808 eius

114 841 217 896 merita
230 841 350 910 rogaturi
364 841 494 912 quatinus
504 841 599 910 iugum
612 837 730 894 durum¹
748 837 929 908 captiuitatis,
943 839 1018 908 quod
1032 838 1087 892 iarn
1106 838 1265 907 perdecem
1279 849 1293 898 5

115 939 208 978 annos
229 934 257 978 et
277 925 397 994 amplius
419 922 523 992 Anglia
544 923 723 992 gemebunda
744 931 928 988 contraxerat,
949 919 1053 990 potenti
1075 921 1177 974 virtute
1199 936 1266 974 con-

115 1013 235 1073 tereret;
249 1006 530 1076 Ayelwynumeciam
539 1006 710 1061 monachum
721 1003 971 1073 rogauerunt-qui
981 1013 1056 1058 tante
1065 1002 1228 1058 deuocionis
1237 1011 1266 1056 et

116 1087 282 1142 dileccionis
306 1088 400 1158 gracia
419 1089 495 1160 apud
516 1105 580 1143 eum
606 1088 783 1157 vigebat—vt
806 1087 843 1140 ad
868 1087 1026 1156 sepulcrum
1047 1086 1108 1140 eius
1128 1086 1266 1140 accedens

116 1172 301 1226 necessitates
322 1181 350 1226 et
371 1171 516 1240 angustias
538 1188 603 1225 suas
625 1187 720 1226 coram
744 1185 778 1223 eo
799 1171 940 1238 allegaret,
962 1178 990 1222 et
1015 1179 1044 1222 ut
1069 1167 1128 1238 ipse
1153 1176 1266 1222 sanctus

117 1265 255 1309 nocturna
276 1255 450 1310 reuelacione
470 1271 547 1308 more
566 1253 649 1308 solito
670 1270 726 1307 non
748 1254 838 1306 solum
857 1251 922 1305 stile
939 1268 1106 1321 responsum
1123 1250 1191 1304 dare
1208 1265 1265 1304 non
1282 1267 1312 1302 ιο

117 1337 251 1406 differret,
269 1347 312 1392 set
330 1337 421 1394 eciam
433 1338 508 1392 viam
527 1335 673 1392 leuaminis
691 1344 718 1389 et
738 1334 846 1390 consilii
865 1333 1026 1389 salubrioris
1039 1333 1200 1398 remedium,
1214 1332 1266 1386 im-

117 1430 247 1490 petraret
286 1422 358 1475 Cum
377 1419 461 1490 igitur
477 1421 632 1475 monachus
654 1419 699 1474 ille
718 1419 841 1488 quadam
859 1427 941 1472 nocte
961 1416 1053 1486 sopori
1074 1434 1104 1472 se
1124 1415 1265 1471 dedisset:

118 1513 234 1557 sanctus
250 1503 420 1558 Edmundus
437 1503 525 1558 astitit
543 1503 568 1557 ei
587 1503 671 1557 niuea
686 1503 758 1556 stola
778 1499 957 1571 prefulgidus,
976 1502 1055 1555 vultu
1076 1499 1192 1566 hillaris,
1211 1515 1268 1554 ser·

117 1601 201 1640 mone
222 1585 366 1654 iucundus,
379 1585 493 1642 dicens:
524 1586 620 1641 ‘Vade
636 1585 673 1639 ad
690 1601 783 1653 regem
803 1586 938 1652 Suanum,
956 1583 1009 1637 hec
1030 1582 1068 1637 illi
1086 1600 1120 1637 ex
1136 1599 1185 1637 ore
1204 1598 1268 1636 meo

117 1667 253 1723 mandata
272 1669 430 1738 perferens:
454 1667 584 1739 “thuid
601 1684 685 1722 vexas
702 1666 833 1738 pusillum
850 1682 962 1735 gregem
977 1683 1081 1733 meum,
1097 1665 1267 1736 imponendo
1284 1683 1311 1732 ¹⁵

119 1747 215 1820 iugum
232 1753 309 1820 quod
327 1753 381 1807 sub
402 1752 478 1807 nullo
498 1762 606 1806 traxere
626 1751 743 1821 regum?
769 1749 927 1818 Vectigales
946 1765 1009 1804 esse
1029 1765 1173 1820 nunquam
1194 1748 1268 1803 didi·

118 1843 225 1900 cerunt,
246 1832 380 1888 tributum
402 1834 510 1890 soluere
531 1851 708 1904 nequaquam
729 1841 942 1900 consueuerant,
965 1847 1017 1886 uec
1038 1831 1201 1902 requisitum
1223 1831 1267 1886 vel

118 1918 290 1985 persolutum
311 1917 362 1971 fuit
384 1927 447 1987 post
471 1935 517 1971 me
542 1915 635 1987 aliquo
658 1933 754 1970 eorum
779 1925 912 1984 ternpore.
948 1913 969 1970 tl
994 1915 1178 1985 Quapropter,
1200 1915 1267 1968 dum

119 1999 191 2067 licet,
205 1999 338 2054 iniustam
353 1999 526 2056 sentenciam
541 1999 663 2069 corrige:
684 2017 719 2054 ne
735 1998 815 2063 forte,
827 2015 890 2052 cum
903 1996 1031 2062 volueris,
1045 1995 1160 2050 minime
1176 1995 1267 2050 liceat.

120 2082 229 2151 Quodsi
247 2099 311 2137 mea
331 2081 438 2137 monita
456 2100 513 2137 non
532 2082 675 2150 reuereris‚
689 2092 716 2135 et
735 2080 772 2136 ab
790 2082 843 2135 hac
862 2079 1045 2134 infestacione
1059 2091 1088 2135 te
1106 2079 1191 2135 cicius
1210 2096 1267 2133 non
1282 2097 1313 2132 ao

119 2181 274 2233 remoueas,
287 2181 373 2236 prope
385 2183 538 2235 cognosces
554 2166 629 2236 quod
642 2165 697 2220 deo
713 2163 853 2233 michique
872 2163 1019 2232 displices:
1040 2163 1106 2234 quia
1121 2161 1268 2232 Estanglie

118 2265 164 2300 me
190 2248 364 2303 defensorem
389 2248 537 2318 experieris
561 2247 765 2304 attrectatus.”'
801 2246 890 2315 Igitur
913 2245 1073 2315 Ayelwinus
1097 2245 1194 2300 diuino
1218 2247 1268 2300 ad·

119 2330 244 2386 monitus
275 2332 386 2385 oraculo
411 2331 555 2400 imperatis
579 2331 784 2396 obsecundans,
812 2330 935 2383 laborem
964 2328 1071 2384 itineris
1099 2329 1267 2400 aggreditur.

120 2415 249 2468 Tandem
266 2414 343 2483 apud
360 2415 580 2484 Geynesburghe
602 2431 697 2483 regem
716 2417 841 2470 Suanum
863 2412 1012 2482 reperiens,
1031 2430 1065 2466 ex
1087 2422 1165 2482 parte
1178 2409 1267 2467 sancti

120 2495 275 2562 Edmundi,
305 2493 402 2550 humili
428 2497 564 2567 premissa
593 2497 773 2561 salutacione,
798 2494 949 2565 legacionis
979 2512 1030 2550 sue
1058 2512 1174 2550 causam
1203 2512 1267 2565 pro·
1283 2513 1312 2562 ²5

120 2578 253 2647 sequitur,
273 2579 417 2634 miscendo
439 2579 515 2635 duris
536 2581 640 2635 blanda
661 2589 704 2635 set
727 2590 756 2634 et
781 2578 937 2634 mitissimis
961 2579 1148 2633 demulcendo
1168 2595 1268 2649 aspera

120 2662 285 2716 mandatum
307 2662 428 2717 martiris
450 2662 562 2730 indicat,
587 2662 717 2717 videlicet
741 2679 777 2717 ne
801 2664 920 2716 cultores
941 2679 1007 2716 suos
1026 2663 1149 2732 pondere
1173 2660 1270 2716 tributi

120 2755 262 2812 presumat
274 2761 397 2798 onerare.
434 2747 472 2800 At
485 2746 529 2800 ille
541 2747 624 2801 velud
637 2745 713 2815 aspis
727 2745 812 2800 surda
828 2761 894 2798 aure
910 2762 963 2799 nec
978 2745 1076 2800 audire
1093 2745 1268 2813 dignabatur,

119 2841 173 2880 nec
197 2827 376 2896 respondere,
402 2838 443 2882 set
467 2830 638 2882 monachum
666 2827 826 2882 lacessitum
857 2827 1014 2896 obprobriis
1039 2837 1067 2882 et
1093 2827 1269 2882 contumeliis

121 2917 245 2976 spretum
269 2926 287 2961 a
312 2919 463 2978 conspectu
488 2927 539 2965 suo
564 2910 639 2965 iubet
664 2910 761 2978 arceri,
786 2909 904 2964 iurando
929 2920 1089 2964 contestans
1113 2910 1190 2980 quod
1214 2909 1268 2964 nisi
1283 2923 1314 2973 30

120 2991 237 3045 celerius
258 2990 430 3061 ab[s]cedat,
444 2993 597 3063 ignominia
609 2993 734 3049 fedatum
754 3009 822 3047 suus
841 3008 907 3046 eum
926 2992 1094 3046 Edmundus
1107 2991 1231 3061 recipiet,
1244 2991 1267 3046 si

120 3081 214 3126 tamen
233 3074 331 3128 mortis
350 3075 499 3131 discrimen
519 3077 629 3131 euadat.
668 3071 787 3146 Insuper
805 3084 832 3129 et
850 3083 948 3128 sancto
964 3074 1117 3128 Edmundo
1137 3074 1269 3144 probrose

120 3155 240 3211 detraxit
260 3167 289 3211 et
310 3157 387 3212 illum
409 3159 450 3214 nil
468 3160 626 3214 sanctitatis
646 3161 748 3215 habere
770 3157 891 3213 dicebat.
927 3157 1086 3226 Ayelwinus
1106 3157 1189 3226 igitur
1210 3157 1265 3211 ani·

119 3236 300 3294 maduertens
325 3257 419 3309 regem
445 3241 585 3298 tirannum
610 3260 661 3298 nec
686 3244 770 3297 deum
795 3240 892 3296 timere
916 3257 970 3295 nec
991 3251 1118 3296 sanctum
1142 3240 1268 3309 reuereri,

119 3319 206 3374 tristis
226 3321 379 3378 admodum
399 3324 473 3380 viam
491 3343 605 3395 carpere
626 3324 700 3395 cepit
719 3325 834 3379 domum
852 3334 1007 3379 reuertens.
1040 3323 1063 3380 tl
1083 3324 1220 3393 Quicum
1240 3324 1268 3378 in
1284 3338 1313 3391 35

120 3402 259 3458 territorio
277 3405 454 3462 lincolniensi
473 3409 609 3463 frueretur
628 3407 753 3478 hospicio
770 3417 798 3462 et
817 3417 880 3477 post
899 3408 1024 3462 laborem
1041 3425 1142 3477 sopore
1159 3407 1269 3478 placido

121 3501 152 3540 se
176 3497 333 3544 recrearet:
365 3501 478 3546 sanctus
503 3491 672 3546 Edmundus
698 3488 828 3560 apparuit
852 3490 886 3557 ei,
909 3489 1022 3545 dicens:
1054 3491 1147 3561 ‘Quid
1170 3491 1269 3547 timore

120 3567 286 3639 sollicitaris,
308 3571 374 3643 quid
399 3589 506 3628 merore
527 3573 685 3629 tribularis?
721 3575 767 3628 An
792 3574 877 3628 verba
901 3589 965 3628 mea
989 3573 1092 3628 oblitus
1115 3573 1269 3645 periculum

120 3651 328 3721 desperacionis
349 3654 508 3712 incurristi?
545 3659 634 3726 Surge
654 3673 721 3726 ergo
742 3657 859 3712 festinus
877 3667 905 3710 et
927 3655 979 3711 iter
1003 3667 1081 3712 tuum
1099 3659 1268 3727 aggredere:

120 3733 186 3803 quia
203 3734 368 3807 priusquam
386 3740 491 3809 peracti
509 3751 600 3794 metas
620 3739 726 3795 itineris
746 3739 875 3808 attingas,
895 3739 931 3794 de
953 3756 1018 3810 rege
1037 3743 1133 3795 Suano
1151 3740 1270 3796 celebris
1283 3754 1315 3804 40

120 3815 196 3870 lama
218 3829 246 3872 te
265 3831 293 3874 et
313 3830 377 3876 tuos
399 3821 596 3892 compatriotas
622 3821 796 3877 exhillerabit
816 3821 978 3876 uniuersos!
1015 3822 1071 3890 Qui
1096 3822 1270 3880 reuelacione

120 3901 267 3956 roboratus
291 3904 436 3973 euigilans,
462 3905 514 3960 iter
538 3923 619 3960 suum
646 3904 741 3975 arripit
764 3915 828 3960 ante
855 3904 912 3960 diei
940 3905 1143 3976 crepusculum,
1167 3906 1269 3976 partim

120 3982 251 4040 affamine
281 3987 369 4042 sancti
398 3987 540 4044 Edmundi
571 3989 647 4056 fisus,
676 3987 778 4058 partim
808 3987 891 4044 minis
915 3987 1017 4044 tiranni
1043 3987 1116 4059 regis
1140 3988 1268 4058 pauidus.

122 4067 250 4137 Cumque
274 4068 325 4124 iter
348 4079 460 4140 ageret:
493 4071 599 4127 audiuit
623 4082 687 4142 post
711 4089 742 4126 se
766 4072 942 4142 quorundam
970 4088 1096 4126 murmur
1123 4073 1268 4126 Danorum

120 4150 320 4220 equitancium.
356 4155 382 4208 Α
394 4154 495 4224 quibus
510 4155 582 4212 infra
593 4156 679 4210 breue
697 4165 871 4217 consecutos,
884 4165 912 4211 et
928 4155 1076 4222 salutatus,
1089 4171 1160 4210 vnus
1172 4170 1268 4210 eorum
1282 4167 1314 4216 45

121 4235 188 4292 dixit
206 4235 250 4292 ei:
277 4237 373 4292 ‘Heus
395 4237 486 4306 sodes,
509 4247 576 4293 tune
597 4253 627 4294 es
645 4237 690 4294 ille
712 4237 849 4308 presbiter
868 4253 951 4309 quem
973 4236 1173 4294 nudiustertius
1192 4235 1270 4308 apud

624 4357 631 4387 ¹
648 4357 681 4409 al.
693 4358 762 4410 dure.
