3036 4878
105 279 239 330 ussou
255 280 325 345 aa]
355 262 430 355 {ts
452 259 512 350 e.
530 262 748 348 eburono
772 277 865 366 teus
889 269 928 349 tt
951 270 1143 366 marture·
1180 272 1252 360 665

102 473 148 516 set
169 461 284 518 tandem
304 463 434 518 obstante
452 462 542 518 morbi
563 463 723 533 grauedine,
742 464 831 520 sancti
851 465 948 520 limina
965 481 1022 520 non
1041 475 1150 535 poterat
1169 465 1254 520 adire.

104 545 178 598 Curn
191 562 258 600 vero
275 546 310 600 de
328 555 417 601 morte
434 545 544 602 territus
561 547 651 601 exitus
669 547 711 602 sui
730 547 843 617 spiritus
862 549 1066 617 prestolaretur,
1080 549 1255 604 innumeram

103 627 257 682 demonum
270 628 477 684 multitudinem
490 669 497 683 .
512 669 519 684 .
532 669 555 696 .,
571 629 639 699 [rest
651 631 792 700 wanting:
813 645 829 685 2
842 630 939 686 inches
951 630 1001 686 lelt
1014 630 1138 702 vacant}

185 801 235 855 DE
254 811 388 864 QUODAM
408 812 597 857 CONTRACTO
614 813 658 855 AD
676 813 866 858 SEPULCRUM
885 814 997 858 SANCTI
1016 804 1176 858 EDMUNDI

611 896 748 940 edituro.
1194 901 1197 910 “

172 1004 240 1058 Nno
260 1004 383 1059 secundo
401 1004 476 1073 regis
496 1003 614 1058 Henrici
634 1003 758 1072 secundi,
774 1004 889 1074 quidam
908 1015 1065 1060 contractus
1083 1023 1117 1060 ex
1135 1005 1202 1060 villa
1220 1006 1256 1060 de

205 1087 306 1142 Writle
324 1087 362 1141 ad
383 1089 540 1158 sepulcrum
558 1087 648 1141 sancti
664 1086 808 1141 Edmundi
828 1105 928 1158 repens
947 1087 1031 1158 venit,
1053 1087 1283 1150 sustentaminas

104 1169 243 1240 deposuit,
252 1171 370 1224 salutem
383 1170 455 1225 illico
468 1169 575 1225 meritis
587 1169 676 1224 sancti
690 1170 833 1225 Edmundi
846 1171 958 1241 recepit,
967 1181 994 1226 et
1007 1181 1115 1226 erectus
1127 1170 1255 1241 gaudens

104 1252 142 1307 ad
156 1253 268 1324 propria
280 1253 370 1308 rediit.

169 1429 218 1482 Ds
237 1441 372 1494 Quonam
391 1441 516 1486 canuno
535 1442 577 1484 uo
595 1441 731 1485 ruxuuu
750 1441 862 1484 sanem
883 1431 1039 1486 Eouuunr
1058 1442 1194 1487 cusano.

114 1549 269 1676 EOdem
287 1559 412 1620 tempore
431 1551 546 1622 quidam
564 1551 679 1605 claudus
697 1549 773 1605 iuxta
789 1553 917 1606 tumbam
938 1551 1027 1606 sancti
1046 1551 1190 1606 Edmundi
1209 1568 1256 1606 ce·

211 1633 290 1700 cidit,
305 1634 419 1688 baculos
438 1643 639 1690 sustentatores
658 1633 804 1703 linquens:
823 1644 851 1689 et
870 1633 941 1688 infra
957 1634 1055 1689 horam
1071 1651 1156 1688 unam
1172 1651 1257 1689 sanus

106 1727 135 1772 et
149 1715 296 1771 incolumis
308 1715 429 1772 recessit.
1272 1722 1302 1776 ¹9

119 1824 292 1895 Explict'unt
302 1824 444 1879 miracula
455 1826 562 1895 smpta
574 1827 605 1879 in
617 1825 740 1894 quodam
757 1825 849 1878 veteri
859 1822 1037 1894 q(uatem)o¹
1050 1823 1092 1878 ad
1089 1825 1242 1894 feretrum.

209 1999 259 2052 Da
278 2009 371 2062 soum
390 2009 501 2053 xusms
520 2009 562 2052 or
581 2007 787 2052 nouasrsuro
805 2007 917 2051 saxcrr
937 1997 1094 2051 Eouuum
1115 2008 1155 2051 rr

599 2091 763 2136 REDUGHS.

726 2218 763 2256 no
782 2200 888 2255 domini
914 2200 1114 2272 u0.cc0.1xvij0,
1131 2211 1256 2272 tempore

732 2283 870 2339 discordie
893 2283 964 2338 inter
984 2301 1080 2360 regem
1100 2285 1256 2338 Henricum

108 2375 136 2420 et
160 2367 281 2422 barones
300 2367 410 2436 Anglie‚
433 2367 498 2422 licet
522 2367 550 2420 in
576 2377 729 2440 conspectu
752 2368 888 2422 baronum
912 2367 1040 2437 preciosa
1061 2367 1143 2422 valde
1167 2368 1256 2422 luerat

108 2449 222 2504 libertas
248 2451 337 2505 sancti
360 2450 514 2520 Edmundi,
536 2451 651 2522 quidam
673 2463 766 2507 tamen
790 2451 892 2506 ribaldi
917 2452 953 2506 de
976 2451 1135 2507 municione
1159 2451 1256 2506 eliensi

107 2532 292 2602 egredientes,
311 2551 397 2604 equos
419 2535 593 2604 quorundam
612 2535 734 2589 virorum
753 2535 800 2605 qui
822 2533 850 2587 in
870 2534 1070 2589 secrecioribus
1091 2534 1160 2589 locis
1181 2533 1256 2589 curie
1272 2553 1300 2604 ¹5

108 2616 185 2670 beati
212 2616 334 2672 martiris
359 2617 503 2671 Edmundi
527 2618 747 2685 occultabantur,
773 2634 823 2687 per
846 2617 970 2671 medium
996 2617 1147 2672 infirmarie
1170 2618 1256 2672 dedu·

108 2710 212 2766 centes,
233 2699 260 2752 in
283 2699 400 2754 insulam
421 2699 555 2754 eliensem
576 2717 671 2755 secum
692 2701 837 2755 duxerunt.
874 2701 952 2770 Quos
973 2717 1038 2754 cum
1059 2701 1175 2772 quidam
1196 2718 1258 2755 mo-

109 2783 216 2836 nachus
240 2782 365 2838 eiusdem
388 2782 442 2837 loci
467 2783 664 2853 insequeretur,
691 2781 868 2852 magnatibus
899 2782 1032 2838 insulanis
1063 2800 1122 2839 rem
1149 2793 1257 2852 gestam

108 2865 263 2920 luculenter
284 2865 418 2936 exposuit
455 2867 584 2922 Tandem
606 2865 688 2921 dictis
711 2865 842 2920 insulanis
864 2865 1109 2933 sentenciantibus,
1131 2866 1200 2920 dicti
1221 2867 1257 2919 ri·

108 2949 185 3003 baldi
209 2948 336 3004 dolentes
360 2959 388 3006 et
412 2949 570 3019 penitentes
595 2967 658 3004 cum
682 2949 764 3003 dictis
789 2947 868 3019 equis
892 2947 1008 3003 arbitrio
1031 2948 1099 3002 dicti
1127 2948 1304 3003 monachico

110 3031 367 3088 committebantur.
405 3034 483 3101 Quos
501 3032 629 3088 videlicet
649 3049 736 3102 equos
755 3048 819 3086 cum
838 3031 875 3084 ad
893 3031 982 3085 altare
1004 3031 1094 3085 sancti
1114 3031 1258 3086 Edmundi

110 3115 292 3171 deuotissime
313 3115 494 3184 reduxissent,
519 3115 547 3170 in
569 3116 679 3185 signum
700 3113 918 3185 presumptionis
937 3113 1049 3183 gladios
1074 3131 1139 3168 suos
1162 3113 1256 3186 [quos]

109 3198 292 3254 irreuerenter
305 3209 402 3254 contra
414 3197 502 3254 sancti
516 3199 660 3254 Edmundi
672 3199 830 3254 libertatem
843 3207 996 3264 erexerant,
1008 3195 1117 3251 veniam
1130 3207 1258 3268 petentes

108 3282 210 3337 feretro
221 3281 341 3337 martiris
354 3282 521 3352 optulerunt.

147 3365 227 3420 Istud
239 3365 403 3420 miracultun
416 3367 554 3435 sculptum
567 3375 610 3420 est
626 3365 655 3419 in
669 3365 754 3419 choro
767 3380 830 3418 cum
843 3362 904 3418 aliis
920 3363 1060 3418 miraculis
1075 3363 1150 3419 iuxta
1162 3364 1259 3420 sedem
1274 3386 1303 3436 ²5

109 3447 220 3504 abbatis
233 3465 296 3503 cum
309 3448 362 3503 hiis
374 3449 516 3504 versibus:

374 3549 427 3597 Hic
443 3549 572 3613 rapiuntur
587 3549 643 3612 equi
661 3548 692 3597 de
709 3547 786 3598 fundo
802 3547 910 3598 martiris
926 3549 994 3612 equi.

373 3614 493 3663 Clamant
509 3623 629 3679 raptores,
647 3613 878 3678 luriunt-paciendo
894 3614 1001 3664 dolores.

374 3679 434 3729 Post
450 3681 551 3729 veniunt
568 3679 661 3740 flentes,
678 3694 748 3729 enses
764 3677 852 3729 offerre
869 3679 987 3740 volentes,

374 3745 500 3794 Abbatem
517 3752 631 3810 quemnt,
649 3745 748 3795 contriti
765 3743 839 3794 corde
856 3743 971 3794 luerunt:

373 3809 431 3860 Hos
447 3809 602 3870 absoluebrt,
619 3811 725 3860 humiles
741 3825 804 3875 qnos
819 3824 872 3860 esse
888 3809 997 3859 videbat.

144 2245 195 2298 Ex
205 2247 428 2302 crom'cr'srancti
439 2245 594 2300 Edmundi.
632 2203 723 2327 ΑΝ

176 3981 226 4034 Da
245 3990 532 4035 uaurxaouurrsus
552 3991 612 4033 sax
632 3990 782 4034 sanctuar
800 3979 998 4033 Eonuxouu
1018 3987 1193 4031 ursssarrs.

119 4102 288 4228 Iohannes
309 4099 423 4172 quidam
443 4101 636 4166 brabantinus,
655 4099 710 4154 fide
728 4115 784 4169 qua
802 4097 892 4168 potuit
913 4107 954 4151 et·
966 4096 1120 4152 iuramento
1141 4097 1260 4151 asseruit

186 4185 261 4256 quod
274 4201 337 4240 curn
350 4185 378 4240 in
392 4184 437 4240 die
450 4184 540 4239 sancti
554 4183 706 4239 Clementis
720 4198 792 4253 pape
805 4196 868 4236 cum
881 4180 964 4236 sociis
978 4180 1006 4236 in
1018 4197 1096 4236 mare
1109 4179 1259 4234 velificaret

467 4333 474 4366 ¹
494 4333 603 4394 Erased;
620 4333 686 4384 libro
697 4349 729 4385 on
741 4331 783 4383 tbe
795 4330 900 4398 margin.
