3012 4898
402 275 480 370 Dc
504 276 675 368 sautu
698 276 955 367 mummolus.
1185 303 1258 376 349

78 478 158 536 sed
171 487 205 536 vt
216 488 408 538 conuertatur
420 490 450 538 et
462 481 551 539 uiuat.
589 481 662 539 Ideo
674 498 804 556 namque
817 480 976 556 unicuique
989 470 1138 556 peccatori
1151 481 1260 540 dicitur

86 586 165 642 per
177 570 358 642 prophetam
371 591 377 626 :
397 573 413 600 “
423 570 548 628 Declina
560 587 579 627 a
591 571 670 628 malo
683 580 713 628 et
725 570 771 627 sac
783 570 912 628 bonum:
933 571 1050 643 inquire
1064 588 1169 644 pacem
1186 570 1259 644 [ει]ι

90 673 240 730 sequere
252 659 346 716 eam.”
378 658 417 715 Et
428 658 551 715 iterum:
571 659 588 688 “
597 657 739 726 Peccasti,
751 658 900 730 quiesce.''
932 657 1134 716 Penitentiam
1146 657 1260 732 quippe

82 761 196 817 agere
214 753 270 814 est,
288 754 445 818 peccatum
467 753 673 819 perpetratum
691 745 842 802 dimittere
870 745 1016 818 bonisque
1040 763 1164 819 semper
1186 764 1259 819 ope·

84 832 189 889 ribus
219 831 360 890 inherere
391 841 421 891 et
450 850 554 890 veram
584 850 690 907 pacem
717 831 883 890 dilectionis
914 833 964 891 dei
995 842 1025 891 et
1056 834 1185 906 proximi
1216 834 1287 896 ins

85 921 225 993 quirere
244 937 371 994 eamque
388 922 543 994 sequendo
562 921 632 978 totis
651 919 767 978 nisibus
786 937 938 977 exercere.
976 921 1086 978 Parum
1106 921 1260 994 [et]enim¹

86 1007 239 1081 proderit
260 1011 409 1080 peccatori
430 1025 447 1064 a
466 1017 589 1081 peccato
606 1025 737 1078 cessare,
757 1007 814 1064 nisi
830 1008 949 1065 studeat
966 1007 1086 1065 ieiuniis
1104 1018 1135 1066 et
1152 1009 1259 1066 oratio-

88 1096 194 1152 nibus
213 1096 446 1169 elemosinisque
462 1097 658 1153 commissnm
673 1095 798 1165 deflere,
810 1104 850 1164 vt,
863 1095 939 1152 sicut
958 1095 1098 1154 extiterat
1117 1104 1259 1169 operator

90 1184 232 1253 malicie,
244 1184 285 1240 ita
297 1202 417 1257 quoque
433 1184 578 1242 efficiatur
590 1193 659 1258 post
671 1191 827 1256 peccatum
845 1184 941 1240 cultor
952 1182 1077 1240 iusticie.
1114 1183 1258 1258 Alioquin

97 1273 218 1343 quodsi
239 1271 347 1345 aliquis
369 1289 430 1328 non
452 1271 585 1346 deliquit,
606 1280 707 1328 tamen
728 1271 817 1328 debet
839 1271 983 1329 exhibere
1004 1272 1145 1328 mandata
1169 1280 1257 1345 atque
1274 1280 1304 1316 ¹0

90 1359 330 1416 iustificationes
344 1359 454 1417 Christi
472 1367 597 1433 propter
609 1367 830 1416 sacramentum
849 1358 919 1416 fidei
932 1360 1012 1432 quod
1029 1359 1061 1415 in
1079 1360 1257 1434 baptismate

92 1446 252 1519 promisit,
272 1447 341 1521 quia
362 1447 449 1504 diues
470 1449 521 1520 qui
542 1446 695 1521 purpura⁸
719 1455 750 1504 et
773 1445 856 1503 bisso
877 1447 1057 1504 induebatur
1074 1455 1105 1504 et
1127 1447 1259 1520 quotidie

94 1535 263 1608 splendide
284 1537 467 1608 epulabatur,
489 1553 549 1591 non
568 1533 709 1608 proprio‘
728 1543 812 1591 reatu
832 1535 1015 1607 dampnatur
1039 1535 1182 1606 criminis,
1203 1537 1257 1594 sed

94 1631 268 1696 propterea
279 1624 359 1696 quod
372 1622 402 1678 in
416 1639 552 1696 paupere
570 1639 631 1678 non
644 1621 780 1678 exhibuit
798 1620 931 1678 officium
945 1621 1106 1679 charitatis.
1138 1622 1257 1692 iccirco,

93 1709 220 1780 fratres,
243 1711 368 1784 satagite
387 1719 547 1782 utrumque
568 1727 668 1783 agere,
689 1710 746 1765 hoc
766 1717 813 1765 est
837 1711 875 1766 ad
900 1709 1014 1766 iontem
1040 1709 1188 1782 sapientie
1209 1728 1257 1767 ac·
1273 1723 1301 1773 15

97 1798 223 1866 cedere,
235 1807 264 1854 et
274 1815 313 1854 ex
323 1816 360 1854 eo
373 1799 512 1872 potando,
526 1796 746 1853 immunditiam
759 1797 858 1853 cordis
866 1797 959 1853 vestri
968 1795 1256 1867 abluere,Christum

98 1887 196 1942 deum
205 1894 235 1942 et
244 1885 397 1942 dominum
407 1885 632 1943 misericordem
642 1885 810 1941 animarum
821 1901 1040 1957 corporumque
1054 1885 1203 1941 medicum
1214 1887 1256 1941 in·

96 1973 280 2031 desinenter
292 1982 447 2046 expetere,
456 1973 559 2047 illique
569 1983 671 2031 vestra
683 1973 758 2029 colla
766 1971 870 2029 humili
887 1989 921 2029 ac
931 1971 1025 2028 nitida
1034 1972 1257 2046 [con]scientia⁸

96 2062 169 2119 eius
190 2071 334 2134 precepta
354 2062 504 2119 seruando
523 2059 681 2130 subiicere,
700 2059 861 2133 ipsumque
881 2077 920 2117 ex
940 2067 1002 2116 toto
1027 2061 1119 2117 corde
1143 2067 1173 2117 et
1195 2069 1256 2116 tota

94 2149 212 2206 virtute
234 2148 367 2222 diligere,
387 2156 417 2205 et
441 2149 480 2205 ad
502 2150 598 2222 ipsius
620 2147 778 2204 ecclesiam
803 2147 886 2203 omni
910 2156 1047 2220 tempore
1067 2165 1254 2218 concurrere,
1271 2163 1302 2198 πο

96 2253 212 2310 preces
229 2238 267 2294 ad
286 2237 369 2293 illum
389 2253 445 2309 pro
457 2235 568 2293 vestris
586 2235 764 2292 excessibus
782 2234 947 2304 effundere,
960 2235 1126 2292 oblationes
1138 2245 1255 2294 vestras

96 2324 169 2381 sine
183 2324 251 2382 dolo
261 2323 302 2380 illi
315 2323 432 2392 offerre,
446 2325 618 2382 sacerdotes
631 2323 788 2392 honorare,
801 2332 832 2379 et
841 2323 1007 2379 doctrinam
1020 2323 1255 2396 euangeliorum,

98 2431 162 2488 que
181 2429 238 2486 per
257 2429 309 2470 eos
329 2411 559 2469 manifestantur
569 2411 588 2477 ⁸,
606 2410 734 2484 gratuita
755 2429 789 2468 ac
808 2412 898 2468 etiam
918 2410 1005 2467 hilari
1024 2411 1184 2468 deuotione
1202 2429 1255 2468 ex·

97 2501 224 2574 cipere;
244 2517 351 2556 omnes
370 2499 548 2556 christianos
567 2499 820 2572 quemadmodum
839 2497 975 2556 nosmet⁷
993 2499 1076 2572 ipsos
1094 2516 1204 2568 amare,
1225 2508 1255 2556 et

95 2589 308 2662 vnusquisque
345 2587 500 2644 uestrum⁸
531 2588 651 2644 studeat
687 2587 815 2643 alterum
847 2587 962 2644 honore
998 2587 1167 2659 preuenire,
1193 2605 1252 2644 non
1270 2605 1299 2655 ²5

99 2677 293 2747 maledicere,
312 2693 372 2732 non
391 2676 536 2745 occidere,
555 2693 615 2732 non
635 2675 765 2749 aliquem
784 2692 936 2744 accusare,
956 2693 1016 2732 non
1035 2675 1134 2733 vicino
1156 2677 1253 2732 detra-

97 2765 185 2834 here,
198 2781 259 2821 non
272 2763 412 2821 insidias·
423 2764 472 2820 vel
485 2764 609 2836 laqueos
627 2764 666 2819 ad
679 2762 890 2837 decipiendum
909 2763 996 2820 alicui
1012 2780 1179 2836 opponere,
1192 2782 1252 2821 non

97 2851 195 2910 furari
214 2869 313 2924 neque
330 2851 460 2924 periuria
470 2851 492 2884 ¹⁰
510 2851 618 2921 iacere,
631 2867 692 2906 non
711 2850 922 2924 blasphemare
934 2851 984 2909 vel
1002 2850 1156 2924 simplices
1175 2851 1254 2908 deri·

97 2941 183 3009 dere,
203 2941 257 2996 sed
279 2940 309 2995 in
328 2940 468 2997 omnibus
483 2939 571 2996 bonis
591 2938 733 3012 operibus
752 2955 960 3012 perseuerare,
983 2940 1133 3012 deumque
1157 2940 1254 2996 omni-

97 3034 259 3101 potentem
269 3027 333 3084 siue
342 3028 372 3084 in
386 3027 585 3101 prosperitate
594 3027 857 3084 veladuersitate¹¹
868 3027 950 3083 omni
963 3035 1101 3100 tempore
1112 3027 1252 3084 laudare:
1266 3047 1299 3095 30

100 3103 180 3172 Hec
205 3115 304 3188 itaque
328 3117 430 3172 omnia
454 3133 522 3172 cum
544 3114 672 3172 dixisset
696 3123 818 3172 sanctus
844 3114 1053 3181 Rumwoldus,
1076 3113 1174 3171 cuncti
1202 3115 1253 3187 qui

97 3204 227 3260 aderant
239 3203 349 3276 gratias
361 3204 419 3260 deo
433 3202 609 3272 referebant,
622 3221 658 3260 eo
671 3203 751 3276 quod
766 3202 797 3258 in
809 3211 871 3259 tam
889 3201 1016 3275 paruulo
1032 3201 1145 3258 infante
1157 3203 1253 3275 gratia

98 3289 205 3348 diuina
226 3290 391 3363 inspirante
410 3299 492 3347 tanta
516 3293 612 3348 virtus
638 3299 721 3348 esset
745 3289 924 3363 eloquentie.
968 3289 1054 3346 Tunc
1080 3291 1188 3347 iterum
1212 3291 1253 3346 ait

97 3379 208 3434 beatus
239 3378 454 3436 Rumwoldus:
486 3377 582 3436 ‘Ecce
607 3396 664 3451 ego
687 3377 840 3451 ingredior
862 3379 942 3434 viam
965 3377 1108 3435 vniuerse
1134 3377 1251 3436 carnis:

98 3465 243 3537 quoniam
264 3466 336 3522 mihi
357 3465 402 3522 sas
423 3483 482 3522 non
504 3475 551 3523 est
569 3465 690 3523 viuendi
711 3465 743 3522 in
762 3465 819 3522 hoc
837 3465 955 3522 mortali
974 3481 1101 3538 corpore
1120 3467 1158 3523 ab
1178 3467 1252 3523 hora
1267 3485 1297 3535 35

98 3569 161 3624 qua
177 3561 265 3610 natus
284 3570 360 3610 sum.
399 3553 469 3612 Post
489 3554 646 3611 transitum
666 3562 767 3611 antem
785 3570 886 3610 meum
898 3553 966 3609 volo
983 3570 1053 3610 esse
1069 3552 1100 3609 in
1113 3554 1179 3610 loco
1192 3572 1252 3627 quo

98 3647 187 3696 ortus
198 3657 266 3697 sum
280 3659 335 3714 per
347 3641 435 3698 vnius
453 3641 525 3697 anni
542 3643 693 3714 spacium3
719 3642 912 3715 postmodum
929 3658 1002 3698 vero
1019 3640 1049 3696 in
1064 3640 1253 3699 Braccalea¹¹

98 3727 242 3784 constitui
261 3745 330 3785 esse
349 3747 404 3802 per
423 3728 586 3785 biennium.
623 3728 730 3786 Finitis
748 3738 848 3786 autem
869 3729 927 3784 hiis
946 3728 1042 3786 tribus
1064 3729 1160 3798 annis,
1180 3747 1251 3803 pro-

98 3815 189 3888 posui
212 3824 245 3872 vt
269 3831 336 3873 mea
360 3833 429 3873 ossa
453 3815 644 3889 requiescant
667 3817 699 3872 in
729 3816 795 3873 loco
819 3815 870 3890 qui
894 3817 1048 3873 vocabitur
1071 3818 1251 3890 quandoque

100 3901 293 3976 bukingham
301 3902 322 3936 ¹⁸
336 3903 418 3960 omni
431 3905 586 3976 tempore!
625 3902 756 3961 istorum
772 3911 873 3960 autem
893 3903 1016 3960 nomina
1037 3920 1098 3960 non
1115 3913 1202 3960 erant
1214 3923 1251 3961 eo
1264 3921 1297 3971 40

97 3997 237 4064 tempore
249 3999 353 4048 vocata
359 3989 388 4060 ¹⁴,
402 3993 456 4048 sed
469 3999 537 4063 post
550 3991 712 4048 multorum
724 4000 894 4064 temporum
907 3991 1053 4048 curricula
1065 3990 1190 4049 inuenta
1200 3994 1250 4050 vel

97 4077 219 4150 cognita
231 4087 310 4135 sunt
348 4078 426 4135 Sunt
439 4095 558 4153 quoque
575 4095 655 4135 nunc
667 4078 737 4136 ville
754 4079 812 4136 illis
826 4079 857 4136 in
870 4078 944 4136 locis
956 4077 1022 4150 site,
1035 4078 1149 4136 fertiles
1162 4097 1250 4154 sege-

131 4216 204 4268 ιοιιι.
248 4216 390 4268 ’Renim
434 4217 560 4281 ¹E.inp.
611 4217 754 4283 ‘ldtpro
802 4219 853 4268 ΙΤ.
866 4218 896 4268 Ε.
906 4217 1023 4270 seientia.
1070 4217 1250 4282 ‘acamant-

97 4283 215 4334 l‘estntur.
270 4281 444 4336 'Enosmet
499 4283 688 4338 ⁸E.nostmrn.
743 4284 796 4336 lli.
807 4285 930 4335 insidens.
990 4285 1088 4350 ”Rea
1102 4286 1248 4349 periurium.

98 4349 116 4382 ¹¹
130 4349 317 4402 Eanersitate.
354 4349 373 4380 ¹⁸
386 4349 415 4402 E.
425 4349 642 4412 bractalea3now
651 4349 803 4416 Brackeley.
840 4349 1054 4416 ”Ebukingam
1088 4350 1249 4404 “Vitnota
