3062 4888
101 343 326 412 nsmraor
382 328 456 421 Da
473 324 762 416 &comanos
779 340 873 428 teet
890 333 929 412 et
946 331 1135 429 mattntt.
1183 349 1255 423 579

101 527 300 598 indignacione
318 528 404 584 dixit:
425 529 496 585 ‘Pro
508 528 612 584 nichilo
625 528 711 604 inflati
724 527 801 596 estis,
809 537 838 584 et
849 527 879 583 in
891 538 1006 583 ventum
1018 529 1105 584 verba
1114 527 1252 598 profertis.

102 611 182 682 Quid
200 610 274 666 enim
292 611 408 680 dignum
426 611 587 682 adquisistis
606 611 743 666 memoria
755 611 827 667 inter
843 621 885 667 tot
903 611 1053 682 preliorum
1069 611 1252 667 discriminat

102 695 188 748 Certe
205 693 321 764 quidam
340 693 449 748 iuuenis
468 694 636 749 Edmundus
654 711 741 765 nuper
760 713 778 750 a
795 696 918 751 Saxonis
934 695 1108 750 descendens
1126 695 1253 764 anglicos

101 776 141 830 ad
164 777 240 830 sinus
265 793 329 830 cum
354 776 451 846 paucis
471 777 578 846 appulit
599 786 628 832 et
653 794 768 846 regnum
790 778 936 848 Estanglie
954 794 1006 848 pro
1025 779 1096 832 velle
1121 778 1252 847 disponit.

102 858 179 928 Quid
196 875 246 913 vos
262 875 397 929 vmquam
416 859 506 914 simile
524 860 689 930 peregistis?
727 862 752 916 Ο
769 861 859 931 qualis
876 860 1005 931 genitura
1020 878 1084 916 mea
1096 862 1125 916 in
1138 863 1219 919 vobis
1229 865 1253 919 l'
1268 879 1283 930 5

102 941 150 996 Illi
168 941 262 1011 itaque
282 952 340 996 tam
359 941 466 997 inuidia
483 941 571 998 inflati
587 959 674 1014 quarn
689 953 806 1014 patema
823 943 1044 1013 exprobracione
1063 946 1252 1016 verecundati,

100 1025 340 1079 machinabantur
360 1025 397 1078 ab
422 1025 469 1079 illo
489 1025 544 1093 die,
565 1025 588 1080 si
608 1027 722 1097 quando
743 1026 920 1097 oportunitas
937 1043 967 1082 se
984 1026 1122 1096 optulerit,
1138 1027 1254 1084 beatum

102 1108 290 1162 Edmundum
308 1117 357 1162 aut
375 1107 403 1161 in
422 1107 595 1163 sentenciam
615 1125 694 1164 suam
713 1111 824 1164 trahere
842 1121 869 1166 et
888 1109 1017 1180 potencie
1029 1127 1080 1166 sue
1096 1111 1253 1180 subiugare,

101 1200 154 1245 aut
178 1192 276 1247 mortis
300 1191 437 1262 supplicio
463 1190 609 1246 trucidare
643 1193 733 1251 ilEx
750 1194 868 1247 nonatti-
895 1194 1008 1248 Westm.
1028 1199 1057 1246 et
1075 1194 1208 1248 Norwia'
1227 1200 1256 1248 et

102 1273 189 1344 Hely.
227 1275 329 1330 Postea
347 1275 470 1346 quadam
485 1275 531 1330 die
549 1285 630 1344 pater
647 1292 745 1331 eorum
759 1277 935 1332 Lothbrocus
948 1293 1012 1330 cum
1027 1275 1160 1345 accipitre
1177 1277 1254 1331 solus
1270 1295 1301 1332 ro

102 1358 219 1412 breuem
232 1359 391 1412 nauiculam
405 1357 556 1428 ingressus,
568 1369 598 1414 vt
613 1357 641 1412 in
657 1358 754 1414 insulis
771 1359 857 1413 maris
872 1369 900 1414 et
917 1369 990 1414 terre
1004 1359 1102 1414 vicinis
1115 1369 1215 1414 anates
1226 1368 1254 1415 et

102 1439 230 1495 auiculas
243 1440 313 1496 alias
325 1451 483 1511 aucuparet,
492 1441 585 1496 subita
593 1451 761 1512 tempestate
770 1443 885 1497 suborta
895 1442 969 1497 intra
981 1440 1066 1496 maris
1079 1442 1254 1497 latitudinem

103 1533 209 1592 raptus,
217 1523 317 1579 diebus
329 1523 436 1594 aliquot
448 1541 512 1579 cum
525 1523 654 1579 noctibus
667 1524 722 1578 huc
734 1523 853 1594 illucque
866 1524 991 1580 deiectus
1003 1524 1124 1593 grauiter
1134 1526 1255 1580 vexaba-

103 1617 158 1662 tur.
186 1606 241 1675 Qui
254 1606 378 1672 tandem,
391 1607 511 1677 plurima
524 1607 610 1662 maris
622 1607 744 1678 pericula
756 1625 913 1677 perpessus,
927 1607 956 1661 in
970 1607 1100 1677 Angliam
1116 1607 1255 1677 proiectus

103 1698 147 1743 est
160 1699 188 1743 et
201 1689 228 1743 in
242 1689 415 1759 pmuinciam
425 1691 625 1758 Estanglorum
635 1707 689 1760 que
699 1692 726 1745 N
730 1690 895 1745 orthlolchia
914 1689 1023 1757 dicitur,
1036 1691 1111 1760 apud
1125 1691 1256 1746 Redham
1271 1701 1301 1754 15

103 1771 200 1826 villam
209 1771 352 1842 applicuit,
359 1782 388 1827 et
398 1772 435 1826 ab
445 1772 606 1828 hominibus
614 1773 735 1842 regionis
745 1790 807 1828 cum
817 1772 952 1842 accipitre
960 1773 1037 1827 solus
1047 1772 1187 1842 inuentus,
1198 1774 1255 1844 regi

104 1856 306 1924 Estanglorum
319 1855 472 1910 Edmundo
488 1855 560 1926 [pro]
573 1856 708 1911 miraculo
720 1865 914 1927 presentatum
934 1866 962 1910 et
976 1855 1014 1910 ab
1030 1855 1092 1926 ipso
1108 1872 1174 1924 rege
1191 1873 1256 1910 cum

104 1940 213 1994 honore
225 1948 362 2008 receptus,
375 1938 548 2008 aliquamdiu
565 1938 593 1992 in
610 1939 688 1994 curia
702 1939 761 1993 eius
780 1937 922 1994 remansit.
960 1939 997 1992 Et
1012 1938 1145 2008 quoniam
1160 1939 1257 2008 lingua
1270 1965 1275 1972 ·

105 2023 253 2076 Danorum
266 2021 412 2090 anglicane
427 2021 520 2090 lingue
533 2022 624 2076 vicina
637 2033 689 2089 est,
704 2023 895 2077 Lothobrocus
912 2021 970 2091 regi
982 2020 1056 2091 cepit
1069 2039 1182 2076 narrare
1200 2038 1257 2092 quo

104 2120 173 2158 casu
192 2103 221 2158 in
233 2103 363 2172 Angliam
376 2103 517 2174 proiectus
534 2104 640 2160 fuisset.
678 2106 845 2160 Placuerunt
858 2105 953 2176 itaque
967 2105 1125 2160 Lothbroco
1143 2105 1171 2160 in
1191 2123 1257 2174 rege
1272 2119 1304 2155 ao

106 2187 261 2242 Edmundo
272 2203 382 2241 morum
395 2187 539 2256 plenitudo
552 2198 579 2242 et
592 2187 694 2243 milicie
712 2187 859 2257 disciplina
876 2187 1120 2258 quamplurimum,
1133 2188 1216 2242 simul
1229 2199 1257 2242 et

105 2269 250 2325 curialitas
268 2269 427 2325 astancium
444 2269 643 2339 ministrorum,
662 2288 734 2342 quos
751 2270 852 2340 regalis
867 2270 1006 2326 industria
1024 2270 1053 2324 in
1071 2270 1147 2325 omni
1165 2289 1257 2326 rerum

106 2363 208 2407 ornatu
233 2361 260 2408 et
285 2362 410 2408 scemate
434 2354 581 2408 verborum
610 2355 729 2425 pleniter
757 2353 926 2409 insonnauit.
975 2355 1021 2409 Ad
1049 2355 1122 2410 hanc
1146 2371 1258 2424 quoque

108 2437 286 2492 Lothbrocus
297 2452 408 2489 morum
421 2435 597 2505 disciplinam
615 2437 680 2492 licet
697 2453 824 2507 paganus
839 2447 1015 2506 prouocatus,
1028 2438 1147 2507 rogabat
1164 2454 1258 2506 regem

107 2517 278 2589 propensius
290 2529 321 2572 vt
334 2517 387 2572 sibi
400 2517 495 2574 liceret
508 2520 536 2574 in
548 2521 609 2575 eius
621 2521 699 2576 curia
717 2519 856 2576 demorari
872 2527 902 2574 ut
919 2517 1030 2590 regi[i]s
1042 2531 1136 2590 posset
1149 2521 1258 2590 plenius
1275 2537 1304 2590 ²5

107 2600 206 2655 instrui
226 2600 389 2671 disciplinis.
428 2603 556 2673 Cumque
578 2620 625 2658 rex
646 2604 814 2658 Edmundus
836 2602 1004 2672 peticionem
1024 2602 1085 2660 eius
1107 2605 1260 2658 clementer

106 2683 286 2740 exaudisset:
307 2684 393 2739 iunxit
409 2701 441 2740 se
460 2686 634 2741 Lothbrocus
647 2685 773 2741 venatori
787 2685 861 2755 regis
877 2685 990 2740 nomine
1011 2688 1111 2753 Bemo,
1124 2697 1153 2740 vt
1170 2699 1259 2741 artem

107 2766 292 2832 venatoriam,
305 2767 334 2821 in
348 2784 404 2838 qua
416 2777 475 2822 erat
486 2768 612 2824 eruditus
625 2769 662 2824 ad
676 2769 797 2839 plenum,
811 2785 875 2823 curn
888 2769 950 2839 ipso
962 2768 1158 2839 frequentaret.
1190 2771 1260 2825 Erat

106 2848 182 2906 enim
195 2859 254 2904 tarn
267 2849 295 2904 in
307 2851 496 2920 aucupacione
509 2867 594 2922 quam
607 2851 635 2906 in
648 2851 802 2907 venacione
813 2850 974 2920 graciosus:
993 2850 1067 2906 vnde
1080 2851 1108 2905 in
1122 2851 1221 2905 auibus
1231 2861 1260 2906 et

108 2932 207 2987 bestiis
224 2931 371 3003 capiendis
387 2933 481 2987 omnia
501 2951 552 3004 pro
572 2945 637 2990 voto
658 2934 711 2989 sibi
731 2934 927 2989 succedebant.
966 2933 1103 3004 Capiebat
1126 2933 1259 3005 quicquid
1273 2949 1306 3000 30

106 3015 228 3080 volebat,
240 3025 269 3070 et
281 3033 408 3071 mensam
420 3015 495 3086 regis
508 3016 713 3072 delicatissimis
725 3015 836 3072 ferculis
853 3033 969 3086 persepe
987 3016 1102 3071 ditabat
1141 3018 1179 3070 Et
1196 3033 1260 3070 cum

108 3097 208 3154 luisset
221 3115 324 3168 arege‚
338 3098 366 3152 in
380 3108 514 3169 quantum
527 3100 587 3155 eius
599 3100 741 3169 gentilitas
758 3099 890 3170 permisit,
904 3098 1040 3153 dilectus:
1060 3098 1133 3169 cepit
1146 3109 1261 3154 venator

109 3181 183 3251 regis
206 3181 232 3237 ei
253 3181 375 3251 grauiter
393 3183 528 3252 inuidere,
550 3200 600 3254 pro
619 3199 653 3238 eo
675 3184 751 3254 quod
772 3182 800 3237 in
824 3183 932 3237 artibus
956 3181 1089 3252 predictis
1114 3181 1206 3251 ipsum
1231 3181 1260 3236 in

109 3264 240 3319 omnibus
265 3265 422 3335 superabat.
467 3267 599 3336 Quadam
625 3266 709 3337 igitur
733 3265 778 3321 die
803 3267 871 3320 dum
895 3276 1027 3320 venatum
1052 3264 1157 3335 pariter
1180 3264 1260 3330 irent,

109 3357 229 3402 venator
240 3346 332 3417 ipsum
347 3348 536 3403 Lothbrocum
550 3349 695 3414 interfecit,
708 3359 737 3405 et
750 3349 778 3403 in
791 3343 930 3403 densitate
947 3347 1069 3402 nemoris
1085 3347 1260 3404 interfectum
1275 3359 1306 3410 35

108 3430 269 3485 abscondit.
306 3430 369 3500 Quo
382 3431 466 3499 sacto,
479 3430 594 3486 recessit
610 3442 726 3487 venator
742 3430 929 3502 nequissimus
944 3439 972 3484 et
990 3447 1076 3486 canes
1094 3430 1261 3486 comicando

109 3513 148 3567 ad
173 3530 204 3568 se
223 3514 341 3568 vocauit.
381 3513 544 3570 Nutriuerat
566 3524 660 3570 autem
682 3515 857 3570 Lothbrocus
881 3513 1049 3584 leporarium
1071 3516 1213 3586 quendam
1233 3514 1262 3570 in

111 3595 188 3652 curia
200 3595 274 3666 regis
287 3597 440 3665 Edmundi,
453 3597 500 3668 qui
515 3597 614 3668 ipsum,
628 3608 656 3653 vt
670 3598 727 3652 fieri
747 3598 826 3663 solet,
838 3597 956 3651 multum
969 3596 1075 3665 dilexit,
1088 3607 1115 3652 et
1128 3608 1262 3653 venatore

111 3697 175 3734 cum
188 3679 288 3738 ceteris
301 3681 418 3734 canibus
430 3682 587 3749 recedente,
598 3679 644 3734 ille
657 3681 733 3736 solus
747 3696 811 3734 cum
821 3696 937 3749 corpore
946 3679 1054 3734 domini
1065 3679 1107 3734 sui
1120 3679 1262 3735 remansit.

112 3763 145 3816 ln
159 3761 282 3816 crastino
294 3779 405 3834 quoque
417 3781 480 3818 cum
494 3781 542 3818 rex
554 3763 664 3818 sedetet
682 3763 719 3818 ad
736 3779 864 3817 mensam
881 3772 909 3816 et
923 3762 996 3816 inter
1008 3771 1114 3817 ceteros
1127 3763 1262 3817 commili-
1276 3778 1309 3825 4ο

111 3855 193 3900 tonos
214 3845 401 3900 Lothbrocum
420 3863 476 3902 non
489 3846 623 3900 vidisset:
637 3845 756 3916 quesiuit
775 3845 940 3915 propensius
959 3861 976 3898 a
994 3844 1128 3898 ministris
1144 3843 1210 3914 quid
1228 3845 1264 3898 de

112 3927 159 3982 illo
178 3938 271 3983 actum
290 3929 396 3984 fuisset.
434 3929 485 3984 Cui
500 3938 617 3983 venator
634 3931 742 3982 Bernus
761 3927 829 3982 dixit
845 3927 921 3998 quod
936 3927 982 3981 die
999 3927 1129 3982 hesterna
1146 3943 1209 3980 cum
1227 3927 1263 3980 de

112 4021 216 4067 venatu
234 4013 354 4082 domum
368 4013 480 4080 rediret,
500 4012 560 4082 ipse
581 4011 715 4068 remansit
737 4011 765 4065 in
786 4011 856 4064 silua
878 4018 941 4080 post
962 4027 1034 4074 eum,
1054 4019 1081 4064 et
1101 4009 1178 4078 quod
1199 4024 1264 4062 eum

112 4104 212 4166 postea
230 4111 286 4149 non
305 4095 406 4150 viderit
424 4097 575 4150 asserebat.
613 4095 670 4150 Sed
689 4094 734 4148 vix
752 4093 838 4148 verba
853 4093 1041 4163 compleuerat
1056 4101 1084 4146 et
1102 4108 1168 4146 ecce
1186 4092 1263 4161 lepo-

113 4176 202 4232 rarius
220 4192 305 4247 quem
320 4177 472 4232 nutriuerat
493 4179 667 4233 Lothbrocus
687 4176 793 4246 regiam
813 4176 953 4244 ingressus
971 4175 1064 4230 aulam
1086 4174 1216 4229 omnibus
1236 4185 1266 4230 et
1277 4188 1308 4238 45

112 4258 234 4314 maxime
259 4259 317 4329 regi
342 4260 474 4316 adulante
504 4262 596 4316 cauda
620 4260 789 4330 applaudere
814 4259 966 4327 satagebat.
1010 4259 1102 4326 Quem
1126 4276 1174 4313 rex
1199 4274 1264 4313 cum

114 4341 238 4410 vidisset,
258 4343 413 4400 astantibus
434 4343 519 4400 dixit:
549 4344 643 4399 ‘Ecce
662 4343 740 4398 canis
765 4340 916 4398 Lothbroci
940 4339 1094 4398 adueniens
1118 4340 1264 4396 dominum

649 4487 728 4548 apr
