3012 4898
282 319 356 408 ³0⁶
590 307 939 414 timuissem
963 305 1117 412 titinio
1299 322 1443 396 [uam

280 511 1443 578 tridentiumiernds,etpositesnperincedenpercuciebsntnrnileis,donerl

281 595 308 644 in
325 609 528 644 mmmmm
545 592 971 656 rediemutm,ettamen,quod
988 589 1231 653 nennium
1249 592 1442 654 ἐκμαίνεις

280 673 474 734 desiderabant)
492 671 561 721 enim
579 679 687 720 mortem
704 679 732 720 et
749 671 879 734 (inuenire
901 685 954 718 non
972 676 1097 732 poterant.
1135 669 1342 732 Loquelutnr)
1360 679 1443 720 auten

280 751 452 814 tortores(ad
470 750 728 800 inuicemdicentes:
744 745 1034 810 ‘iiunquid)suficiti’
1067 747 1274 810 Etntiiinatta
1291 749 1441 798 fibrium

250 847 265 898 5
280 828 473 892 spondebant):
491 827 638 878 ‘Probicite
653 827 748 890 no(bis
764 835 793 875 ut
809 827 941 876 udum
955 826 979 875 si
993 825 1117 876 Μ’
1151 824 1184 874 lit
1201 827 1408 893 nutriemur,
1419 837 1444 876 et

282 905 1132 972 <emmimtumnrcipibmtemmmtequmtemn
1151 912 1357 966 tancmer
1379 908 1444 955 nrm

281 983 867 1049 primiitsetipdensignibustredebent.
903 981 1444 1034 Etitamisetenodolrucmodoillut

280 1064 502 1128 prohilciebentur
518 1072 546 1114 et
562 1064 658 1125 ubique
676 1061 909 1123 comburebauttu),
928 1062 1013 1110 donec
1030 1061 1107 1110 simul
1127 1061 1211 1123 pelles
1229 1069 1260 1112 et
1284 1077 1387 1113 carmes
1408 1071 1444 1124 [et

281 1143 367 1204 nerui)
385 1149 412 1192 et
428 1157 489 1192 osee
504 1143 529 1192 in
547 1141 657 1191 ianillam
675 1141 855 1204 redigerem
870 1148 898 1190 et
915 1141 1064 1204 (flamm)
1080 1139 1157 1202 ignis
1190 1139 1256 1190 Post
1273 1141 1443 1204 muitnpes·

238 1221 368 1277 rosiones
390 1221 462 1270 affuit
478 1219 597 1270 Tundalo
611 1221 752 1270 adtrooetus
766 1233 829 1268 suus
848 1225 876 1266 et
891 1218 1093 1281 apprehendens
1109 1233 1168 1266 eum
1187 1218 1223 1266 de
1239 1221 1336 1269 medio
1357 1221 1443 1270 iauilie

281 1299 362 1350 dixit:
381 1298 534 1360 ‘Quomodo
545 1297 634 1348 ualeat
667 1297 790 1360 Nunquid
801 1297 906 1346 fuerunt
920 1297 966 1346 tibi
977 1305 1030 1346 tem
1040 1295 1124 1345 uulda
1136 1297 1223 1346 mnis
1234 1297 1442 1354 oblectamentaq

280 1385 310 1426 ut
324 1392 371 1440 pro
386 1377 426 1427 eis
441 1384 481 1426 tot
495 1385 522 1426 et
537 1383 609 1426 tanta
623 1375 810 1439 meia(debees
824 1372 984 1424 minerel’
1017 1373 1377 1440 lllspenitmrespondeoe)
1391 1393 1442 1426 non

281 1463 392 1517 poterat,
404 1456 464 1518 quia
475 1459 657 1518 postmultum
667 1454 820 1517 supplicium
832 1453 896 1516 non)
908 1453 1018 1502 habebnt
1029 1453 1098 1502 uires
1108 1454 1142 1501 ad
1153 1453 1325 1515 loquendum
1357 1457 1442 1520 <runc

279 1533 388 1596 angelus
396 1535 445 1584 ait:
457 1533 646 1599 ‘ConOortars
655 1533 717 1596 quia
723 1533 844 1582 doninus
852 1532 956 1580 deducit
963 1533 1008 1592 (ad
1018 1531 1116 1580 inferos
1126 1539 1154 1580 et
1163 1533 1288 1596 reducit).
1310 1533 1443 1595 Quamuis

237 1629 265 1682 ¹5
280 1613 349 1660 enim
366 1627 460 1673 magns
475 1611 528 1661 sint
543 1627 596 1674 que
612 1611 758 1674 buciusque
774 1609 862 1674 pessa)
880 1625 918 1670 es,
937 1609 1034 1659 maiora
1049 1617 1136 1658 tamen
1152 1617 1253 1660 sunta
1271 1613 1374 1674 quibus
1396 1629 1443 1676 per

281 1689 324 1740 dei
345 1690 548 1740 misericordiam
568 1687 732 1739 liberaberis’
772 1688 806 1738 lit
823 1689 940 1738 eddidit:
968 1687 1083 1737 ‘Omnes
1104 1703 1171 1750 quos
1190 1691 1317 1752 superitm
1339 1693 1442 1750 nid'mti,

280 1767 401 1818 iudicium
418 1775 565 1830 expectnnt,
581 1776 622 1818 set
636 1769 674 1818 bii
690 1769 734 1830 qui
750 1767 834 1816 adhuc
856 1766 961 1816 suntin
980 1765 1152 1828 inferioribus,
1170 1767 1222 1816 inm
1238 1769 1351 1820 iudicati
1371 1781 1441 1820 arnt.

281 1846 398 1909 (Adnue
409 1847 479 1896 enirn
494 1848 558 1911 (non
571 1848 713 1910 pennenisti
729 1846 762 1895 ad
777 1845 875 1895 inieras
890 1842 1052 1908 inferiores).'
1086 1845 1119 1894 lit
1135 1861 1207 1894 more
1220 1846 1315 1910 (solito
1326 1856 1441 1913 ungere

280 1939 337 1974 eam
348 1931 375 1974 et
386 1923 555 1987 confortans),
562 1925 696 1988 precessit.
741 1909 866 1986 Cumque
876 1922 951 1973 simul
963 1929 1102 1986 pergerent
1110 1926 1147 1987 (et
1158 1925 1330 1986 innectentes
1339 1941 1440 1977 sermo·

236 2018 267 2056 ao
280 2003 434 2063 cinerentur,
445 2019 506 2052 ecce
521 2003 632 2066 (subitus
645 2003 738 2052 horror
751 2001 789 2065 et)
806 2001 888 2064 frigus
902 2001 1071 2051 intollerabile
1085 2008 1113 2050 et
1127 2002 1196 2051 fetor
1210 2003 1442 2068 (intollera)be'iis¹

280 2087 307 2130 et
329 2081 434 2130 tenebre
453 2081 582 2144 prioribus
603 2079 825 2143 incomputabiles,
844 2079 987 2144 (tribulacio
1003 2079 1041 2142 et)
1058 2079 1178 2142 engttstia
1191 2081 1309 2132 animam
1326 2083 1441 2134 Tunrhli

280 2160 439 2219 inusserunt,
459 2161 494 2208 ite
517 2167 545 2208 ut
567 2160 655 2209 omnin
676 2159 841 2208 iirndamenta
863 2165 931 2207 terre
953 2158 1115 2218 ui(derentur
1135 2158 1196 2220 sibi)
1217 2163 1439 2226 contremiscere,

280 2245 309 2287 et
324 2237 419 2300 angelo
428 2239 577 2300 precedenti
593 2237 737 2301 com(pulsa
753 2235 809 2286 αι’
821 2235 935 2299 dicere):
952 2235 1029 2285 ‘Heu
1046 2237 1121 2286 micbi
1129 2237 1148 2298 ⁴,
1158 2237 1221 2299 quid
1238 2247 1282 2288 est
1299 2244 1376 2302 quod
1394 2258 1440 2305 pre

279 2315 359 2366 solito
378 2317 459 2382 (stare
478 2331 532 2366 non
553 2314 704 2379 possuml)'
745 2314 806 2377 Quo
823 2315 893 2364 dicto
914 2329 966 2364 non
987 2315 1071 2378 potuit
1088 2330 1118 2364 se
1140 2331 1248 2365 mouere
1273 2320 1336 2382 (pre
1359 2322 1440 2369 nimia

236 2411 265 2464 ²5
280 2393 437 2458 ior)midine.
471 2393 504 2444 Et
517 2409 578 2444 ecce
592 2394 701 2458 angelus
711 2395 763 2444 cito
774 2393 905 2455 disparuit,
923 2399 950 2442 et
964 2407 1024 2442 eum
1040 2394 1150 2456 amplius
1165 2395 1259 2444 uidere
1271 2411 1329 2446 non
1341 2401 1438 2460 potnit.

282 2473 342 2522 Non
354 2479 394 2522 est
405 2473 474 2522 enim
485 2473 624 2536 sapiencia,
637 2488 690 2522 non
706 2479 747 2522 est
763 2470 875 2522 sciencie
891 2486 939 2520 nec
956 2471 1026 2520 racio
1040 2473 1109 2534 apud
1127 2472 1224 2522 lnieros
1241 2489 1298 2536 quo
1316 2477 1364 2526 illa
1380 2493 1439 2540 pro

281 2551 395 2614 perabat
428 2551 535 2602 Audiuit
552 2559 638 2602 autem
655 2553 780 2602 clamores
797 2557 824 2599 et
841 2549 951 2600 ululatus
967 2549 1032 2599 mire
1044 2551 1236 2614 magnitudinis,
1250 2561 1278 2602 et
1289 2557 1440 2605 tonitruum
1493 2543 1494 2546 ¹

280 2637 332 2679 tem
340 2630 472 2690 horribile,
480 2637 508 2679 ut
519 2646 568 2680 nec
577 2631 690 2694 paruitas
701 2637 791 2679 nostra
801 2628 914 2692 potuerit
922 2643 1023 2690 capere,
1034 2643 1083 2678 nec
1094 2629 1182 2692 lingua
1193 2629 1275 2694 [eius]
1284 2630 1439 2684 'enarrare

280 2708 496 2772 Circumspiciens
515 2723 580 2770 ergo
598 2709 621 2758 si
639 2724 690 2772 quo
707 2708 785 2756 modo
803 2707 892 2756 uidere
912 2714 1000 2770 posset
1016 2709 1086 2757 unde
1102 2716 1236 2768 uenerant,
1255 2711 1325 2760 uidit
1341 2713 1441 2763 fossum

235 2789 430 2858 gomudntam
453 2794 480 2836 et
503 2787 705 2850 quadrangulam
728 2785 802 2848 quasi
823 2785 969 2848 cisternam,
993 2785 1038 2847 qui
1060 2795 1155 2848 puteus
1177 2787 1309 2849 putridam
1334 2792 1440 2840 flemme

280 2872 308 2916 et
330 2865 392 2915 lumi
414 2865 547 2916 emittebat
568 2866 739 2929 columpnam.
757 2879 809 2926 que
826 2864 964 2926 columpna
982 2865 1171 2914 extendebatur
1188 2880 1274 2927 usque
1292 2869 1331 2917 ad
1352 2871 1442 2928 celos,

280 2950 307 2993 et
330 2943 356 2991 in
379 2944 435 3006 ipsa
456 2943 594 3006 columpna
616 2951 672 2993 erat
694 2942 830 2992 miltitudo
852 2942 963 2990 maxima
981 2943 1123 2991 animarum
1146 2951 1173 2992 et
1194 2943 1341 2996 demonum
1365 2963 1441 2998 more

280 3021 423 3071 nusshmm
437 3036 495 3071 cum
511 3023 612 3071 flamma
628 3021 835 3080 ascendentium,
846 3027 873 3069 et
887 3021 920 3069 ad
937 3020 1059 3070 nichilum
1070 3022 1181 3083 redacte,
1194 3023 1290 3072 iterum
1307 3027 1441 3077 adeunt

280 3115 337 3149 cum
358 3101 510 3150 demonibus
530 3101 557 3149 in
573 3100 704 3150 fornacem
721 3113 804 3162 usque
822 3099 848 3147 in
866 3099 1028 3160 protundum.
1062 3099 1122 3161 Quo
1140 3101 1197 3149 uiso
1214 3101 1302 3151 anima
1323 3103 1440 3155 Tuadali
1493 3137 1494 3158 ι

235 3199 266 3250 35
281 3179 385 3227 uolebat
403 3194 435 3229 se
451 3187 521 3228 retro
539 3180 687 3230 retrahere:
712 3185 753 3227 set
771 3191 824 3225 non
843 3176 945 3226 ualebat
961 3192 977 3226 a
995 3185 1063 3238 terra
1083 3179 1164 3240 pedes
1181 3177 1279 3230 leuare.
1321 3181 1360 3231 Et
1378 3186 1440 3232 dum

282 3256 332 3306 hoc
344 3257 431 3320 sepius
442 3263 587 3321 temptaret,
597 3263 639 3307 set
650 3257 734 3306 iacere
746 3270 798 3305 non
808 3261 904 3318 posset,
916 3255 995 3304 nimio
1006 3254 1094 3305 furore
1105 3255 1202 3318 repieta
1213 3257 1239 3305 iu
1251 3267 1342 3308 semet
1353 3262 1439 3324 ipsam

281 3336 378 3384 exarsit
400 3343 427 3384 et
449 3349 530 3397 genas
551 3350 613 3385 suas
634 3334 762 3397 unguibus
784 3333 900 3382 lacerans
921 3333 1055 3382 clamauit:
1086 3333 1142 3383 ‘Ve
1164 3334 1247 3396 michi,
1272 3351 1358 3397 quere
1385 3356 1439 3390 non

281 3413 393 3463 moriorl
407 3429 458 3476 que
470 3428 511 3463 me
522 3413 625 3476 decepit
640 3411 805 3462 demencial'
837 3411 981 3461 Audientes
999 3411 1049 3461 boc
1062 3412 1186 3462 demones
1202 3413 1246 3475 qui
1258 3428 1318 3464 cnm
1332 3417 1440 3468 damma

280 3492 463 3555 ascendebant,
483 3492 707 3542 circumdederunt
729 3505 786 3540 eum
807 3505 866 3539 cum
888 3490 1065 3540 instrumentis
1087 3491 1181 3552 quibus
1200 3493 1302 3542 animas
1324 3497 1362 3544 ad
1386 3505 1441 3546 tor·

234 3593 268 3644 40
282 3577 368 3620 menta
385 3571 527 3634 rapiebant,
540 3570 675 3620 dicentes:
691 3567 732 3618 ‘O
745 3569 838 3618 misera
853 3568 940 3618 anima
956 3568 1031 3630 penis
1045 3576 1072 3618 et
1088 3569 1242 3618 cruciatibus
1258 3571 1349 3633 digna,
1365 3577 1439 3624 unde

280 3649 331 3699 huc
348 3649 461 3699 uenistii
496 3648 539 3698 llil
556 3649 641 3698 adhuc
657 3655 766 3712 experte
781 3662 811 3696 es
819 3662 826 3707 ς
843 3647 928 3696 adhuc
943 3647 1043 3695 uidebis
1059 3647 1165 3709 dignum
1182 3649 1304 3710 operibus
1315 3653 1371 3700 tuis
1384 3661 1437 3702 tor·

281 3735 405 3788 mentum,
422 3729 456 3776 de
473 3741 525 3789 quo
544 3727 616 3776 exire
636 3741 688 3775 non
708 3725 806 3789 poteris
824 3725 914 3774 necin
934 3739 967 3774 eo
984 3725 1077 3787 perire,
1094 3732 1135 3774 set
1151 3740 1256 3788 semper
1272 3727 1299 3776 in
1316 3731 1438 3780 cruciatu

280 3807 373 3856 uiuens
383 3806 493 3866 ardebis,
504 3806 561 3854 sine
573 3805 715 3866 refrigerio,
723 3804 781 3853 sine
792 3805 898 3864 lumine,
907 3803 965 3852 sine
976 3803 1165 3864 consolacione,
1173 3805 1231 3854 sine
1242 3806 1313 3855 omni
1324 3810 1437 3870 auxilio,

281 3885 377 3936 nullam
400 3885 522 3946 deinceps
544 3883 744 3933 misericordium
765 3896 872 3946 sperare
893 3881 1000 3944 poteris.
1045 3882 1265 3946 Appropinquasti
1292 3899 1381 3948 usque
1402 3890 1437 3937 nd

233 3991 266 4043 45
281 3971 369 4028 portas
380 3964 470 4012 mortis
481 3969 508 4011 et
522 3961 630 4011 infernis
642 3959 802 4010 inierionbus
817 3961 875 4010 sinc
892 3974 964 4009 mora
979 3961 1176 4022 presentaberis.
1217 3961 1270 4023 Qui
1283 3969 1310 4012 te
1321 3963 1376 4015 huc
1390 3969 1437 4016 ad·

281 4043 362 4102 duxit,
374 4041 431 4105 ipse
442 4047 468 4090 te
480 4040 595 4102 decepit;
612 4039 701 4089 liberet
712 4045 748 4098 te,
759 4037 781 4088 si
797 4044 889 4101 potest,
902 4039 935 4086 de
950 4037 1067 4088 manibus
1079 4039 1180 4098 nostris,
1194 4053 1247 4088 non
1259 4041 1364 4091 tridebis
1375 4059 1435 4092 eum

280 4118 408 4185 amplius)
443 4118 475 4169 Et
486 4118 631 4168 adinuicem
643 4117 830 4180 loquebantur:
846 4118 853 4143 ⁴
864 4116 934 4178 Quid
945 4115 1056 4178 amplius
1067 4119 1212 4169 moramuri
1229 4119 1366 4170 trahemus
1377 4139 1435 4173 eam

281 4209 307 4252 et
319 4202 411 4250 demus
422 4213 480 4248 eam
493 4197 612 4247 Luciiero
620 4192 810 4252 denotandus’
822 4202 849 4246 et
860 4195 898 4244 sic
906 4193 997 4260 [artua]
1005 4194 1015 4222 ¹
1023 4194 1049 4244 in
1058 4211 1115 4244 eam
1125 4195 1257 4246 uibrantes
1269 4198 1437 4250 minabantur

314 4317 321 4346 ¹
339 4317 372 4367 al.
386 4317 469 4366 donec
477 4315 569 4364 vicens
580 4314 621 4364 vel
633 4312 730 4364 triceno
739 4314 780 4363 vel
791 4320 910 4362 certene.
976 4309 986 4338 ¹
1002 4311 1104 4373 soVB,
1113 4311 1173 4363 sch.
1181 4319 1259 4364 antea
1270 4314 1434 4379 inexpertus.

280 4381 290 4412 ²
308 4397 338 4431 so
349 4381 415 4440 VB,
428 4380 488 4430 Sch.
501 4380 706 4444 compelleretur.
771 4377 781 4408 *
796 4378 829 4428 al.
841 4379 876 4427 mi
888 4377 1000 4428 domine.
1066 4379 1076 4408 ⁸
1092 4393 1141 4428 om.
