3028 4894
380 308 456 402 Da
479 304 644 397 sautu
669 305 951 396 totumue
1178 328 1252 403 447

212 559 236 620 i
256 547 310 618 De
329 577 445 638 snucro
463 548 717 646 Wrcuanonno¹
737 576 878 618 nriscoro
897 577 934 617 er
953 576 1145 618 consessore
1154 559 1173 616 ².

176 696 248 756 Uitl
265 699 346 757 enim
363 701 394 756 in
414 698 568 757 Britannia
587 698 702 768 Maiori,
716 698 767 756 in⁴
780 698 935 772 prouincia
948 698 1253 766 northanhumbrana,

204 785 251 844 vir
260 785 400 860 ⁶quidam
408 805 520 861 genere
529 786 648 860 Anglus
657 788 780 843 nomine
788 785 908 859 Wilgis,
916 787 1084 860 religiosam
1095 785 1125 842 in
1134 785 1253 844 Christo

101 888 174 928 cum
194 873 320 948 coniuge
344 885 374 933 et
398 875 479 931 omni
505 875 596 932 domo
620 891 675 931 sua
691 863 793 947 ¹agens
817 875 918 944 vitam,
943 883 973 930 et
998 874 1101 931 relicto
1131 875 1252 931 tandem

102 960 234 1017 seculari
256 961 366 1032 habitu,
387 961 583 1019 monasticam
609 961 699 1034 elegit
722 962 999 1032 conuersationem3
1026 969 1056 1018 et
1076 978 1137 1017 non
1160 961 1254 1018 multo

102 1057 174 1120 post
187 1060 342 1106 crescente
354 1050 385 1106 in
398 1067 434 1106 eo
448 1049 567 1107 feruore
583 1048 746 1122 spiritualis
758 1050 828 1118 vite,
841 1049 971 1105 solitarie
988 1048 1124 1123 seipsum
1143 1049 1253 1106 manci·
1267 1065 1281 1113 5

102 1135 188 1208 pauit
206 1136 390 1207 districtioni,
409 1137 527 1194 ieiuniis
545 1146 575 1194 et
593 1136 776 1194 orationibus
794 1138 851 1193 deo
870 1138 1008 1194 seruiens
1029 1136 1131 1192 multis
1150 1137 1253 1193 claruit

103 1222 209 1296 signis.
247 1223 305 1282 Hic
327 1225 407 1282 enim
430 1244 469 1282 ex
489 1243 584 1282 vxore
605 1241 661 1282 sua
685 1232 821 1281 sanctum
846 1223 949 1298 genuit
974 1225 1030 1282 deo
1055 1224 1196 1282 dilectum
1224 1235 1254 1282 et

103 1311 245 1368 omnibus
266 1312 425 1369 amabilem
443 1311 689 1368 Willebrordum.
734 1311 832 1382 Quem
852 1329 920 1368 cum
941 1295 1038 1368 mater
1059 1311 1254 1385 concepisset,

102 1397 224 1456 videbat
236 1399 322 1472 quasi
341 1417 450 1456 nouam
470 1399 500 1456 in
519 1401 584 1457 celo
603 1399 713 1471 lunam,
730 1417 798 1472 que,
815 1401 887 1456 dum
906 1400 996 1474 plena
1015 1417 1084 1457 esse
1102 1399 1255 1458 videretur

104 1503 229 1560 semper
246 1487 283 1543 ad
307 1487 390 1545 incre
421 1496 529 1552 ontum
546 1487 708 1545 tendebat:
734 1504 825 1560 quam
846 1487 1017 1561 diligentius
1039 1487 1089 1544 illa
1110 1487 1253 1558 intuente,
1270 1509 1300 1544 ro

103 1571 263 1646 repentino
287 1590 376 1631 cursu
391 1505 484 1649 5itpsa
505 1576 562 1632 ruit
583 1574 614 1631 in
636 1593 670 1632 os
695 1573 777 1632 eius:
803 1592 861 1648 qua
887 1577 1037 1643 deuorata,
1059 1577 1124 1632 eius
1149 1575 1254 1632 intima

104 1660 268 1734 splendore
280 1662 412 1719 maximo
424 1673 495 1720 sunt
507 1662 637 1736 perfusa
661 1661 728 1720 Hec
742 1679 810 1720 cum
824 1663 941 1720 cuidam
952 1662 1090 1736 religioso
1103 1662 1254 1721 retulisset

104 1749 282 1820 presbitero,
303 1751 476 1824 respondit:
505 1749 609 1807 ‘Luna
629 1767 718 1823 quam
741 1750 842 1808 vidisti
862 1769 901 1808 ex
922 1751 1039 1808 modico
1061 1751 1091 1807 in
1112 1769 1254 1824 magnum

104 1852 252 1907 crescere,
271 1837 350 1894 filius
371 1847 419 1895 est
442 1855 533 1910 quem
555 1837 738 1911 concepisti:
767 1839 818 1912 qui
837 1839 904 1895 luce
922 1838 1057 1896 veritatis
1076 1838 1254 1912 caliginosos

103 1924 297 1980 tenebrarum
322 1941 441 1982 errores
465 1925 611 1995 discutiet,
637 1933 667 1982 et
691 1943 870 1999 quocunque
894 1925 1071 1999 perrexerit,
1095 1927 1254 1984 comitante
1271 1947 1279 1982 ι
1286 1947 1299 1995 5

104 2011 229 2084 superni
241 2011 364 2069 luminis
376 2013 545 2085 splendore,
557 2012 619 2070 vite
632 2029 686 2069 sue
700 2013 857 2070 sanctitate
870 2013 1030 2070 multorum
1047 2013 1163 2070 animos
1176 2014 1207 2069 in
1220 2031 1254 2071 se

104 2098 236 2156 alliciet!
267 2099 364 2158 Natus
382 2101 463 2156 enim
481 2117 558 2173 puer
576 2107 605 2156 et
623 2100 797 2171 ablactatus,
816 2100 943 2158 ecclesie
963 2101 1095 2174 n'pensis
1114 2101 1254 2159 iratribus

104 2187 201 2243 sacris
218 2186 324 2244 litteris
342 2187 468 2244 traditur
486 2189 675 2246 educandus:
701 2197 731 2245 et
749 2198 886 2262 tempore
905 2198 1052 2262 oportuno
1071 2188 1121 2260 pia
1139 2188 1254 2262 profes-

104 2273 192 2330 sione
201 2274 382 2331 monachum
393 2291 427 2332 se
440 2274 517 2332 iecit.
547 2275 626 2331 Nulli
639 2275 788 2332 sociorum
802 2276 976 2333 humilitatis
986 2275 1086 2332 officio
1095 2277 1254 2347 secundus,

104 2361 180 2418 nulli
204 2361 340 2419 lectionis
364 2361 462 2419 studio
486 2361 628 2420 inferior:
659 2371 691 2420 vt
716 2371 838 2420 teneros
862 2363 989 2436 pueritie
1015 2381 1111 2420 annos
1136 2381 1254 2420 morum
1270 2393 1301 2428 20

102 2448 250 2522 grauitate
262 2450 496 2507 transcenderet.
532 2450 691 2507 Accensus
704 2451 824 2507 tandem
838 2450 971 2507 arctioris
983 2450 1044 2508 vite
1056 2451 1214 2522 desiderio,
1223 2452 1253 2508 in

105 2535 286 2594 Hiberniam
306 2536 458 2611 proiectus
480 2546 583 2594 sancto
605 2537 736 2612 Egberto
757 2546 786 2595 et
805 2537 981 2607 Witberto⁸,
1001 2539 1051 2611 qui
1073 2540 1111 2595 ob
1135 2539 1254 2596 celestis

103 2623 201 2698 patrie
222 2641 366 2694 amorem,
386 2625 561 2698 cognatione
583 2625 675 2682 domo
699 2634 729 2684 et
753 2625 850 2699 patria
874 2626 986 2683 relictis
1011 2627 1253 2700 contemplationi

103 2711 217 2770 ibidem
237 2714 390 2781 vacabant,
410 2731 443 2770 se
468 2712 601 2770 sociauit.
637 2713 714 2770 Cum
740 2715 848 2786 quibus
869 2713 900 2770 in
922 2730 1032 2786 magna
1056 2713 1200 2787 religione
1225 2723 1255 2772 et

104 2815 192 2857 sacre
216 2799 353 2858 lectionis
377 2801 475 2857 studio
506 2800 665 2858 duodecim
697 2801 786 2858 annis
816 2802 1056 2858 conuersabatur.
1094 2802 1166 2858 Post
1191 2802 1253 2874 hec,
1270 2835 1299 2883 ²5

104 2887 269 2961 assumptis
281 2887 420 2945 undecim
428 2887 576 2958 fratribus,
586 2897 618 2944 vt
629 2891 710 2963 genti
723 2888 880 2945 Frisonum
893 2888 1061 2962 predicaret
1070 2890 1195 2946 verbum
1206 2891 1254 2947 dei

105 2991 189 3032 mare
201 2975 360 3046 transiens,
373 2976 410 3032 ad
424 2977 578 3033 castellum
596 2977 718 3033 nomine
731 2976 901 3033 Traiectum
921 2977 1067 3049 peruenit.
1105 2976 1167 3033 Sed
1186 2977 1255 3050 quia

103 3061 212 3136 gensF
214 3062 348 3119 risonum
357 3080 424 3120 cum
433 3081 503 3137 rege
511 3063 732 3121 suoRathbodo
741 3063 1051 3120 ritibus⁷detinebatur
1059 3081 1255 3137 paganorum,

104 3150 152 3207 vir
164 3150 214 3207 dei
228 3150 252 3207 F
253 3150 385 3208 ranciam
398 3154 500 3223 tendit,
514 3169 549 3209 ac
561 3154 670 3209 ducem
685 3152 869 3209 Francorum
884 3151 1024 3224 Pipinum
1037 3151 1118 3208 adiit.
1154 3152 1183 3208 A
1196 3171 1255 3228 quo

105 3237 270 3295 honorifice
288 3247 456 3312 susceptus,
475 3239 539 3296 loca
558 3247 705 3313 oportuna
722 3239 801 3296 infra
819 3256 946 3312 regnum
967 3238 1031 3296 eius
1050 3239 1181 3308 sortitur,
1196 3259 1256 3314 quo
1270 3271 1301 3319 30

106 3327 211 3398 spinas
223 3325 369 3399 ydolatrie
380 3335 484 3400 posset
496 3326 648 3400 extirpare
660 3336 691 3384 et
703 3326 866 3401 purissima
877 3326 962 3383 verbi
975 3326 1023 3385 dei
1042 3327 1158 3384 semina
1170 3345 1255 3402 spar-

105 3430 186 3486 gere.
235 3413 371 3489 Cumque
400 3413 534 3487 prefatus
564 3416 626 3471 dux
656 3414 791 3486 vidisset,
821 3432 879 3489 per
914 3413 1148 3487 predicationem
1178 3417 1255 3474 beati

108 3499 301 3558 Willebrordi
314 3501 423 3559 multos
436 3504 473 3559 ad
486 3504 577 3559 deum
590 3502 733 3573 conuerti,
747 3501 828 3560 misit
841 3519 915 3578 ¹eum
929 3503 967 3558 ad
979 3519 1089 3576 papam
1105 3502 1254 3577 Sergium,

105 3597 137 3644 vt
157 3587 319 3662 episcopali
339 3589 545 3647 benedictione
564 3599 714 3664 suscepta,
732 3590 763 3646 in
784 3608 861 3663 opus
880 3590 1027 3663 euangelii
1045 3600 1256 3648 reuerteretur.

106 3675 220 3745 Quarto
239 3683 338 3734 autem
359 3676 408 3734 die
430 3686 591 3750 antequam
614 3677 743 3734 Romam
765 3678 907 3748 venisset,
929 3695 1009 3751 pape
1030 3694 1086 3751 per
1107 3677 1254 3748 visionem
1269 3707 1299 3757 35

106 3763 234 3819 innotuit
253 3763 400 3822 aduentus
420 3765 494 3834 eius,
513 3773 543 3821 et
560 3773 592 3820 vt
611 3765 694 3822 illum
713 3764 744 3821 in
763 3782 872 3839 magna
890 3768 1062 3823 reuerentia
1079 3765 1254 3839 susciperet,

106 3851 291 3907 admonetur.
315 3850 413 3922 Quem
423 3869 490 3909 cum
499 3851 632 3909 maximo
642 3852 756 3910 honore
765 3861 939 3927 susceptum
952 3852 982 3908 in
996 3853 1254 3927 archiepiscopum

107 3955 296 4009 consecrans,
321 3956 412 3996 omne
436 3940 517 4012 quod
543 3939 627 4012 petiit
651 3957 720 3996 cum
745 3940 877 3997 maxima
900 3940 1010 3997 mentis
1040 3941 1189 3998 alacritate
1213 3942 1254 3998 illi

105 4025 234 4082 tradidit.
270 4025 347 4082 Cum
359 4035 460 4084 autem
479 4028 516 4084 ad
537 4026 677 4101 Pipinum
695 4029 803 4085 ducem
821 4027 959 4096 redisset,
972 4027 1083 4086 missus
1098 4038 1144 4086 est
1163 4029 1200 4086 ab
1219 4045 1255 4087 eo

105 4113 187 4186 genti
207 4112 365 4172 Frisonum
384 4115 422 4171 ad
441 4113 658 4188 predicandum
676 4115 801 4173 verbum
823 4115 881 4173 dei.
917 4113 976 4172 Vbi
995 4132 1050 4188 per
1071 4115 1206 4174 ciuitates
1225 4128 1255 4176 et
1268 4147 1300 4196 40

138 4251 146 4281 ¹
164 4252 194 4303 T.
203 4251 388 4304 willebrordo.
454 4253 465 4284 ’
480 4253 611 4316 Ahridged
624 4253 689 4304 from
701 4255 747 4304 the
753 4254 812 4304 Vita
820 4255 855 4317 by
861 4253 954 4304 nteuin
965 4254 1005 4305 ed.
1014 4255 1040 4303 in
1048 4253 1138 4304 Surius
1151 4270 1165 4316 7
1179 4253 1254 4310 Nou..

108 4317 230 4368 Mabillon
244 4318 391 4382 1114561.
457 4318 513 4370 ¹11.
527 4320 649 4379 Erat5T.
660 4320 713 4370 suit.
779 4320 858 4372 ‘oua
870 4321 897 4370 in
909 4321 938 4371 T.
1006 4320 1125 4371 ⁵E.vbi.
1193 4320 1253 4370 tat.

106 4383 248 4449 Wicberto,
262 4384 326 4438 bed
338 4385 477 4437 Victberto.
544 4383 554 4414 ²
572 4385 603 4436 E.
615 4386 718 4436 retibus.
