3012 4898
261 333 331 413 312
570 309 919 418 aasumensi
943 311 1095 417 insila
1273 332 1429 400 [nam

257 518 403 583 apostolum
415 533 472 568 cum
484 531 578 580 magna
588 515 663 566 turba
679 515 869 580 episcoporum,
881 516 950 566 inter
959 531 1025 578 quos
1039 523 1150 579 quatuor
1160 517 1226 566 uidit
1239 516 1302 583 [sibi
1314 519 1428 583 nonosJ,

257 599 355 648 scilicet
367 597 528 646 Celastinum
544 595 743 646 ardmachanum
761 595 1003 657 (archiepiscopum,
1014 601 1042 644 et
1055 594 1204 644 Malachiam
1220 596 1266 658 qui
1278 595 1429 646 celestino

257 677 391 736 successit,
411 675 454 737 qui
473 673 583 723 Romam
600 673 711 724 ueniens
727 679 844 735 tempore
865 672 1015 722 innocencii
1029 688 1105 734 pape,
1123 672 1226 735 legatus
1241 681 1269 723 et
1286 675 1426 738 achiepi-

257 769 352 817 scopus
359 754 391 803 ab
399 753 443 802 illo
452 761 492 802 est
500 753 665 812 constitutus,
674 751 719 814 qui
729 751 815 799 omnia
823 764 875 813 que
883 749 979 800 babere
985 758 1088 813 poterat
1095 750 1208 800 sanctis¹
1218 758 1247 801 et
1255 754 1428 815 pauperibus

231 845 245 895 5
259 832 397 882 diuidebat
432 831 483 881 Hic
494 837 656 880 consumetur
667 830 753 880 extitit
764 829 829 878 xliiii
837 827 1004 878 cenobiorum
1015 830 1208 888 monachorum,
1219 831 1427 892 mosaicorum,

258 909 500 970 sanctimonialium,
519 909 612 970 quibus
631 907 718 957 omnia
738 907 885 957 necoeuria
903 907 1063 970 procidebat,
1082 915 1111 956 et
1132 907 1211 956 nichil
1232 909 1346 958 omnino
1369 911 1426 958 sibi

258 989 393 1039 retinebat.
430 987 520 1049 Ibique
537 987 603 1036 uidit
614 986 789 1036 Christianum
805 985 994 1046 lugdunensem
1009 985 1167 1047 episcopum,
1178 985 1286 1036 fratrem
1304 989 1426 1050 predicti

260 1065 386 1116 lislachie
398 1065 537 1122 uterinum,
549 1065 613 1114 mne
624 1063 788 1114 continencie
800 1064 883 1112 uirum
895 1070 922 1112 et
933 1063 1078 1112 uoluntaria
1090 1064 1250 1125 paupertat'ss
1260 1073 1427 1126 amatorem,

259 1151 286 1194 ct
297 1145 432 1194 liconiam
448 1143 594 1192 cluanensis
610 1141 722 1192 ciuitatis
738 1142 887 1200 antistitem,
899 1141 982 1190 uinum
999 1140 1143 1203 simplicem
1159 1149 1237 1204 atque
1254 1145 1426 1203 modestum.

216 1237 247 1275 ιο
259 1222 390 1286 sapiencia
407 1237 510 1284 quoque
533 1229 559 1270 et
578 1221 695 1270 castitate
713 1235 760 1282 pre
780 1218 875 1270 ceteris
893 1219 1042 1282 fulgentem.
1086 1218 1145 1269 Hos
1161 1227 1273 1282 quantor
1289 1223 1426 1284 cognouit

258 1303 403 1364 episcopos.
440 1299 552 1363 Eratque
570 1299 642 1348 iuxta
658 1313 706 1348 eos
722 1313 801 1347 unum
818 1297 902 1347 sedile
918 1297 1070 1346 mirabiliter
1086 1305 1214 1357 ornatum,
1225 1297 1253 1347 in
1265 1315 1321 1360 qno
1340 1316 1426 1351 neno

258 1379 372 1429 sedebat.
415 1378 448 1428 Et
468 1379 533 1427 dixit
550 1377 699 1426 Tundalus:
724 1377 824 1426 ‘Cuius
846 1383 888 1426 eat
909 1375 976 1425 istud
995 1376 1085 1434 sedile,
1104 1382 1131 1425 et
1153 1390 1234 1438 quare
1251 1377 1292 1427 sic
1309 1378 1426 1429 uacstl’

260 1457 408 1520 Respondit
427 1464 531 1506 sanctus
555 1454 709 1504 Malachiass
733 1455 889 1504 ‘Cuiusdam
911 1454 944 1502 de
965 1453 1085 1503 iratribus
1104 1455 1210 1516 nostris,
1233 1457 1279 1518 qui
1297 1457 1425 1508 nondum

259 1535 378 1598 migrauit
388 1551 404 1583 a
416 1549 538 1597 corpore;
554 1534 596 1582 hic
608 1533 702 1582 sedibit
713 1547 771 1582 cum
783 1530 950 1595 migrauerit’
1011 1520 1083 1585 Cum
1093 1540 1180 1582 autem
1191 1533 1218 1582 in
1230 1533 1282 1584 hiis
1295 1535 1425 1584 omnious

216 1627 245 1680 15
259 1613 344 1662 anima
359 1613 468 1664 Tundali
487 1613 563 1662 ualde
579 1611 758 1672 delectaretur,
771 1611 844 1660 all'uit
859 1609 969 1672 angelus
980 1610 1087 1671 domini,
1098 1611 1142 1674 qui
1158 1625 1215 1660 eam
1232 1615 1424 1676 antoeedebet,

259 1699 286 1740 et
303 1691 396 1740 blande
413 1706 470 1740 eam
485 1691 620 1753 alloquens
636 1691 691 1740 ait:
707 1688 818 1738 ‘Vidisti
832 1689 882 1739 bec
897 1687 1014 1738 omnial’
1049 1689 1081 1738 Et
1099 1689 1160 1738 illa:
1177 1688 1288 1752 ‘Video,
1301 1692 1424 1744 domine.

259 1769 384 1828 Obsecro,
405 1771 462 1819 sine
482 1785 523 1818 mc
543 1769 584 1818 bic
602 1765 678 1818 esse!
723 1767 772 1818 Cui
790 1767 914 1829 angelus:
938 1767 1042 1817 ‘Debes
1064 1767 1096 1816 ad
1115 1782 1210 1831 corpus
1232 1775 1307 1819 tuum
1332 1773 1424 1821 redire

259 1853 286 1897 et
297 1848 384 1899 omnia
395 1863 446 1910 que
457 1847 544 1896 uidisti
555 1847 588 1896 ad
596 1847 731 1895 utilitatem
739 1847 914 1909 proximorum
922 1846 1071 1895 memoriter
1078 1846 1208 1895 retinere!
1242 1847 1306 1908 Quo
1317 1851 1423 1908 audito.

259 1926 344 1975 anima
360 1927 440 1975 tristis
455 1933 481 1976 ct
495 1927 561 1974 lleus
576 1924 727 1987 respondit:
744 1933 751 1952 ¹
763 1923 882 1982 Domine,
894 1923 987 1986 inquit,
998 1923 1060 1984 quid
1071 1924 1135 1972 tanti
1148 1923 1208 1973 mali
1221 1927 1265 1988 egi
1283 1935 1314 1975 ut
1329 1929 1423 1978 relicta

216 2023 247 2058 ao
260 2011 331 2054 tanta
349 2005 432 2067 gloria
449 2005 482 2054 ad
500 2018 594 2066 corpus
612 1999 746 2054 redeaml'
786 2003 830 2052 Ad
850 2017 926 2063 quam
945 2001 1071 2064 angelum
1094 2001 1188 2052 ‘Hauc
1206 2017 1261 2053 non
1281 2017 1423 2056 merentur

260 2083 356 2132 intrare
368 2083 418 2131 nisi
434 2083 557 2144 uirgines,
570 2081 614 2144 qui
630 2095 740 2143 corpora
755 2095 803 2130 sua
817 2081 849 2130 ab
865 2079 935 2129 omni
952 2081 1084 2131 immundo
1098 2087 1175 2142 tactu,
1187 2090 1216 2131 et
1232 2085 1315 2134 corda
1326 2101 1376 2135 sua
1387 2088 1423 2135 ab

259 2163 329 2210 omni
341 2161 472 2210 immundo
482 2161 578 2210 affectu
589 2159 746 2220 custodiunt,
758 2166 785 2208 et
800 2160 873 2208 aduri
889 2159 972 2222 magis
987 2160 1047 2223 pm)
1060 2160 1143 2225 tan(ta
1155 2159 1239 2222 gloria
1252 2177 1333 2224 quam
1345 2167 1422 2214 eoin.

258 2240 359 2302 quinarl
376 2239 463 2302 aliqua
478 2239 546 2302 turpi
562 2237 787 2300 concupislcencis
799 2239 910 2302 (uolunt,
921 2238 991 2300 quod
1002 2237 1101 2287 scilicet
1116 2245 1144 2287 tu
1160 2239 1269 2289 uoluisti
1285 2241 1375 2292 lacere
1392 2253 1422 2292 et

258 2317 356 2378 uerbis)
374 2315 457 2367 meis¹
476 2318 603 2382 (credere,
615 2323 641 2366 et
657 2317 717 2365 ideo
734 2331 788 2366 non
804 2317 902 2378 poteris
918 2317 960 2366 hic
976 2331 1087 2366 manere.
1123 2315 1283 2382 Reuer)tere
1300 2335 1367 2383 eigo
1384 2324 1421 2373 ad

215 2415 245 2466 ³5
260 2396 364 2461 (corpus
376 2403 447 2446 tuum
464 2402 491 2446 et
505 2395 606 2445 abstine
622 2395 655 2445 ab
668 2395 729 2456 hiis)
746 2409 797 2457 que
813 2401 875 2444 ante
889 2394 1020 2458 la(ciebas
1050 2394 1192 2444 Consilium
1204 2411 1291 2446 meum
1305 2407 1334 2448 et
1344 2402 1421 2449 auxi·
1498 2411 1499 2418 ¹

259 2475 320 2524 lium
338 2473 396 2538 tibi)
416 2489 470 2524 non
487 2474 580 2535 deerit,
604 2473 656 2538 (set
673 2473 869 2536 presencialiter
889 2480 966 2536 atque
985 2472 1097 2523 fideliter
1113 2473 1169 2538 tibi)
1190 2475 1327 2527 manebit·
1372 2479 1421 2542 (Et

258 2567 316 2602 cum
332 2553 382 2602 boc
393 2554 503 2602 dixisset
518 2552 633 2614 angelus,
646 2567 773 2600 conuersa
787 2553 883 2616 mima)
895 2551 982 2601 statim
997 2551 1081 2600 sensit
1094 2555 1134 2612 (se
1146 2552 1213 2602 mole
1225 2557 1347 2616 corporis
1357 2572 1421 2606 esse

259 2632 418 2693 grauatam);
447 2629 544 2680 nullum
560 2629 735 2694 inter(uallum
751 2645 800 2678 nec
819 2629 916 2678 ullum¹
933 2630 1058 2692 temporis
1075 2629 1234 2690 nummis)
1253 2643 1422 2684 momentum

258 2717 299 2758 set
321 2709 357 2774 (in
382 2725 434 2759 uno
456 2709 600 2770 eodemque
616 2709 741 2770 temporis
758 2715 856 2771 puncto
873 2707 987 2770 incelis)
1007 2708 1159 2770 loquebatur
1177 2709 1210 2758 ad
1232 2711 1371 2775 ang(elnm
1392 2723 1423 2763 et

214 2805 247 2856 30
259 2787 286 2836 in
298 2789 373 2836 terris
381 2803 411 2837 se
422 2788 505 2836 sensit
517 2787 637 2841 induere)
647 2801 742 2848 corpus
753 2801 836 2837 suum.
873 2787 957 2852 (Tunc
969 2787 1024 2849 ipsa
1036 2787 1128 2836 debilis
1139 2788 1289 2849 corporales
1300 2793 1421 2855 aperuit)

259 2865 349 2916 midos
371 2873 398 2914 et
421 2865 566 2930 (suspirans
591 2864 720 2926 nichilque
743 2865 833 2914 dicens
860 2865 986 2928 respexit)
1007 2865 1116 2914 clericos
1138 2866 1369 2930 circum(stantes;
1393 2879 1423 2920 et

259 2944 369 3006 sumpsit
380 2959 474 3006 corpus
486 2943 583 2992 domini
595 2943 664 3004 cum)
681 2943 823 3004 graciarum
838 2943 954 3004 accione,
968 2947 1005 3006 (et
1019 2943 1106 2992 omnia
1122 2958 1173 3005 que
1187 2943 1277 2994 babuit
1293 2947 1422 3010 dispersit
1497 2987 1498 2990 ,

260 3025 297 3083 et)
316 3023 388 3072 dedit
403 3022 569 3084 pauperibus,
582 3027 620 3082 (et
635 3021 737 3082 siguum
748 3028 838 3069 sancte
849 3021 931 3070 crucis
942 3021 1116 3081 uestimentis)
1128 3021 1182 3072 suis
1193 3022 1284 3074 affixit.
1319 3026 1422 3092 (Cane.

259 3109 336 3163 taque
353 3115 404 3162 que
424 3100 524 3149 uiderat
544 3107 570 3148 et
591 3100 705 3148 retinere
725 3100 848 3160 ponent,
867 3097 1044 3164 post<modum
1064 3099 1189 3159 recitauit,
1206 3099 1304 3152 bonam
1323 3105 1422 3168 uitam)

216 3195 246 3248 35
260 3180 356 3229 ducere
375 3179 495 3243 m0(nuit,
513 3177 670 3239 uerbumque
688 3177 731 3226 dei
747 3177 818 3239 quod
836 3184 898 3226 ante
916 3177 1054 3242 numerat)
1072 3193 1130 3228 cum
1146 3193 1240 3241 magna
1257 3181 1421 3246 (deuotione

260 3265 287 3308 et
299 3257 408 3308 utilitate
419 3271 448 3306 ac
459 3255 602 3306 humilitate
613 3261 640 3305 et
651 3255 763 3305 sciencia
774 3255 941 3320 predicabat).

410 3558 435 3620 ll
457 3545 511 3616 Da
530 3573 645 3614 sancio
666 3543 809 3614 Paumno
828 3573 971 3614 ariscoro
989 3573 1027 3614 ετ
1044 3575 1237 3616 conrsssons
1246 3559 1266 3616 ⁴.

327 3696 395 3754 Nno
414 3697 452 3752 ab
465 3693 669 3752 incarnatione
685 3693 798 3752 domini
814 3693 1057 3768 quingentesimo
1070 3695 1255 3770 octogesimo
1268 3702 1421 3771 secundo,

219 3771 221 3776 ¹
361 3784 528 3857 imperante
542 3782 696 3853 Mauricio,
711 3783 874 3857 Gregorius
886 3783 1023 3841 eiusdem
1036 3784 1181 3859 principis
1195 3802 1275 3842 anno
1294 3788 1421 3848 decimo

262 3889 387 3929 romane
412 3871 496 3929 sedis
520 3881 662 3944 papatum
686 3871 814 3944 adeptus
841 3880 896 3928 est.
947 3869 1007 3928 Hic
1036 3872 1117 3929 misit
1146 3873 1354 3946 Augustinum
1388 3890 1421 3936 et

214 3973 250 4026 40
263 3959 421 4017 Paulinum
435 3975 503 4015 cum
516 3959 625 4016 ceteris
637 3959 675 4014 ad
687 3959 905 4032 predicandum
918 3959 1108 4032 euangelium
1125 3960 1207 4033 genti
1220 3959 1419 4034 Anglornm:

261 4064 398 4121 gensque
423 4045 729 4116 northanhumbrana,
754 4063 814 4120 que
839 4047 877 4102 ad
902 4045 1073 4119 aquilonem
1105 4047 1253 4105 Humbrie
1279 4049 1420 4111 fluminis

261 4135 381 4210 plagam
401 4133 555 4206 inhabitat,
577 4149 645 4190 cum
672 4151 727 4191 suo
748 4151 820 4208 rege
847 4133 974 4191 Edwino
998 4136 1124 4192 verbum
1144 4135 1215 4208 vite,
1236 4139 1420 4210 predicante

294 4309 379 4362 ¹Scb.
391 4311 514 4362 cenobiis.
596 4311 889 4374 ⁸Sch.scriptursmns
982 4310 1070 4363 'Scb
1083 4327 1170 4364 unum.
1255 4313 1418 4370 ‘collected

262 4377 327 4426 lrom
340 4377 413 4427 Beda
425 4377 460 4427 ll.
474 4393 512 4438 ¹4·
526 4379 564 4429 16.
578 4392 624 4438 ως
643 4377 692 4428 111.
706 4392 752 4439 14;
767 4379 812 4428 the
823 4376 969 4428 Translstio
980 4377 1003 4428 is
1013 4379 1106 4430 added.
