<?xml version="1.0" encoding="UTF-8"?>
<!DOCTYPE html PUBLIC "-//W3C//DTD XHTML 1.0 Transitional//EN"
    "http://www.w3.org/TR/xhtml1/DTD/xhtml1-transitional.dtd">
<html xmlns="http://www.w3.org/1999/xhtml" xml:lang="en" lang="en">
 <head>
  <title>
</title>
<meta http-equiv="Content-Type" content="text/html;charset=utf-8" />
  <meta name='ocr-system' content='tesseract 3.04.00' />
  <meta name='ocr-capabilities' content='ocr_page ocr_carea ocr_par ocr_line ocrx_word'/>
</head>
<body>
  <div class='ocr_page' id='page_1' title='image "./novalegendaangl00wordgoog/novalegendaangl00wordgoog_0349.png"; bbox 0 0 3012 4898; ppageno 0'>
   <div class='ocr_carea' id='block_1_1' title="bbox 292 286 1130 399">
    <p class='ocr_par' dir='ltr' id='par_1_1' title="bbox 292 286 1130 399">
     <span class='ocr_line' id='line_1_1' title="bbox 292 286 1130 399; baseline 0.007 -25"><span class='ocrx_word' id='word_1_1' title='bbox 292 319 366 394; x_wconf 86' lang='lat'>340</span> <span class='ocrx_word' id='word_1_2' title='bbox 602 295 734 386; x_wconf 63' lang='lat' dir='ltr'>milli</span> <span class='ocrx_word' id='word_1_3' title='bbox 760 293 951 398; x_wconf 62' lang='lat' dir='ltr'>[tudima</span> <span class='ocrx_word' id='word_1_4' title='bbox 976 286 1130 399; x_wconf 66' lang='lat' dir='ltr'>flnffllt.</span> 
     </span>
    </p>
   </div>
   <div class='ocr_carea' id='block_1_2' title="bbox 289 493 1449 746">
    <p class='ocr_par' dir='ltr' id='par_1_2' title="bbox 289 493 1449 746">
     <span class='ocr_line' id='line_1_2' title="bbox 290 493 1449 571; baseline 0 -17"><span class='ocrx_word' id='word_1_5' title='bbox 290 497 378 568; x_wconf 83' lang='lat' dir='ltr'>Quod</span> <span class='ocrx_word' id='word_1_6' title='bbox 390 513 463 554; x_wconf 86' lang='lat' dir='ltr'>vero</span> <span class='ocrx_word' id='word_1_7' title='bbox 473 493 557 569; x_wconf 89' lang='lat' dir='ltr'>prius</span> <span class='ocrx_word' id='word_1_8' title='bbox 567 495 725 554; x_wconf 89' lang='lat' dir='ltr'>candidum</span> <span class='ocrx_word' id='word_1_9' title='bbox 737 495 871 554; x_wconf 84' lang='lat' dir='ltr'>codicem</span> <span class='ocrx_word' id='word_1_10' title='bbox 881 513 1009 571; x_wconf 85' lang='lat' dir='ltr'>paruum</span> <span class='ocrx_word' id='word_1_11' title='bbox 1018 497 1207 571; x_wconf 89' lang='lat' dir='ltr'>protulerunt</span> <span class='ocrx_word' id='word_1_12' title='bbox 1215 497 1330 571; x_wconf 83' lang='lat' dir='ltr'>augeli,</span> <span class='ocrx_word' id='word_1_13' title='bbox 1339 497 1449 555; x_wconf 88' lang='lat' dir='ltr'>deinde</span> 
     </span>
     <span class='ocr_line' id='line_1_3' title="bbox 291 585 1448 659; baseline 0.002 -17"><span class='ocrx_word' id='word_1_14' title='bbox 291 593 389 642; x_wconf 83' lang='lat' dir='ltr'>atrum</span> <span class='ocrx_word' id='word_1_15' title='bbox 411 585 558 642; x_wconf 82' lang='lat' dir='ltr'>demones</span> <span class='ocrx_word' id='word_1_16' title='bbox 576 592 607 640; x_wconf 94' lang='lat' dir='ltr'>et</span> <span class='ocrx_word' id='word_1_17' title='bbox 629 601 782 658; x_wconf 82' lang='lat' dir='ltr'>magnum,</span> <span class='ocrx_word' id='word_1_18' title='bbox 800 585 1103 642; x_wconf 86' lang='lat' dir='ltr'>animaduertendum</span> <span class='ocrx_word' id='word_1_19' title='bbox 1127 587 1276 658; x_wconf 90' lang='lat' dir='ltr'>estquod</span> <span class='ocrx_word' id='word_1_20' title='bbox 1295 585 1328 644; x_wconf 90' lang='lat' dir='ltr'>in</span> <span class='ocrx_word' id='word_1_21' title='bbox 1353 587 1448 659; x_wconf 87' lang='lat' dir='ltr'>prima</span> 
     </span>
     <span class='ocr_line' id='line_1_4' title="bbox 289 670 1431 746; baseline -0.001 -15"><span class='ocrx_word' id='word_1_22' title='bbox 289 681 369 732; x_wconf 86' lang='lat' dir='ltr'>etate</span> <span class='ocrx_word' id='word_1_23' title='bbox 382 672 461 729; x_wconf 90' lang='lat' dir='ltr'>bona</span> <span class='ocrx_word' id='word_1_24' title='bbox 472 671 571 744; x_wconf 90' lang='lat' dir='ltr'>aliqua</span> <span class='ocrx_word' id='word_1_25' title='bbox 584 670 663 742; x_wconf 84' lang='lat' dir='ltr'>iecit,</span> <span class='ocrx_word' id='word_1_26' title='bbox 677 689 735 744; x_wconf 92' lang='lat' dir='ltr'>que</span> <span class='ocrx_word' id='word_1_27' title='bbox 748 680 850 729; x_wconf 87' lang='lat' dir='ltr'>tamen</span> <span class='ocrx_word' id='word_1_28' title='bbox 863 689 958 746; x_wconf 87' lang='lat' dir='ltr'>praue</span> <span class='ocrx_word' id='word_1_29' title='bbox 970 674 1088 746; x_wconf 88' lang='lat' dir='ltr'>agendo</span> <span class='ocrx_word' id='word_1_30' title='bbox 1102 672 1221 730; x_wconf 89' lang='lat' dir='ltr'>iuuenis</span> <span class='ocrx_word' id='word_1_31' title='bbox 1233 673 1431 730; x_wconf 86' lang='lat' dir='ltr'>obnubilauit.</span> 
     </span>
    </p>
   </div>
   <div class='ocr_carea' id='block_1_3' title="bbox 444 795 1285 872">
    <p class='ocr_par' dir='ltr' id='par_1_3' title="bbox 444 795 1285 872">
     <span class='ocr_line' id='line_1_5' title="bbox 444 795 1285 872; baseline -0.005 0"><span class='ocrx_word' id='word_1_32' title='bbox 444 811 469 872; x_wconf 52' lang='grc' dir='ltr'>ἹῘ</span> <span class='ocrx_word' id='word_1_33' title='bbox 490 797 546 868; x_wconf 77' lang='lat' dir='ltr'>DE</span> <span class='ocrx_word' id='word_1_34' title='bbox 564 826 665 867; x_wconf 78' lang='lat' dir='ltr'>SERUO</span> <span class='ocrx_word' id='word_1_35' title='bbox 685 825 736 866; x_wconf 77' lang='lat' dir='ltr'>DEl</span> <span class='ocrx_word' id='word_1_36' title='bbox 758 795 913 868; x_wconf 79' lang='lat' dir='ltr'>ROBERTO</span> <span class='ocrx_word' id='word_1_37' title='bbox 931 827 1053 868; x_wconf 72' lang='lat' dir='ltr'>hasart</span> <span class='ocrx_word' id='word_1_38' title='bbox 1071 828 1256 868; x_wconf 71' lang='lat' dir='ltr'>venenatam</span> <span class='ocrx_word' id='word_1_39' title='bbox 1266 811 1285 867; x_wconf 78' lang='grc'>1.</span> 
     </span>
    </p>
   </div>
   <div class='ocr_carea' id='block_1_4' title="bbox 240 913 1449 3961">
    <p class='ocr_par' dir='ltr' id='par_1_4' title="bbox 358 913 1447 990">
     <span class='ocr_line' id='line_1_6' title="bbox 358 913 1447 990; baseline 0 -18"><span class='ocrx_word' id='word_1_40' title='bbox 358 913 526 972; x_wconf 86' lang='lat' dir='ltr'>Enerabllis</span> <span class='ocrx_word' id='word_1_41' title='bbox 551 915 643 972; x_wconf 88' lang='lat' dir='ltr'>abbas</span> <span class='ocrx_word' id='word_1_42' title='bbox 670 913 832 982; x_wconf 89' lang='lat' dir='ltr'>Robertus,</span> <span class='ocrx_word' id='word_1_43' title='bbox 854 933 894 972; x_wconf 86' lang='lat' dir='ltr'>ex</span> <span class='ocrx_word' id='word_1_44' title='bbox 918 915 1073 990; x_wconf 87' lang='lat' dir='ltr'>prouincia</span> <span class='ocrx_word' id='word_1_45' title='bbox 1096 914 1274 974; x_wconf 85' lang='lat' dir='ltr'>eboracensi</span> <span class='ocrx_word' id='word_1_46' title='bbox 1296 926 1396 984; x_wconf 86' lang='lat' dir='ltr'>ortus,</span> <span class='ocrx_word' id='word_1_47' title='bbox 1419 917 1447 972; x_wconf 88' lang='lat' dir='ltr'>in</span> 
     </span>
    </p>

    <p class='ocr_par' dir='ltr' id='par_1_5' title="bbox 240 1001 1449 3612">
     <span class='ocr_line' id='line_1_7' title="bbox 261 1001 1448 1076; baseline 0.003 -18"><span class='ocrx_word' id='word_1_48' title='bbox 261 1023 275 1074; x_wconf 72' lang='lat' dir='ltr'>g</span> <span class='ocrx_word' id='word_1_49' title='bbox 392 1002 499 1076; x_wconf 92' lang='lat' dir='ltr'>puerili</span> <span class='ocrx_word' id='word_1_50' title='bbox 512 1010 592 1058; x_wconf 90' lang='lat' dir='ltr'>etate</span> <span class='ocrx_word' id='word_1_51' title='bbox 605 1001 742 1060; x_wconf 90' lang='lat' dir='ltr'>leuitates</span> <span class='ocrx_word' id='word_1_52' title='bbox 754 1012 784 1058; x_wconf 89' lang='lat' dir='ltr'>et</span> <span class='ocrx_word' id='word_1_53' title='bbox 800 1001 959 1060; x_wconf 80' lang='lat' dir='ltr'>infantium</span> <span class='ocrx_word' id='word_1_54' title='bbox 971 1002 1059 1060; x_wconf 92' lang='lat' dir='ltr'>ludos</span> <span class='ocrx_word' id='word_1_55' title='bbox 1072 1003 1221 1072; x_wconf 88' lang='lat' dir='ltr'>deuitans,</span> <span class='ocrx_word' id='word_1_56' title='bbox 1234 1013 1264 1060; x_wconf 88' lang='lat' dir='ltr'>et</span> <span class='ocrx_word' id='word_1_57' title='bbox 1282 1005 1314 1060; x_wconf 90' lang='lat' dir='ltr'>in</span> <span class='ocrx_word' id='word_1_58' title='bbox 1334 1005 1448 1062; x_wconf 89' lang='lat' dir='ltr'>littera·</span> 
     </span>
     <span class='ocr_line' id='line_1_8' title="bbox 289 1088 1448 1162; baseline 0.003 -17"><span class='ocrx_word' id='word_1_59' title='bbox 289 1099 357 1146; x_wconf 87' lang='lat' dir='ltr'>tura</span> <span class='ocrx_word' id='word_1_60' title='bbox 372 1089 544 1162; x_wconf 86' lang='lat' dir='ltr'>proficiens,</span> <span class='ocrx_word' id='word_1_61' title='bbox 559 1088 714 1146; x_wconf 89' lang='lat' dir='ltr'>cuiusdam</span> <span class='ocrx_word' id='word_1_62' title='bbox 728 1089 874 1147; x_wconf 85' lang='lat' dir='ltr'>ecclesie¹</span> <span class='ocrx_word' id='word_1_63' title='bbox 886 1097 986 1148; x_wconf 86' lang='lat' dir='ltr'>rector</span> <span class='ocrx_word' id='word_1_64' title='bbox 1000 1090 1137 1148; x_wconf 87' lang='lat' dir='ltr'>efficitur.</span> <span class='ocrx_word' id='word_1_65' title='bbox 1173 1091 1308 1148; x_wconf 87' lang='lat' dir='ltr'>Dimissa</span> <span class='ocrx_word' id='word_1_66' title='bbox 1321 1094 1448 1149; x_wconf 86' lang='lat' dir='ltr'>tandem</span> 
     </span>
     <span class='ocr_line' id='line_1_9' title="bbox 289 1175 1448 1251; baseline 0.003 -19"><span class='ocrx_word' id='word_1_67' title='bbox 289 1176 416 1234; x_wconf 82' lang='lat' dir='ltr'>ecclesie</span> <span class='ocrx_word' id='word_1_68' title='bbox 440 1186 471 1235; x_wconf 88' lang='lat' dir='ltr'>et</span> <span class='ocrx_word' id='word_1_69' title='bbox 494 1175 662 1234; x_wconf 88' lang='lat' dir='ltr'>animarum</span> <span class='ocrx_word' id='word_1_70' title='bbox 688 1193 767 1244; x_wconf 90' lang='lat' dir='ltr'>cura,</span> <span class='ocrx_word' id='word_1_71' title='bbox 791 1177 822 1233; x_wconf 91' lang='lat' dir='ltr'>in</span> <span class='ocrx_word' id='word_1_72' title='bbox 847 1177 1031 1234; x_wconf 89' lang='lat' dir='ltr'>monasterio</span> <span class='ocrx_word' id='word_1_73' title='bbox 1054 1179 1094 1236; x_wconf 91' lang='lat' dir='ltr'>de</span> <span class='ocrx_word' id='word_1_74' title='bbox 1115 1177 1284 1251; x_wconf 80' lang='lat' dir='ltr'>Whiteby&#39;</span> <span class='ocrx_word' id='word_1_75' title='bbox 1308 1179 1448 1236; x_wconf 89' lang='lat' dir='ltr'>habitum</span> 
     </span>
     <span class='ocr_line' id='line_1_10' title="bbox 290 1263 1449 1341; baseline 0.003 -21"><span class='ocrx_word' id='word_1_76' title='bbox 290 1265 486 1320; x_wconf 90' lang='lat' dir='ltr'>monasticum</span> <span class='ocrx_word' id='word_1_77' title='bbox 505 1263 591 1336; x_wconf 88' lang='lat' dir='ltr'>petiit</span> <span class='ocrx_word' id='word_1_78' title='bbox 607 1273 639 1320; x_wconf 89' lang='lat' dir='ltr'>et</span> <span class='ocrx_word' id='word_1_79' title='bbox 657 1263 782 1336; x_wconf 89' lang='lat' dir='ltr'>accepit.</span> <span class='ocrx_word' id='word_1_80' title='bbox 820 1263 883 1321; x_wconf 89' lang='lat' dir='ltr'>Illis</span> <span class='ocrx_word' id='word_1_81' title='bbox 899 1274 999 1322; x_wconf 87' lang='lat' dir='ltr'>autem</span> <span class='ocrx_word' id='word_1_82' title='bbox 1017 1265 1125 1322; x_wconf 90' lang='lat' dir='ltr'>diebus</span> <span class='ocrx_word' id='word_1_83' title='bbox 1145 1264 1318 1322; x_wconf 89' lang='lat' dir='ltr'>Richardus</span> <span class='ocrx_word' id='word_1_84' title='bbox 1328 1266 1351 1334; x_wconf 87' lang='lat'>⁴,</span> <span class='ocrx_word' id='word_1_85' title='bbox 1365 1268 1449 1341; x_wconf 87' lang='lat' dir='ltr'>pn&#39;or</span> 
     </span>
     <span class='ocr_line' id='line_1_11' title="bbox 289 1349 1446 1422; baseline 0.005 -16"><span class='ocrx_word' id='word_1_86' title='bbox 289 1351 462 1407; x_wconf 89' lang='lat' dir='ltr'>monasterii</span> <span class='ocrx_word' id='word_1_87' title='bbox 484 1349 594 1409; x_wconf 86' lang='lat' dir='ltr'>Sancte</span> <span class='ocrx_word' id='word_1_88' title='bbox 616 1350 710 1408; x_wconf 87' lang='lat' dir='ltr'>Marie</span> <span class='ocrx_word' id='word_1_89' title='bbox 729 1351 929 1418; x_wconf 79' lang='lat' dir='ltr'>eboracensis,</span> <span class='ocrx_word' id='word_1_90' title='bbox 949 1369 1018 1409; x_wconf 89' lang='lat' dir='ltr'>cum</span> <span class='ocrx_word' id='word_1_91' title='bbox 1037 1351 1197 1410; x_wconf 87' lang='lat' dir='ltr'>duodecim</span> <span class='ocrx_word' id='word_1_92' title='bbox 1219 1353 1318 1422; x_wconf 90' lang='lat' dir='ltr'>sociis,</span> <span class='ocrx_word' id='word_1_93' title='bbox 1344 1355 1446 1412; x_wconf 89' lang='lat' dir='ltr'>locum</span> 
     </span>
     <span class='ocr_line' id='line_1_12' title="bbox 246 1437 1446 1513; baseline -0.001 -15"><span class='ocrx_word' id='word_1_94' title='bbox 246 1461 276 1500; x_wconf 85' lang='lat'>10</span> <span class='ocrx_word' id='word_1_95' title='bbox 289 1439 440 1510; x_wconf 89' lang='lat' dir='ltr'>quendam</span> <span class='ocrx_word' id='word_1_96' title='bbox 459 1437 581 1496; x_wconf 90' lang='lat' dir='ltr'>nomine</span> <span class='ocrx_word' id='word_1_97' title='bbox 600 1437 624 1494; x_wconf 87' lang='lat' dir='ltr'>F</span> <span class='ocrx_word' id='word_1_98' title='bbox 624 1437 763 1496; x_wconf 82' lang='lat' dir='ltr'>ontes⁸a</span> <span class='ocrx_word' id='word_1_99' title='bbox 781 1437 947 1496; x_wconf 89' lang='lat' dir='ltr'>Thurstino</span> <span class='ocrx_word' id='word_1_100' title='bbox 962 1439 1188 1513; x_wconf 79' lang='lat' dir='ltr'>archiepiscopo</span> <span class='ocrx_word' id='word_1_101' title='bbox 1205 1441 1352 1512; x_wconf 83' lang='lat' dir='ltr'>suscepit,</span> <span class='ocrx_word' id='word_1_102' title='bbox 1369 1452 1402 1499; x_wconf 88' lang='lat' dir='ltr'>et</span> <span class='ocrx_word' id='word_1_103' title='bbox 1419 1442 1446 1497; x_wconf 87' lang='lat' dir='ltr'>in</span> 
     </span>
     <span class='ocr_line' id='line_1_13' title="bbox 289 1524 1446 1594; baseline 0.005 -13"><span class='ocrx_word' id='word_1_104' title='bbox 289 1525 429 1581; x_wconf 79' lang='lat' dir='ltr'>abbatem</span> <span class='ocrx_word' id='word_1_105' title='bbox 446 1524 559 1583; x_wconf 89' lang='lat' dir='ltr'>electus</span> <span class='ocrx_word' id='word_1_106' title='bbox 577 1525 794 1584; x_wconf 89' lang='lat' dir='ltr'>monasterium</span> <span class='ocrx_word' id='word_1_107' title='bbox 812 1527 988 1594; x_wconf 82' lang='lat' dir='ltr'>construxit,</span> <span class='ocrx_word' id='word_1_108' title='bbox 1001 1535 1032 1584; x_wconf 90' lang='lat' dir='ltr'>et</span> <span class='ocrx_word' id='word_1_109' title='bbox 1050 1526 1183 1584; x_wconf 88' lang='lat' dir='ltr'>habitum</span> <span class='ocrx_word' id='word_1_110' title='bbox 1202 1527 1446 1587; x_wconf 87' lang='lat' dir='ltr'>cisterciensium</span> 
     </span>
     <span class='ocr_line' id='line_1_14' title="bbox 289 1612 1446 1688; baseline 0.004 -19"><span class='ocrx_word' id='word_1_111' title='bbox 289 1629 457 1682; x_wconf 88' lang='lat' dir='ltr'>assumens,</span> <span class='ocrx_word' id='word_1_112' title='bbox 476 1612 568 1670; x_wconf 85' lang='lat' dir='ltr'>vitam</span> <span class='ocrx_word' id='word_1_113' title='bbox 590 1613 708 1670; x_wconf 90' lang='lat' dir='ltr'>illorum</span> <span class='ocrx_word' id='word_1_114' title='bbox 727 1622 758 1671; x_wconf 90' lang='lat' dir='ltr'>ct</span> <span class='ocrx_word' id='word_1_115' title='bbox 780 1629 882 1670; x_wconf 87' lang='lat' dir='ltr'>mores</span> <span class='ocrx_word' id='word_1_116' title='bbox 903 1615 1027 1671; x_wconf 80' lang='lat' dir='ltr'>zelabat</span> <span class='ocrx_word' id='word_1_117' title='bbox 1066 1613 1149 1670; x_wconf 79' lang='lat' dir='ltr'>Nec‘</span> <span class='ocrx_word' id='word_1_118' title='bbox 1169 1623 1234 1672; x_wconf 90' lang='lat' dir='ltr'>erat</span> <span class='ocrx_word' id='word_1_119' title='bbox 1255 1615 1308 1688; x_wconf 90' lang='lat' dir='ltr'>qui</span> <span class='ocrx_word' id='word_1_120' title='bbox 1329 1633 1446 1688; x_wconf 86' lang='lat' dir='ltr'>panem</span> 
     </span>
     <span class='ocr_line' id='line_1_15' title="bbox 288 1699 1446 1775; baseline 0.004 -18"><span class='ocrx_word' id='word_1_121' title='bbox 288 1709 423 1758; x_wconf 86' lang='lat' dir='ltr'>sumeret</span> <span class='ocrx_word' id='word_1_122' title='bbox 435 1701 576 1766; x_wconf 88' lang='lat' dir='ltr'>ociosum,</span> <span class='ocrx_word' id='word_1_123' title='bbox 585 1699 659 1758; x_wconf 65' lang='lat' dir='ltr'>neci</span> <span class='ocrx_word' id='word_1_124' title='bbox 672 1700 764 1774; x_wconf 90' lang='lat' dir='ltr'>quieti</span> <span class='ocrx_word' id='word_1_125' title='bbox 777 1700 954 1774; x_wconf 79' lang='lat' dir='ltr'>indulgeret,</span> <span class='ocrx_word' id='word_1_126' title='bbox 962 1701 1020 1758; x_wconf 90' lang='lat' dir='ltr'>nisi</span> <span class='ocrx_word' id='word_1_127' title='bbox 1033 1701 1136 1759; x_wconf 87' lang='lat' dir='ltr'>labore</span> <span class='ocrx_word' id='word_1_128' title='bbox 1149 1701 1297 1775; x_wconf 82' lang='lat' dir='ltr'>fatigatus.</span> <span class='ocrx_word' id='word_1_129' title='bbox 1338 1703 1366 1759; x_wconf 90' lang='lat' dir='ltr'>F</span> <span class='ocrx_word' id='word_1_130' title='bbox 1365 1722 1446 1762; x_wconf 86' lang='lat' dir='ltr'>ame·</span> 
     </span>
     <span class='ocr_line' id='line_1_16' title="bbox 289 1785 1446 1861; baseline 0.005 -18"><span class='ocrx_word' id='word_1_131' title='bbox 289 1787 336 1844; x_wconf 90' lang='lat' dir='ltr'>lici</span> <span class='ocrx_word' id='word_1_132' title='bbox 353 1789 535 1846; x_wconf 86' lang='lat' dir='ltr'>accedebant</span> <span class='ocrx_word' id='word_1_133' title='bbox 551 1789 589 1844; x_wconf 91' lang='lat' dir='ltr'>ad</span> <span class='ocrx_word' id='word_1_134' title='bbox 602 1803 750 1858; x_wconf 88' lang='lat' dir='ltr'>mensam,</span> <span class='ocrx_word' id='word_1_135' title='bbox 762 1785 874 1860; x_wconf 79' lang='lat' dir='ltr'>fatigati</span> <span class='ocrx_word' id='word_1_136' title='bbox 887 1789 925 1845; x_wconf 88' lang='lat' dir='ltr'>ad</span> <span class='ocrx_word' id='word_1_137' title='bbox 939 1788 1048 1845; x_wconf 90' lang='lat' dir='ltr'>lectum</span> <span class='ocrx_word' id='word_1_138' title='bbox 1059 1807 1066 1858; x_wconf 90' lang='lat'>;</span> <span class='ocrx_word' id='word_1_139' title='bbox 1086 1805 1240 1861; x_wconf 90' lang='lat' dir='ltr'>nunquam</span> <span class='ocrx_word' id='word_1_140' title='bbox 1252 1789 1370 1858; x_wconf 86' lang='lat' dir='ltr'>saciati,</span> <span class='ocrx_word' id='word_1_141' title='bbox 1380 1793 1446 1850; x_wconf 88' lang='lat' dir='ltr'>sine</span> 
     </span>
     <span class='ocr_line' id='line_1_17' title="bbox 245 1874 1444 1950; baseline 0.005 -20"><span class='ocrx_word' id='word_1_142' title='bbox 245 1899 275 1950; x_wconf 73' lang='lat'>¹5</span> <span class='ocrx_word' id='word_1_143' title='bbox 289 1874 414 1933; x_wconf 87' lang='lat' dir='ltr'>tristicia</span> <span class='ocrx_word' id='word_1_144' title='bbox 434 1885 465 1932; x_wconf 90' lang='lat' dir='ltr'>et</span> <span class='ocrx_word' id='word_1_145' title='bbox 487 1891 649 1944; x_wconf 92' lang='lat' dir='ltr'>murmure,</span> <span class='ocrx_word' id='word_1_146' title='bbox 670 1891 738 1932; x_wconf 90' lang='lat' dir='ltr'>cum</span> <span class='ocrx_word' id='word_1_147' title='bbox 760 1875 842 1932; x_wconf 90' lang='lat' dir='ltr'>omni</span> <span class='ocrx_word' id='word_1_148' title='bbox 863 1874 1014 1933; x_wconf 88' lang='lat' dir='ltr'>alacritate</span> <span class='ocrx_word' id='word_1_149' title='bbox 1037 1875 1255 1934; x_wconf 84' lang='lat' dir='ltr'>benedicebant</span> <span class='ocrx_word' id='word_1_150' title='bbox 1274 1878 1444 1936; x_wconf 84' lang='lat' dir='ltr'>dominum</span> 
     </span>
     <span class='ocr_line' id='line_1_18' title="bbox 291 1963 1445 2035; baseline 0.003 -15"><span class='ocrx_word' id='word_1_151' title='bbox 291 1963 370 2021; x_wconf 87' lang='lat' dir='ltr'>Huic</span> <span class='ocrx_word' id='word_1_152' title='bbox 396 1963 509 2020; x_wconf 87' lang='lat' dir='ltr'>etenim</span> <span class='ocrx_word' id='word_1_153' title='bbox 536 1963 760 2035; x_wconf 81' lang='lat' dir='ltr'>congregationi</span> <span class='ocrx_word' id='word_1_154' title='bbox 790 1972 895 2020; x_wconf 89' lang='lat' dir='ltr'>sancte</span> <span class='ocrx_word' id='word_1_155' title='bbox 918 1963 965 2020; x_wconf 91' lang='lat' dir='ltr'>vir</span> <span class='ocrx_word' id='word_1_156' title='bbox 988 1964 1102 2021; x_wconf 88' lang='lat' dir='ltr'>domini</span> <span class='ocrx_word' id='word_1_157' title='bbox 1130 1963 1294 2032; x_wconf 89' lang='lat' dir='ltr'>Robertus,</span> <span class='ocrx_word' id='word_1_158' title='bbox 1319 1967 1445 2024; x_wconf 87' lang='lat' dir='ltr'>obtenta</span> 
     </span>
     <span class='ocr_line' id='line_1_19' title="bbox 288 2049 1445 2123; baseline 0.005 -17"><span class='ocrx_word' id='word_1_159' title='bbox 288 2050 404 2108; x_wconf 89' lang='lat' dir='ltr'>abbatis</span> <span class='ocrx_word' id='word_1_160' title='bbox 416 2050 463 2108; x_wconf 90' lang='lat' dir='ltr'>sui</span> <span class='ocrx_word' id='word_1_161' title='bbox 476 2049 603 2119; x_wconf 88' lang='lat' dir='ltr'>licentia,</span> <span class='ocrx_word' id='word_1_162' title='bbox 616 2065 650 2106; x_wconf 91' lang='lat' dir='ltr'>se</span> <span class='ocrx_word' id='word_1_163' title='bbox 663 2049 840 2123; x_wconf 88' lang='lat' dir='ltr'>adiungens,</span> <span class='ocrx_word' id='word_1_164' title='bbox 850 2050 882 2106; x_wconf 91' lang='lat' dir='ltr'>in</span> <span class='ocrx_word' id='word_1_165' title='bbox 894 2050 995 2108; x_wconf 88' lang='lat' dir='ltr'>labore</span> <span class='ocrx_word' id='word_1_166' title='bbox 1008 2059 1072 2108; x_wconf 89' lang='lat' dir='ltr'>erat</span> <span class='ocrx_word' id='word_1_167' title='bbox 1085 2061 1229 2108; x_wconf 89' lang='lat' dir='ltr'>strenuus</span> <span class='ocrx_word' id='word_1_168' title='bbox 1236 2053 1256 2120; x_wconf 80' lang='lat'>⁸,</span> <span class='ocrx_word' id='word_1_169' title='bbox 1266 2051 1298 2108; x_wconf 87' lang='lat' dir='ltr'>in</span> <span class='ocrx_word' id='word_1_170' title='bbox 1312 2052 1445 2111; x_wconf 89' lang='lat' dir='ltr'>lectione</span> 
     </span>
     <span class='ocr_line' id='line_1_20' title="bbox 288 2136 1444 2212; baseline 0.003 -17"><span class='ocrx_word' id='word_1_171' title='bbox 288 2147 319 2195; x_wconf 89' lang='lat' dir='ltr'>et</span> <span class='ocrx_word' id='word_1_172' title='bbox 335 2137 527 2196; x_wconf 86' lang='lat' dir='ltr'>meditatione</span> <span class='ocrx_word' id='word_1_173' title='bbox 539 2136 687 2204; x_wconf 89' lang='lat' dir='ltr'>assiduus,</span> <span class='ocrx_word' id='word_1_174' title='bbox 701 2137 732 2194; x_wconf 91' lang='lat' dir='ltr'>in</span> <span class='ocrx_word' id='word_1_175' title='bbox 749 2138 884 2194; x_wconf 89' lang='lat' dir='ltr'>oratione</span> <span class='ocrx_word' id='word_1_176' title='bbox 900 2140 1036 2208; x_wconf 89' lang='lat' dir='ltr'>deuotus,</span> <span class='ocrx_word' id='word_1_177' title='bbox 1049 2138 1080 2194; x_wconf 93' lang='lat' dir='ltr'>in</span> <span class='ocrx_word' id='word_1_178' title='bbox 1097 2137 1222 2196; x_wconf 90' lang='lat' dir='ltr'>consilio</span> <span class='ocrx_word' id='word_1_179' title='bbox 1239 2140 1402 2212; x_wconf 90' lang='lat' dir='ltr'>prouidus,</span> <span class='ocrx_word' id='word_1_180' title='bbox 1415 2143 1444 2198; x_wconf 91' lang='lat' dir='ltr'>in</span> 
     </span>
     <span class='ocr_line' id='line_1_21' title="bbox 288 2224 1444 2299; baseline 0.003 -16"><span class='ocrx_word' id='word_1_181' title='bbox 288 2243 430 2283; x_wconf 87' lang='lat' dir='ltr'>sermone</span> <span class='ocrx_word' id='word_1_182' title='bbox 445 2225 599 2282; x_wconf 82' lang='lat' dir='ltr'>facundus.</span> <span class='ocrx_word' id='word_1_183' title='bbox 637 2224 757 2298; x_wconf 87' lang='lat' dir='ltr'>Elapsis</span> <span class='ocrx_word' id='word_1_184' title='bbox 773 2235 874 2282; x_wconf 90' lang='lat' dir='ltr'>autem</span> <span class='ocrx_word' id='word_1_185' title='bbox 891 2225 1025 2299; x_wconf 91' lang='lat' dir='ltr'>quinque</span> <span class='ocrx_word' id='word_1_186' title='bbox 1041 2227 1137 2294; x_wconf 90' lang='lat' dir='ltr'>annis,</span> <span class='ocrx_word' id='word_1_187' title='bbox 1150 2243 1230 2282; x_wconf 89' lang='lat' dir='ltr'>anno</span> <span class='ocrx_word' id='word_1_188' title='bbox 1247 2227 1313 2283; x_wconf 84' lang='lat' dir='ltr'>scil</span> <span class='ocrx_word' id='word_1_189' title='bbox 1326 2228 1444 2286; x_wconf 86' lang='lat' dir='ltr'>domini</span> 
     </span>
     <span class='ocr_line' id='line_1_22' title="bbox 244 2311 1444 2387; baseline 0.003 -17"><span class='ocrx_word' id='word_1_190' title='bbox 244 2343 275 2379; x_wconf 76' lang='lat'>20</span> <span class='ocrx_word' id='word_1_191' title='bbox 289 2313 447 2370; x_wconf 90' lang='lat' dir='ltr'>millesimo</span> <span class='ocrx_word' id='word_1_192' title='bbox 474 2312 641 2370; x_wconf 88' lang='lat' dir='ltr'>centesimo</span> <span class='ocrx_word' id='word_1_193' title='bbox 671 2311 824 2370; x_wconf 89' lang='lat' dir='ltr'>tricesimo</span> <span class='ocrx_word' id='word_1_194' title='bbox 856 2313 995 2386; x_wconf 84' lang='lat' dir='ltr'>septimo,</span> <span class='ocrx_word' id='word_1_195' title='bbox 1019 2313 1126 2370; x_wconf 88' lang='lat' dir='ltr'>collata</span> <span class='ocrx_word' id='word_1_196' title='bbox 1150 2331 1168 2370; x_wconf 89' lang='lat' dir='ltr'>a</span> <span class='ocrx_word' id='word_1_197' title='bbox 1191 2315 1324 2387; x_wconf 88' lang='lat' dir='ltr'>quodam</span> <span class='ocrx_word' id='word_1_198' title='bbox 1349 2319 1444 2374; x_wconf 92' lang='lat' dir='ltr'>nobili</span> 
     </span>
     <span class='ocr_line' id='line_1_23' title="bbox 289 2400 1442 2474; baseline 0.003 -16"><span class='ocrx_word' id='word_1_199' title='bbox 289 2401 482 2474; x_wconf 87' lang='lat' dir='ltr'>possessione</span> <span class='ocrx_word' id='word_1_200' title='bbox 502 2417 618 2473; x_wconf 90' lang='lat' dir='ltr'>magna,</span> <span class='ocrx_word' id='word_1_201' title='bbox 638 2401 669 2456; x_wconf 93' lang='lat' dir='ltr'>in</span> <span class='ocrx_word' id='word_1_202' title='bbox 688 2400 775 2474; x_wconf 87' lang='lat' dir='ltr'>plaga</span> <span class='ocrx_word' id='word_1_203' title='bbox 797 2401 1020 2472; x_wconf 87' lang='lat' dir='ltr'>Northumbrie,</span> <span class='ocrx_word' id='word_1_204' title='bbox 1037 2400 1216 2458; x_wconf 89' lang='lat' dir='ltr'>venerabilis</span> <span class='ocrx_word' id='word_1_205' title='bbox 1235 2401 1394 2462; x_wconf 90' lang='lat' dir='ltr'>Robertus</span> <span class='ocrx_word' id='word_1_206' title='bbox 1412 2405 1442 2461; x_wconf 92' lang='lat' dir='ltr'>in</span> 
     </span>
     <span class='ocr_line' id='line_1_24' title="bbox 287 2487 1441 2559; baseline 0.004 -15"><span class='ocrx_word' id='word_1_207' title='bbox 287 2489 427 2546; x_wconf 87' lang='lat' dir='ltr'>abbatem</span> <span class='ocrx_word' id='word_1_208' title='bbox 446 2488 568 2558; x_wconf 87' lang='lat' dir='ltr'>electus,</span> <span class='ocrx_word' id='word_1_209' title='bbox 581 2488 745 2559; x_wconf 86' lang='lat' dir='ltr'>assumptis</span> <span class='ocrx_word' id='word_1_210' title='bbox 764 2505 868 2546; x_wconf 89' lang='lat' dir='ltr'>secum</span> <span class='ocrx_word' id='word_1_211' title='bbox 882 2488 1022 2546; x_wconf 79' lang='lat' dir='ltr'>undecim</span> <span class='ocrx_word' id='word_1_212' title='bbox 1042 2487 1183 2545; x_wconf 85' lang='lat' dir='ltr'>iratribus</span> <span class='ocrx_word' id='word_1_213' title='bbox 1202 2487 1441 2549; x_wconf 85' lang='lat' dir='ltr'>Nouum-mona-</span> 
     </span>
     <span class='ocr_line' id='line_1_25' title="bbox 288 2574 1441 2649; baseline 0.003 -17"><span class='ocrx_word' id='word_1_214' title='bbox 288 2576 432 2632; x_wconf 81' lang='lat' dir='ltr'>sterium⁹</span> <span class='ocrx_word' id='word_1_215' title='bbox 450 2575 624 2633; x_wconf 80' lang='lat' dir='ltr'>construxit.</span> <span class='ocrx_word' id='word_1_216' title='bbox 666 2574 712 2632; x_wconf 94' lang='lat' dir='ltr'>De</span> <span class='ocrx_word' id='word_1_217' title='bbox 734 2593 841 2634; x_wconf 88' lang='lat' dir='ltr'>mensa</span> <span class='ocrx_word' id='word_1_218' title='bbox 862 2578 990 2633; x_wconf 89' lang='lat' dir='ltr'>saciatus</span> <span class='ocrx_word' id='word_1_219' title='bbox 1011 2593 1165 2649; x_wconf 89' lang='lat' dir='ltr'>nunquam</span> <span class='ocrx_word' id='word_1_220' title='bbox 1190 2576 1333 2646; x_wconf 87' lang='lat' dir='ltr'>surrexit,</span> <span class='ocrx_word' id='word_1_221' title='bbox 1355 2589 1388 2636; x_wconf 88' lang='lat' dir='ltr'>et</span> <span class='ocrx_word' id='word_1_222' title='bbox 1411 2581 1441 2636; x_wconf 91' lang='lat' dir='ltr'>in</span> 
     </span>
     <span class='ocr_line' id='line_1_26' title="bbox 287 2653 1441 2740; baseline 0.003 -20"><span class='ocrx_word' id='word_1_223' title='bbox 287 2663 517 2737; x_wconf 87' lang='lat' dir='ltr'>quadragesima</span> <span class='ocrx_word' id='word_1_224' title='bbox 541 2679 651 2735; x_wconf 92' lang='lat' dir='ltr'>panem</span> <span class='ocrx_word' id='word_1_225' title='bbox 676 2671 706 2720; x_wconf 92' lang='lat' dir='ltr'>et</span> <span class='ocrx_word' id='word_1_226' title='bbox 730 2679 838 2736; x_wconf 89' lang='lat' dir='ltr'>aquam</span> <span class='ocrx_word' id='word_1_227' title='bbox 863 2664 1022 2721; x_wconf 89' lang='lat' dir='ltr'>comedere</span> <span class='ocrx_word' id='word_1_228' title='bbox 1047 2663 1212 2721; x_wconf 90' lang='lat' dir='ltr'>consueuit.</span> <span class='ocrx_word' id='word_1_229' title='bbox 1292 2653 1441 2740; x_wconf 85' lang='lat' dir='ltr'>Quodam</span> 
     </span>
     <span class='ocr_line' id='line_1_27' title="bbox 243 2750 1441 2829; baseline 0.003 -21"><span class='ocrx_word' id='word_1_230' title='bbox 243 2779 272 2829; x_wconf 80' lang='lat'>²⁵</span> <span class='ocrx_word' id='word_1_231' title='bbox 287 2759 424 2824; x_wconf 89' lang='lat' dir='ltr'>tempore</span> <span class='ocrx_word' id='word_1_232' title='bbox 442 2751 583 2824; x_wconf 88' lang='lat' dir='ltr'>paschali,</span> <span class='ocrx_word' id='word_1_233' title='bbox 601 2750 778 2807; x_wconf 89' lang='lat' dir='ltr'>mortificato</span> <span class='ocrx_word' id='word_1_234' title='bbox 796 2760 902 2824; x_wconf 87' lang='lat' dir='ltr'>gustus</span> <span class='ocrx_word' id='word_1_235' title='bbox 920 2750 1055 2823; x_wconf 89' lang='lat' dir='ltr'>appetitu</span> <span class='ocrx_word' id='word_1_236' title='bbox 1074 2767 1143 2807; x_wconf 91' lang='lat' dir='ltr'>cum</span> <span class='ocrx_word' id='word_1_237' title='bbox 1161 2751 1299 2823; x_wconf 90' lang='lat' dir='ltr'>apposita</span> <span class='ocrx_word' id='word_1_238' title='bbox 1317 2769 1441 2812; x_wconf 86' lang='lat' dir='ltr'>sumere</span> 
     </span>
     <span class='ocr_line' id='line_1_28' title="bbox 288 2837 1441 2912; baseline 0.003 -18"><span class='ocrx_word' id='word_1_239' title='bbox 288 2856 349 2895; x_wconf 88' lang='lat' dir='ltr'>non</span> <span class='ocrx_word' id='word_1_240' title='bbox 370 2848 483 2912; x_wconf 88' lang='lat' dir='ltr'>posset,</span> <span class='ocrx_word' id='word_1_241' title='bbox 503 2838 596 2895; x_wconf 83' lang='lat' dir='ltr'>irater</span> <span class='ocrx_word' id='word_1_242' title='bbox 616 2838 667 2912; x_wconf 89' lang='lat' dir='ltr'>qui</span> <span class='ocrx_word' id='word_1_243' title='bbox 689 2837 876 2895; x_wconf 88' lang='lat' dir='ltr'>ministrabat</span> <span class='ocrx_word' id='word_1_244' title='bbox 900 2837 975 2894; x_wconf 88' lang='lat' dir='ltr'>dixit</span> <span class='ocrx_word' id='word_1_245' title='bbox 998 2840 1044 2896; x_wconf 89' lang='lat' dir='ltr'>ei:</span> <span class='ocrx_word' id='word_1_246' title='bbox 1074 2837 1191 2908; x_wconf 83' lang='lat' dir='ltr'>‘Quare</span> <span class='ocrx_word' id='word_1_247' title='bbox 1212 2854 1274 2895; x_wconf 88' lang='lat' dir='ltr'>non</span> <span class='ocrx_word' id='word_1_248' title='bbox 1296 2842 1441 2908; x_wconf 89' lang='lat' dir='ltr'>comedis,</span> 
     </span>
     <span class='ocr_line' id='line_1_29' title="bbox 287 2925 1441 2999; baseline 0.004 -17"><span class='ocrx_word' id='word_1_249' title='bbox 287 2928 407 2998; x_wconf 82' lang='lat' dir='ltr'>pateri&#39;</span> <span class='ocrx_word' id='word_1_250' title='bbox 445 2926 501 2984; x_wconf 88' lang='lat' dir='ltr'>Cui</span> <span class='ocrx_word' id='word_1_251' title='bbox 525 2925 593 2983; x_wconf 92' lang='lat' dir='ltr'>ille:</span> <span class='ocrx_word' id='word_1_252' title='bbox 623 2925 673 2982; x_wconf 91' lang='lat' dir='ltr'>‘Si</span> <span class='ocrx_word' id='word_1_253' title='bbox 698 2926 850 2996; x_wconf 88' lang='lat' dir='ltr'>haberem,</span> <span class='ocrx_word' id='word_1_254' title='bbox 872 2926 976 2999; x_wconf 88' lang='lat' dir='ltr'>inquit,</span> <span class='ocrx_word' id='word_1_255' title='bbox 997 2943 1109 2999; x_wconf 90' lang='lat' dir='ltr'>panem</span> <span class='ocrx_word' id='word_1_256' title='bbox 1134 2943 1319 2983; x_wconf 88' lang='lat' dir='ltr'>auenaceum</span> <span class='ocrx_word' id='word_1_257' title='bbox 1342 2929 1441 2986; x_wconf 87' lang='lat' dir='ltr'>butiro</span> 
     </span>
     <span class='ocr_line' id='line_1_30' title="bbox 287 3013 1441 3087; baseline 0.005 -18"><span class='ocrx_word' id='word_1_258' title='bbox 287 3014 381 3084; x_wconf 91' lang='lat' dir='ltr'>litum,</span> <span class='ocrx_word' id='word_1_259' title='bbox 394 3023 466 3087; x_wconf 91' lang='lat' dir='ltr'>puto</span> <span class='ocrx_word' id='word_1_260' title='bbox 479 3015 559 3087; x_wconf 91' lang='lat' dir='ltr'>quod</span> <span class='ocrx_word' id='word_1_261' title='bbox 572 3013 643 3070; x_wconf 91' lang='lat' dir='ltr'>inde</span> <span class='ocrx_word' id='word_1_262' title='bbox 656 3014 815 3071; x_wconf 90' lang='lat' dir='ltr'>comedere</span> <span class='ocrx_word' id='word_1_263' title='bbox 827 3015 968 3086; x_wconf 68' lang='lat' dir='ltr'>possem!</span> <span class='ocrx_word' id='word_1_264' title='bbox 1006 3013 1074 3084; x_wconf 84' lang='lat' dir='ltr'>Quo</span> <span class='ocrx_word' id='word_1_265' title='bbox 1087 3013 1184 3083; x_wconf 89' lang='lat' dir='ltr'>allato,</span> <span class='ocrx_word' id='word_1_266' title='bbox 1193 3015 1395 3074; x_wconf 89' lang='lat' dir='ltr'>considerans</span> <span class='ocrx_word' id='word_1_267' title='bbox 1408 3035 1441 3075; x_wconf 89' lang='lat' dir='ltr'>se</span> 
     </span>
     <span class='ocr_line' id='line_1_31' title="bbox 288 3099 1442 3174; baseline 0.005 -17"><span class='ocrx_word' id='word_1_268' title='bbox 288 3101 438 3158; x_wconf 89' lang='lat' dir='ltr'>modicum</span> <span class='ocrx_word' id='word_1_269' title='bbox 448 3099 689 3174; x_wconf 88' lang='lat' dir='ltr'>concupiscentie</span> <span class='ocrx_word' id='word_1_270' title='bbox 699 3101 898 3171; x_wconf 87' lang='lat' dir='ltr'>consensisse,</span> <span class='ocrx_word' id='word_1_271' title='bbox 906 3101 1104 3158; x_wconf 87' lang='lat' dir='ltr'>vehementer</span> <span class='ocrx_word' id='word_1_272' title='bbox 1113 3100 1253 3173; x_wconf 86' lang='lat' dir='ltr'>expauit:</span> <span class='ocrx_word' id='word_1_273' title='bbox 1272 3109 1303 3158; x_wconf 88' lang='lat' dir='ltr'>et</span> <span class='ocrx_word' id='word_1_274' title='bbox 1312 3119 1442 3163; x_wconf 89' lang='lat' dir='ltr'>seuerus</span> 
     </span>
     <span class='ocr_line' id='line_1_32' title="bbox 240 3187 1440 3262; baseline 0.004 -16"><span class='ocrx_word' id='word_1_275' title='bbox 240 3211 273 3260; x_wconf 74' lang='lat'>30</span> <span class='ocrx_word' id='word_1_276' title='bbox 287 3187 317 3245; x_wconf 91' lang='lat' dir='ltr'>in</span> <span class='ocrx_word' id='word_1_277' title='bbox 335 3205 370 3245; x_wconf 90' lang='lat' dir='ltr'>se</span> <span class='ocrx_word' id='word_1_278' title='bbox 386 3187 477 3245; x_wconf 84' lang='lat' dir='ltr'>iudex</span> <span class='ocrx_word' id='word_1_279' title='bbox 495 3197 525 3246; x_wconf 88' lang='lat' dir='ltr'>et</span> <span class='ocrx_word' id='word_1_280' title='bbox 543 3189 621 3246; x_wconf 89' lang='lat' dir='ltr'>vltor</span> <span class='ocrx_word' id='word_1_281' title='bbox 638 3189 771 3255; x_wconf 85' lang='lat' dir='ltr'>ell&#39;ectus,</span> <span class='ocrx_word' id='word_1_282' title='bbox 789 3197 910 3262; x_wconf 86' lang='lat' dir='ltr'>gustare</span> <span class='ocrx_word' id='word_1_283' title='bbox 928 3189 1028 3245; x_wconf 89' lang='lat' dir='ltr'>renuit</span> <span class='ocrx_word' id='word_1_284' title='bbox 1045 3197 1077 3246; x_wconf 90' lang='lat' dir='ltr'>et</span> <span class='ocrx_word' id='word_1_285' title='bbox 1093 3188 1239 3246; x_wconf 88' lang='lat' dir='ltr'>incibatus</span> <span class='ocrx_word' id='word_1_286' title='bbox 1259 3194 1440 3262; x_wconf 85' lang='lat' dir='ltr'>permansit.</span> 
     </span>
     <span class='ocr_line' id='line_1_33' title="bbox 288 3275 1441 3351; baseline 0.005 -20"><span class='ocrx_word' id='word_1_287' title='bbox 288 3275 327 3332; x_wconf 85' lang='lat' dir='ltr'>Et</span> <span class='ocrx_word' id='word_1_288' title='bbox 343 3293 411 3332; x_wconf 89' lang='lat' dir='ltr'>cum</span> <span class='ocrx_word' id='word_1_289' title='bbox 425 3277 524 3332; x_wconf 90' lang='lat' dir='ltr'>cibum</span> <span class='ocrx_word' id='word_1_290' title='bbox 542 3276 625 3333; x_wconf 91' lang='lat' dir='ltr'>illum</span> <span class='ocrx_word' id='word_1_291' title='bbox 639 3275 823 3348; x_wconf 89' lang='lat' dir='ltr'>pauperibus</span> <span class='ocrx_word' id='word_1_292' title='bbox 840 3277 1007 3348; x_wconf 73' lang='lat' dir='ltr'>adponam</span> <span class='ocrx_word' id='word_1_293' title='bbox 1022 3277 1161 3346; x_wconf 92' lang='lat' dir='ltr'>mitteret,</span> <span class='ocrx_word' id='word_1_294' title='bbox 1174 3277 1294 3333; x_wconf 88' lang='lat' dir='ltr'>iuuenis</span> <span class='ocrx_word' id='word_1_295' title='bbox 1308 3281 1441 3351; x_wconf 89' lang='lat' dir='ltr'>quidam,</span> 
     </span>
     <span class='ocr_line' id='line_1_34' title="bbox 286 3362 1441 3437; baseline 0.005 -18"><span class='ocrx_word' id='word_1_296' title='bbox 286 3362 477 3435; x_wconf 89' lang='lat' dir='ltr'>splendidam</span> <span class='ocrx_word' id='word_1_297' title='bbox 490 3364 607 3420; x_wconf 90' lang='lat' dir='ltr'>habens</span> <span class='ocrx_word' id='word_1_298' title='bbox 616 3363 732 3432; x_wconf 85' lang='lat' dir='ltr'>faciem,</span> <span class='ocrx_word' id='word_1_299' title='bbox 745 3372 840 3420; x_wconf 90' lang='lat' dir='ltr'>totum</span> <span class='ocrx_word' id='word_1_300' title='bbox 853 3380 921 3420; x_wconf 87' lang='lat' dir='ltr'>cum</span> <span class='ocrx_word' id='word_1_301' title='bbox 937 3363 1098 3437; x_wconf 90' lang='lat' dir='ltr'>parapside</span> <span class='ocrx_word' id='word_1_302' title='bbox 1108 3363 1128 3395; x_wconf 80' lang='lat'>¹⁰</span> <span class='ocrx_word' id='word_1_303' title='bbox 1140 3363 1279 3436; x_wconf 87' lang='lat' dir='ltr'>sumpsit,</span> <span class='ocrx_word' id='word_1_304' title='bbox 1292 3375 1325 3422; x_wconf 89' lang='lat' dir='ltr'>et</span> <span class='ocrx_word' id='word_1_305' title='bbox 1339 3371 1441 3424; x_wconf 82' lang='lat' dir='ltr'>statim</span> 
     </span>
     <span class='ocr_line' id='line_1_35' title="bbox 286 3449 1440 3525; baseline 0.005 -19"><span class='ocrx_word' id='word_1_306' title='bbox 286 3449 424 3507; x_wconf 92' lang='lat' dir='ltr'>euanuit:</span> <span class='ocrx_word' id='word_1_307' title='bbox 438 3467 566 3524; x_wconf 90' lang='lat' dir='ltr'>cumque</span> <span class='ocrx_word' id='word_1_308' title='bbox 580 3452 617 3508; x_wconf 89' lang='lat' dir='ltr'>de</span> <span class='ocrx_word' id='word_1_309' title='bbox 627 3469 700 3508; x_wconf 91' lang='lat' dir='ltr'>vase</span> <span class='ocrx_word' id='word_1_310' title='bbox 712 3451 811 3508; x_wconf 89' lang='lat' dir='ltr'>ablato</span> <span class='ocrx_word' id='word_1_311' title='bbox 824 3467 925 3508; x_wconf 90' lang='lat' dir='ltr'>sermo</span> <span class='ocrx_word' id='word_1_312' title='bbox 938 3449 1033 3521; x_wconf 87' lang='lat' dir='ltr'>fieret,</span> <span class='ocrx_word' id='word_1_313' title='bbox 1043 3453 1181 3525; x_wconf 88' lang='lat' dir='ltr'>parapsis</span> <span class='ocrx_word' id='word_1_314' title='bbox 1193 3467 1289 3524; x_wconf 87' lang='lat' dir='ltr'>super</span> <span class='ocrx_word' id='word_1_315' title='bbox 1299 3469 1440 3512; x_wconf 87' lang='lat' dir='ltr'>mensam</span> 
     </span>
     <span class='ocr_line' id='line_1_36' title="bbox 286 3537 1440 3612; baseline 0.006 -19"><span class='ocrx_word' id='word_1_316' title='bbox 286 3554 388 3595; x_wconf 89' lang='lat' dir='ltr'>coram</span> <span class='ocrx_word' id='word_1_317' title='bbox 400 3539 507 3594; x_wconf 87' lang='lat' dir='ltr'>abbate</span> <span class='ocrx_word' id='word_1_318' title='bbox 520 3539 618 3595; x_wconf 88' lang='lat' dir='ltr'>subito</span> <span class='ocrx_word' id='word_1_319' title='bbox 631 3538 745 3595; x_wconf 88' lang='lat' dir='ltr'>cecidit.</span> <span class='ocrx_word' id='word_1_320' title='bbox 783 3537 855 3595; x_wconf 89' lang='lat' dir='ltr'>Erat</span> <span class='ocrx_word' id='word_1_321' title='bbox 868 3537 948 3595; x_wconf 87' lang='lat' dir='ltr'>enlm</span> <span class='ocrx_word' id='word_1_322' title='bbox 961 3539 1086 3612; x_wconf 88' lang='lat' dir='ltr'>angelus</span> <span class='ocrx_word' id='word_1_323' title='bbox 1099 3537 1220 3607; x_wconf 90' lang='lat' dir='ltr'>domini,</span> <span class='ocrx_word' id='word_1_324' title='bbox 1232 3538 1285 3612; x_wconf 90' lang='lat' dir='ltr'>qui</span> <span class='ocrx_word' id='word_1_325' title='bbox 1298 3540 1440 3600; x_wconf 86' lang='lat' dir='ltr'>elemosi-</span> 
     </span>
    </p>

    <p class='ocr_par' dir='ltr' id='par_1_6' title="bbox 241 3624 1439 3961">
     <span class='ocr_line' id='line_1_37' title="bbox 241 3624 1439 3698; baseline 0.004 -16"><span class='ocrx_word' id='word_1_326' title='bbox 241 3647 271 3698; x_wconf 76' lang='lat'>35</span> <span class='ocrx_word' id='word_1_327' title='bbox 286 3642 358 3682; x_wconf 91' lang='lat' dir='ltr'>nam</span> <span class='ocrx_word' id='word_1_328' title='bbox 371 3625 425 3683; x_wconf 87' lang='lat' dir='ltr'>viri</span> <span class='ocrx_word' id='word_1_329' title='bbox 438 3625 487 3682; x_wconf 88' lang='lat' dir='ltr'>dei</span> <span class='ocrx_word' id='word_1_330' title='bbox 499 3626 538 3681; x_wconf 92' lang='lat' dir='ltr'>de</span> <span class='ocrx_word' id='word_1_331' title='bbox 551 3626 617 3682; x_wconf 91' lang='lat' dir='ltr'>celo</span> <span class='ocrx_word' id='word_1_332' title='bbox 628 3626 740 3682; x_wconf 89' lang='lat' dir='ltr'>missus</span> <span class='ocrx_word' id='word_1_333' title='bbox 753 3625 891 3698; x_wconf 89' lang='lat' dir='ltr'>accipere</span> <span class='ocrx_word' id='word_1_334' title='bbox 903 3627 992 3683; x_wconf 87' lang='lat' dir='ltr'>venit.</span> <span class='ocrx_word' id='word_1_335' title='bbox 1031 3625 1139 3682; x_wconf 86' lang='lat' dir='ltr'>Preter</span> <span class='ocrx_word' id='word_1_336' title='bbox 1149 3624 1270 3682; x_wconf 92' lang='lat' dir='ltr'>solitum</span> <span class='ocrx_word' id='word_1_337' title='bbox 1284 3632 1439 3686; x_wconf 82' lang='lat' dir='ltr'>seruitutis</span> 
     </span>
     <span class='ocr_line' id='line_1_38' title="bbox 285 3712 1438 3786; baseline 0.003 -16"><span class='ocrx_word' id='word_1_338' title='bbox 285 3721 316 3770; x_wconf 88' lang='lat' dir='ltr'>et</span> <span class='ocrx_word' id='word_1_339' title='bbox 333 3713 474 3770; x_wconf 88' lang='lat' dir='ltr'>orationis</span> <span class='ocrx_word' id='word_1_340' title='bbox 493 3729 631 3786; x_wconf 87' lang='lat' dir='ltr'>pensum,</span> <span class='ocrx_word' id='word_1_341' title='bbox 644 3721 763 3769; x_wconf 87' lang='lat' dir='ltr'>centum</span> <span class='ocrx_word' id='word_1_342' title='bbox 780 3712 993 3786; x_wconf 86' lang='lat' dir='ltr'>quinquaginta</span> <span class='ocrx_word' id='word_1_343' title='bbox 1011 3713 1145 3786; x_wconf 88' lang='lat' dir='ltr'>psalmos</span> <span class='ocrx_word' id='word_1_344' title='bbox 1164 3713 1296 3785; x_wconf 88' lang='lat' dir='ltr'>quotidie</span> <span class='ocrx_word' id='word_1_345' title='bbox 1316 3716 1438 3773; x_wconf 78' lang='lat' dir='ltr'>donuuo</span> 
     </span>
     <span class='ocr_line' id='line_1_39' title="bbox 285 3788 1438 3873; baseline 0.003 -15"><span class='ocrx_word' id='word_1_346' title='bbox 285 3802 470 3858; x_wconf 86' lang='lat' dir='ltr'>decantabat.</span> <span class='ocrx_word' id='word_1_347' title='bbox 545 3788 672 3857; x_wconf 87' lang='lat' dir='ltr'>Factum</span> <span class='ocrx_word' id='word_1_348' title='bbox 690 3809 737 3856; x_wconf 90' lang='lat' dir='ltr'>est</span> <span class='ocrx_word' id='word_1_349' title='bbox 753 3800 834 3856; x_wconf 92' lang='lat' dir='ltr'>enim</span> <span class='ocrx_word' id='word_1_350' title='bbox 847 3809 878 3858; x_wconf 92' lang='lat' dir='ltr'>vt</span> <span class='ocrx_word' id='word_1_351' title='bbox 895 3801 1026 3873; x_wconf 87' lang='lat' dir='ltr'>quodam</span> <span class='ocrx_word' id='word_1_352' title='bbox 1042 3809 1178 3873; x_wconf 90' lang='lat' dir='ltr'>tempore</span> <span class='ocrx_word' id='word_1_353' title='bbox 1194 3799 1283 3857; x_wconf 84' lang='lat' dir='ltr'>solito</span> <span class='ocrx_word' id='word_1_354' title='bbox 1296 3807 1438 3861; x_wconf 89' lang='lat' dir='ltr'>attentius</span> 
     </span>
     <span class='ocr_line' id='line_1_40' title="bbox 285 3887 1438 3961; baseline 0.003 -15"><span class='ocrx_word' id='word_1_355' title='bbox 285 3907 385 3960; x_wconf 87' lang='lat' dir='ltr'>orans,</span> <span class='ocrx_word' id='word_1_356' title='bbox 403 3898 434 3946; x_wconf 94' lang='lat' dir='ltr'>et</span> <span class='ocrx_word' id='word_1_357' title='bbox 452 3887 604 3945; x_wconf 90' lang='lat' dir='ltr'>lachrimis</span> <span class='ocrx_word' id='word_1_358' title='bbox 622 3888 811 3945; x_wconf 90' lang='lat' dir='ltr'>abundanter</span> <span class='ocrx_word' id='word_1_359' title='bbox 828 3887 934 3945; x_wconf 82' lang='lat' dir='ltr'>faciem</span> <span class='ocrx_word' id='word_1_360' title='bbox 953 3887 1064 3961; x_wconf 84' lang='lat' dir='ltr'>rigans,</span> <span class='ocrx_word' id='word_1_361' title='bbox 1080 3887 1211 3944; x_wconf 90' lang='lat' dir='ltr'>animam</span> <span class='ocrx_word' id='word_1_362' title='bbox 1229 3905 1319 3946; x_wconf 87' lang='lat' dir='ltr'>suam</span> <span class='ocrx_word' id='word_1_363' title='bbox 1338 3909 1438 3948; x_wconf 88' lang='lat' dir='ltr'>eoram</span> 
     </span>
    </p>
   </div>
   <div class='ocr_carea' id='block_1_5' title="bbox 284 3975 1439 4452">
    <p class='ocr_par' dir='ltr' id='par_1_7' title="bbox 284 3975 1439 4452">
     <span class='ocr_line' id='line_1_41' title="bbox 318 3975 1437 4056; baseline 0.004 -14"><span class='ocrx_word' id='word_1_364' title='bbox 318 3994 329 4024; x_wconf 74' lang='lat'>¹</span> <span class='ocrx_word' id='word_1_365' title='bbox 345 3993 393 4044; x_wconf 76' lang='lat' dir='ltr'>aa.</span> <span class='ocrx_word' id='word_1_366' title='bbox 405 3995 431 4042; x_wconf 77' lang='lat' dir='ltr'>n</span> <span class='ocrx_word' id='word_1_367' title='bbox 447 3993 504 4042; x_wconf 74' lang='lat' dir='ltr'>net.</span> <span class='ocrx_word' id='word_1_368' title='bbox 521 3992 568 4043; x_wconf 79' lang='lat' dir='ltr'>sa.</span> <span class='ocrx_word' id='word_1_369' title='bbox 582 3992 646 4042; x_wconf 82' lang='lat' dir='ltr'>nou.</span> <span class='ocrx_word' id='word_1_370' title='bbox 662 3993 731 4052; x_wconf 75' lang='lat' dir='ltr'>June</span> <span class='ocrx_word' id='word_1_371' title='bbox 748 3991 780 4041; x_wconf 92' lang='lat'>11.</span> <span class='ocrx_word' id='word_1_372' title='bbox 796 4007 821 4055; x_wconf 79' lang='lat' dir='ltr'>p.</span> <span class='ocrx_word' id='word_1_373' title='bbox 838 4007 870 4054; x_wconf 78' lang='lat'>4⁷</span> <span class='ocrx_word' id='word_1_374' title='bbox 886 3993 949 4056; x_wconf 72' lang='lat' dir='ltr'>(ana</span> <span class='ocrx_word' id='word_1_375' title='bbox 965 3993 1082 4053; x_wconf 54' lang='lat' dir='ltr'>smus„</span> <span class='ocrx_word' id='word_1_376' title='bbox 1097 3975 1222 4054; x_wconf 59' lang='lat' dir='ltr'>annales</span> <span class='ocrx_word' id='word_1_377' title='bbox 1236 3991 1304 4042; x_wconf 79' lang='lat' dir='ltr'>nom</span> <span class='ocrx_word' id='word_1_378' title='bbox 1321 3996 1370 4046; x_wconf 73' lang='lat' dir='ltr'>ne</span> <span class='ocrx_word' id='word_1_379' title='bbox 1381 3997 1437 4046; x_wconf 73' lang='lat' dir='ltr'>tua</span> 
     </span>
     <span class='ocr_line' id='line_1_42' title="bbox 286 4057 1438 4122; baseline 0.001 -13"><span class='ocrx_word' id='word_1_380' title='bbox 286 4059 316 4109; x_wconf 92' lang='lat' dir='ltr'>ol&#39;</span> <span class='ocrx_word' id='word_1_381' title='bbox 329 4061 415 4110; x_wconf 87' lang='lat' dir='ltr'>which</span> <span class='ocrx_word' id='word_1_382' title='bbox 428 4060 539 4108; x_wconf 81' lang='lat' dir='ltr'>another</span> <span class='ocrx_word' id='word_1_383' title='bbox 554 4060 717 4122; x_wconf 80' lang='lat' dir='ltr'>abridgment</span> <span class='ocrx_word' id='word_1_384' title='bbox 732 4057 754 4108; x_wconf 84' lang='lat' dir='ltr'>is</span> <span class='ocrx_word' id='word_1_385' title='bbox 769 4058 795 4106; x_wconf 89' lang='lat' dir='ltr'>in</span> <span class='ocrx_word' id='word_1_386' title='bbox 814 4059 868 4108; x_wconf 88' lang='lat' dir='ltr'>MS.</span> <span class='ocrx_word' id='word_1_387' title='bbox 882 4058 978 4108; x_wconf 83' lang='lat' dir='ltr'>Lansd.</span> <span class='ocrx_word' id='word_1_388' title='bbox 994 4061 1052 4121; x_wconf 84' lang='lat'>436,</span> <span class='ocrx_word' id='word_1_389' title='bbox 1069 4057 1085 4107; x_wconf 79' lang='lat' dir='ltr'>l</span> <span class='ocrx_word' id='word_1_390' title='bbox 1105 4060 1225 4107; x_wconf 73' lang='lat' dir='ltr'>ard-rat.</span> <span class='ocrx_word' id='word_1_391' title='bbox 1261 4059 1298 4120; x_wconf 84' lang='lat' dir='ltr'>(A</span> <span class='ocrx_word' id='word_1_392' title='bbox 1315 4062 1438 4112; x_wconf 77' lang='lat' dir='ltr'>different</span> 
     </span>
     <span class='ocr_line' id='line_1_43' title="bbox 287 4123 1438 4186; baseline 0.001 -11"><span class='ocrx_word' id='word_1_393' title='bbox 287 4127 361 4175; x_wconf 86' lang='lat' dir='ltr'>Saint</span> <span class='ocrx_word' id='word_1_394' title='bbox 376 4127 398 4174; x_wconf 88' lang='lat' dir='ltr'>is</span> <span class='ocrx_word' id='word_1_395' title='bbox 416 4124 443 4174; x_wconf 89' lang='lat' dir='ltr'>S.</span> <span class='ocrx_word' id='word_1_396' title='bbox 462 4125 562 4174; x_wconf 90' lang='lat' dir='ltr'>Robert</span> <span class='ocrx_word' id='word_1_397' title='bbox 579 4123 608 4173; x_wconf 88' lang='lat' dir='ltr'>ol</span> <span class='ocrx_word' id='word_1_398' title='bbox 623 4124 851 4186; x_wconf 85' lang='lat' dir='ltr'>Knaresborough‚</span> <span class='ocrx_word' id='word_1_399' title='bbox 868 4123 1020 4185; x_wconf 79' lang='lat' dir='ltr'>Yorkshire,</span> <span class='ocrx_word' id='word_1_400' title='bbox 1036 4124 1139 4184; x_wconf 89' lang='lat' dir='ltr'>hermit,</span> <span class='ocrx_word' id='word_1_401' title='bbox 1157 4124 1249 4172; x_wconf 85' lang='lat' dir='ltr'>whose</span> <span class='ocrx_word' id='word_1_402' title='bbox 1266 4123 1323 4186; x_wconf 81' lang='lat' dir='ltr'>lile,</span> <span class='ocrx_word' id='word_1_403' title='bbox 1343 4128 1372 4176; x_wconf 84' lang='lat' dir='ltr'>in</span> <span class='ocrx_word' id='word_1_404' title='bbox 1389 4129 1438 4178; x_wconf 91' lang='lat' dir='ltr'>Old</span> 
     </span>
     <span class='ocr_line' id='line_1_44' title="bbox 286 4187 1439 4253; baseline 0.002 -13"><span class='ocrx_word' id='word_1_405' title='bbox 286 4191 361 4253; x_wconf 81' lang='lat' dir='ltr'>Engl.</span> <span class='ocrx_word' id='word_1_406' title='bbox 373 4206 456 4250; x_wconf 83' lang='lat' dir='ltr'>verse,</span> <span class='ocrx_word' id='word_1_407' title='bbox 466 4205 522 4240; x_wconf 86' lang='lat' dir='ltr'>was</span> <span class='ocrx_word' id='word_1_408' title='bbox 535 4189 575 4240; x_wconf 86' lang='lat' dir='ltr'>ed.</span> <span class='ocrx_word' id='word_1_409' title='bbox 588 4189 674 4240; x_wconf 81' lang='lat' dir='ltr'>Roxb.</span> <span class='ocrx_word' id='word_1_410' title='bbox 684 4189 757 4250; x_wconf 90' lang='lat' dir='ltr'>Club,</span> <span class='ocrx_word' id='word_1_411' title='bbox 772 4191 856 4250; x_wconf 77' lang='lat'>1824.)</span> <span class='ocrx_word' id='word_1_412' title='bbox 912 4189 922 4218; x_wconf 82' lang='lat'><strong>¹</strong></span> <span class='ocrx_word' id='word_1_413' title='bbox 933 4187 990 4239; x_wconf 73' lang='lat' dir='ltr'>MS.</span> <span class='ocrx_word' id='word_1_414' title='bbox 998 4189 1026 4238; x_wconf 93' lang='lat' dir='ltr'>L.</span> <span class='ocrx_word' id='word_1_415' title='bbox 1036 4189 1098 4239; x_wconf 90' lang='lat' dir='ltr'>eccl.</span> <span class='ocrx_word' id='word_1_416' title='bbox 1105 4190 1138 4237; x_wconf 90' lang='lat' dir='ltr'>de</span> <span class='ocrx_word' id='word_1_417' title='bbox 1148 4189 1292 4251; x_wconf 83' lang='lat' dir='ltr'>Gargrave,</span> <span class='ocrx_word' id='word_1_418' title='bbox 1305 4191 1352 4240; x_wconf 92' lang='lat' dir='ltr'>ubi</span> <span class='ocrx_word' id='word_1_419' title='bbox 1366 4203 1439 4243; x_wconf 76' lang='lat' dir='ltr'>nahts</span> 
     </span>
     <span class='ocr_line' id='line_1_45' title="bbox 285 4253 1439 4317; baseline -0.006 -12"><span class='ocrx_word' id='word_1_420' title='bbox 285 4257 377 4307; x_wconf 84' lang='lat' dir='ltr'>iuerat.</span> <span class='ocrx_word' id='word_1_421' title='bbox 437 4255 487 4305; x_wconf 79' lang='lat' dir='ltr'>’&#39;l&#39;.</span> <span class='ocrx_word' id='word_1_422' title='bbox 502 4255 625 4305; x_wconf 89' lang='lat' dir='ltr'>Wbitebi.</span> <span class='ocrx_word' id='word_1_423' title='bbox 685 4254 735 4304; x_wconf 83' lang='lat' dir='ltr'>·T.</span> <span class='ocrx_word' id='word_1_424' title='bbox 747 4255 875 4313; x_wconf 76' lang='lat' dir='ltr'>ricardus:</span> <span class='ocrx_word' id='word_1_425' title='bbox 893 4255 947 4304; x_wconf 83' lang='lat' dir='ltr'>itis</span> <span class='ocrx_word' id='word_1_426' title='bbox 960 4255 1120 4305; x_wconf 79' lang='lat' dir='ltr'>Richardde</span> <span class='ocrx_word' id='word_1_427' title='bbox 1132 4253 1224 4317; x_wconf 85' lang='lat' dir='ltr'>llerly.</span> <span class='ocrx_word' id='word_1_428' title='bbox 1286 4255 1298 4284; x_wconf 85' lang='lat'>⁸</span> <span class='ocrx_word' id='word_1_429' title='bbox 1314 4278 1339 4298; x_wconf 68' lang='lat' dir='ltr'>a</span> <span class='ocrx_word' id='word_1_430' title='bbox 1355 4259 1439 4309; x_wconf 65' lang='lat' dir='ltr'>Form-</span> 
     </span>
     <span class='ocr_line' id='line_1_46' title="bbox 285 4317 1439 4383; baseline 0.005 -13"><span class='ocrx_word' id='word_1_431' title='bbox 285 4324 360 4382; x_wconf 82' lang='lat' dir='ltr'>tains,</span> <span class='ocrx_word' id='word_1_432' title='bbox 373 4337 437 4371; x_wconf 87' lang='lat' dir='ltr'>near</span> <span class='ocrx_word' id='word_1_433' title='bbox 450 4321 545 4383; x_wconf 89' lang='lat' dir='ltr'>Ripon.</span> <span class='ocrx_word' id='word_1_434' title='bbox 610 4319 621 4349; x_wconf 81' lang='lat'>⁸</span> <span class='ocrx_word' id='word_1_435' title='bbox 638 4319 706 4370; x_wconf 89' lang='lat' dir='ltr'>Boll.</span> <span class='ocrx_word' id='word_1_436' title='bbox 719 4321 786 4372; x_wconf 86' lang='lat' dir='ltr'>Non.</span> <span class='ocrx_word' id='word_1_437' title='bbox 860 4317 935 4371; x_wconf 81' lang='lat' dir='ltr'>&#39;vel</span> <span class='ocrx_word' id='word_1_438' title='bbox 1011 4319 1021 4350; x_wconf 85' lang='lat'>⁸</span> <span class='ocrx_word' id='word_1_439' title='bbox 1037 4321 1067 4372; x_wconf 80' lang='lat' dir='ltr'>E.</span> <span class='ocrx_word' id='word_1_440' title='bbox 1079 4320 1200 4372; x_wconf 73' lang='lat' dir='ltr'>sueuuis</span> <span class='ocrx_word' id='word_1_441' title='bbox 1278 4320 1343 4374; x_wconf 69' lang='lat' dir='ltr'>’aa</span> <span class='ocrx_word' id='word_1_442' title='bbox 1360 4325 1439 4376; x_wconf 78' lang='lat' dir='ltr'>Nesu-</span> 
     </span>
     <span class='ocr_line' id='line_1_47' title="bbox 284 4383 940 4452; baseline 0.003 -17"><span class='ocrx_word' id='word_1_443' title='bbox 284 4386 400 4448; x_wconf 84' lang='lat' dir='ltr'>minster,</span> <span class='ocrx_word' id='word_1_444' title='bbox 413 4401 475 4436; x_wconf 85' lang='lat' dir='ltr'>near</span> <span class='ocrx_word' id='word_1_445' title='bbox 487 4385 616 4450; x_wconf 82' lang='lat' dir='ltr'>hlorpeth.</span> <span class='ocrx_word' id='word_1_446' title='bbox 681 4383 701 4414; x_wconf 77' lang='lat'>¹⁰</span> <span class='ocrx_word' id='word_1_447' title='bbox 718 4385 783 4436; x_wconf 89' lang='lat' dir='ltr'>Boll.</span> <span class='ocrx_word' id='word_1_448' title='bbox 795 4387 940 4452; x_wconf 79' lang='lat' dir='ltr'>paropside.</span> 
     </span>
    </p>
   </div>
   <div class='ocr_carea' id='block_1_6' title="bbox 0 0 1510 4898">
    <p class='ocr_par' dir='ltr' id='par_1_8' title="bbox 0 0 1510 4898">
     <span class='ocr_line' id='line_1_48' title="bbox 0 0 1510 4898; baseline 0 3"><span class='ocrx_word' id='word_1_449' title='bbox 0 0 1510 4898; x_wconf 95' lang='lat' dir='ltr'> </span> 
     </span>
    </p>
   </div>
  </div>
 </body>
</html>
