3036 4878
272 259 343 326 662
703 247 904 350 apparuit
932 251 982 325 11.

273 471 354 509 suum
367 453 459 508 retulit
472 453 628 521 manifeste,
641 463 669 509 et
684 451 739 524 [se]
754 453 923 521 condignam
937 451 1075 507 ulcionem
1088 451 1252 523 pertulisse;
1272 467 1328 505 nec
1340 469 1433 506 ausus

272 549 314 592 est
343 537 522 608 postmodum
547 537 585 591 ad
611 537 742 592 feretrum
768 537 911 590 accedere
957 537 990 590 ln
1015 537 1068 590 hoc
1096 534 1230 589 miraculo
1259 534 1432 588 instruimur
1512 539 1513 544 ’

271 619 394 689 glorioso
413 619 518 674 martiri
537 637 669 689 magnam
687 619 874 674 exhibendam
892 635 955 674 esse
973 617 1172 673 reuerenciam.

364 738 443 794 Ulier
455 739 576 808 quedam
593 737 785 794 londoniensis
805 737 931 792 Matildis
950 735 1064 792 nomine
1083 754 1198 807 puerum
1211 753 1293 790 suurn
1308 735 1357 806 qui
1379 753 1431 806 per

246 833 261 884 5
397 831 453 876 tres
465 821 639 876 ebdomadas
658 837 711 875 nec
730 837 843 874 manum
861 837 913 874 nec
926 819 1028 890 pedem
1036 837 1148 874 mouere
1160 829 1281 888 poterat,
1295 819 1429 886 exposuit

275 904 327 959 sub
345 903 465 958 martiris
486 903 629 959 Edmundi
647 904 756 969 feretro,
770 919 867 972 preces
885 913 913 956 et
933 913 999 956 uota
1017 902 1224 957 lacrimabiliter
1242 901 1429 956 effundendo.

276 988 402 1058 Cumque
421 1003 490 1057 puer
508 987 560 1041 sub
577 986 680 1041 feretro
699 983 838 1056 paululum
857 985 1061 1040 obdormisset:
1087 985 1179 1040 statim
1203 984 1309 1038 virtute
1333 985 1429 1037 sancti

275 1067 420 1124 Edmundi
436 1079 552 1124 sanatus
569 1078 620 1124 est.
660 1067 702 1123 Sit
721 1067 804 1138 igitur
816 1067 904 1136 gloria
916 1067 977 1121 laus
989 1077 1018 1122 et
1030 1067 1119 1122 honor
1131 1066 1239 1138 spiritui
1252 1077 1364 1128 sancto,
1379 1067 1430 1136 qui

276 1161 336 1206 tam
349 1151 496 1220 magnifice
508 1161 639 1221 operatur
651 1151 678 1204 in
692 1167 742 1206 suo
754 1149 866 1204 martire
879 1149 1009 1219 glorioso.

236 1291 265 1328 ιο
343 1271 424 1328 Uella
442 1272 564 1342 quedam
577 1271 688 1325 vinculo
706 1269 796 1325 morbi
809 1268 974 1325 miserabilis
986 1236 1099 1335 afflicta,
1111 1270 1225 1326 beatum
1239 1269 1429 1324 Edmundum

376 1353 469 1408 multis
487 1355 614 1425 precibus
636 1353 746 1409 deuotis
767 1364 795 1408 et
813 1353 962 1422 gemitibus
981 1353 1114 1407 exorauit.
1152 1352 1329 1422 conceperat
1350 1353 1430 1406 enim

279 1453 328 1507 per
346 1434 513 1506 que[n]dam
533 1446 628 1506 potum
647 1437 721 1492 circa
740 1446 837 1506 pectus
855 1437 1002 1490 mortalem
1021 1435 1187 1501 inflaturam,
1198 1451 1248 1504 pro
1261 1452 1320 1505 qua
1339 1435 1431 1488 medi-

278 1519 397 1574 cinalem
416 1519 563 1589 pocionem
575 1530 727 1590 receperat,
740 1535 858 1589 cumque
870 1517 1045 1572 medicinalis
1058 1518 1139 1587 pocio
1156 1535 1208 1572 nec
1220 1527 1362 1571 tumorem
1375 1533 1431 1570 nec
1512 1557 1513 1560 η

278 1603 404 1657 dolorem
423 1599 578 1670 mitigaret¹
593 1611 634 1656 set
654 1601 872 1656 intollerabiliter
883 1611 1006 1669 augeret,
1019 1600 1183 1670 prudentem
1202 1598 1347 1654 medicum
1360 1616 1431 1653 oon-

238 1705 265 1755 r5
279 1685 363 1742 suluit
382 1683 428 1755 qui
447 1683 516 1740 dixit
534 1684 577 1740 ei:
604 1684 685 1739 ‘Nisi
705 1694 733 1739 te
752 1693 864 1754 recepta
882 1683 1022 1738 medicina
1040 1693 1166 1750 euacuet,
1183 1693 1277 1736 tumor
1295 1693 1324 1736 et
1345 1683 1429 1735 dolor
1512 1663 1513 1698 ⁷

278 1769 329 1824 tibi
353 1766 411 1823 uita
435 1767 538 1824 comite
562 1767 781 1838 permanebunt!
811 1767 906 1820 Puella
929 1783 996 1820 uero
1020 1764 1107 1820 tristis
1131 1774 1159 1819 et
1183 1765 1268 1818 anxia
1292 1765 1430 1819 celestem

280 1850 420 1907 medicum
447 1850 613 1920 interpellat,
639 1849 685 1921 qui
711 1849 737 1904 ei
760 1849 876 1905 tandem
901 1847 1019 1919 inspirat
1043 1857 1073 1902 vt
1098 1847 1252 1916 gloriosum
1279 1845 1429 1900 martirem

281 1933 463 2011 Edmundum
488 1932 627 1988 humiliter
653 1933 750 2000 adiret,
775 1932 923 2003 ipsumque
954 1930 1126 1986 confidenter
1155 1946 1275 1984 exorans
1306 1929 1430 1983 salutem

279 2015 427 2086 acciperet.
465 2015 527 2084 Que
546 2014 681 2070 diuinitus
703 2015 867 2082 confortata,
883 2013 959 2070 venit
979 2012 1017 2068 ad
1038 2023 1166 2068 sanctum
1188 2012 1383 2078 Edmundum,
1403 2022 1431 2065 et

238 2119 268 2154 ro
280 2100 396 2154 salutern
415 2098 452 2152 ab
471 2115 505 2153 eo
524 2097 594 2154 sicut
612 2095 638 2152 ei
657 2115 674 2151 a
692 2096 806 2152 domino
826 2095 993 2166 promissum
1011 2096 1100 2150 luerat
1114 2094 1222 2150 deuotis
1236 2094 1370 2164 precibus
1381 2112 1430 2148 err·

280 2180 388 2248 orauit;
414 2181 461 2235 vbi
480 2179 593 2236 deeius
613 2179 695 2250 cipho
712 2179 740 2234 in
759 2178 871 2234 nomine
890 2189 988 2234 sancte
1006 2177 1137 2233 trinitatis
1153 2177 1227 2232 trina
1244 2176 1306 2230 vice
1326 2177 1430 2231 deuote
1512 2223 1513 2226 ,

280 2263 396 2334 potauit.
434 2264 560 2334 Cumque
573 2263 609 2317 ab
622 2263 692 2317 bora
704 2261 794 2333 prima
806 2278 893 2332 vsque
907 2261 943 2315 ad
956 2259 1071 2316 terciam
1085 2261 1113 2315 in
1126 2269 1204 2314 tanta
1218 2257 1429 2330 supplicacione

281 2347 458 2418 persisteret:
490 2346 584 2402 statim
608 2344 709 2400 virtute
731 2343 845 2414 gloriosi
866 2342 988 2398 martiris
1008 2341 1151 2398 Edmundi
1174 2351 1234 2396 tota
1253 2340 1328 2396 illius
1350 2341 1429 2394 infla·

281 2439 351 2496 tura,
370 2445 424 2500 que
442 2429 556 2498 gemino
575 2424 666 2497 {etu[i]
686 2426 784 2484 similis
805 2427 864 2494 luit,
883 2425 943 2482 sine
961 2427 1038 2480 omni
1059 2423 1224 2495 purgamine
1245 2421 1429 2478 mirabiliter²

238 2528 267 2576 :5
280 2511 401 2575 euanuit,
415 2522 489 2566 totus
503 2513 585 2567 dolor
596 2509 766 2581 ab[s]eessit,
779 2521 807 2566 et
820 2509 912 2580 puella
925 2518 1025 2564 sanata
1037 2506 1200 2578 permansit.

287 2636 430 2762 IUuenis
442 2636 557 2707 quidam
571 2636 607 2690 de
617 2635 788 2705 Symplynge
801 2633 827 2688 in
841 2650 942 2704 guerra
951 2634 1047 2700 semel,
1058 2632 1181 2687 secundo
1193 2641 1221 2686 et
1232 2629 1321 2686 tercio
1330 2641 1428 2700 captus

356 2729 384 2774 et
397 2719 432 2773 de
444 2719 596 2774 tortoribus
608 2719 637 2773 in
650 2729 777 2785 tortores,
791 2717 827 2772 de
840 2716 922 2771 malis
935 2717 964 2770 in
976 2715 1086 2786 peiores
1098 2714 1229 2770 venditus
1240 2725 1269 2768 et
1282 2731 1300 2768 a
1312 2714 1428 2783 singulis

282 2802 476 2858 miserabiliter
493 2803 612 2857 afflictus
632 2801 819 2872 manibusque
840 2801 904 2854 lune
922 2799 1074 2854 fortissimo
1095 2797 1187 2867 ligatis
1209 2797 1430 2852 intollerabiliter
1512 2841 1513 2844 ,

282 2885 430 2953 cruciatus,
444 2887 593 2956 gloriosum
608 2901 702 2954 regem
715 2894 743 2940 et
760 2884 904 2939 martirem
917 2881 1100 2938 Edmundum
1117 2891 1145 2936 et
1157 2882 1348 2936 reuerendum
1365 2897 1428 2936 con-

238 2989 269 3038 30
281 2971 415 3026 sessorem
428 2969 715 3026 ChristiNicholaum
728 2968 856 3022 flebiliter
873 2977 902 3022 et
920 2966 1056 3022 instanter
1075 2965 1233 3019 inuocabat.
1271 2964 1329 3033 Qui
1342 2964 1430 3019 nimio
1512 2999 1513 3004 κ

281 3053 376 3109 dolore
394 3053 494 3124 pioque
512 3053 632 3108 clamore
649 3052 792 3122 paululum
806 3049 977 3105 obdormiuit
994 3059 1021 3103 et
1040 3048 1149 3103 interim
1163 3047 1251 3102 virtus
1268 3058 1429 3103 sanctorum

282 3136 426 3192 avinculis
439 3153 503 3192 eum
516 3135 646 3192 absoluit.
679 3133 825 3204 Euigilans
838 3143 931 3188 autem
943 3132 1063 3188 liberum
1076 3143 1103 3186 et
1118 3132 1241 3186 solutum
1254 3147 1285 3186 se
1298 3131 1428 3202 inspicit;

282 3221 423 3275 vinculum
441 3237 496 3291 quo
514 3219 615 3289 ligatus
634 3219 725 3274 luerat
744 3216 945 3286 gloriosissimo
962 3215 1069 3270 martiri
1087 3224 1115 3269 et
1131 3215 1188 3284 regi
1202 3215 1357 3268 Edmundo
1375 3226 1430 3269 tan·

281 3319 366 3374 quam
387 3302 527 3358 liberatori
545 3301 655 3372 gracias
677 3317 765 3371 agens
784 3299 891 3371 optulit,
908 3298 995 3371 ipsius
1014 3315 1124 3370 quoque
1142 3297 1258 3353 virtutes
1280 3298 1429 3366 magnifice

238 3402 268 3452 35
282 3384 461 3442 collaudauit.

289 3511 405 3638 ERat
429 3511 544 3580 quidam
575 3509 794 3566 molendinarius
826 3510 853 3564 in
879 3507 1015 3578 obsequio
1039 3504 1160 3562 martiris
1185 3505 1331 3560 Edmundi
1356 3505 1429 3576 apud
1512 3485 1513 3492 ἵ

385 3595 565 3663 Werlretone,
578 3611 662 3664 quem
682 3593 800 3648 ministri
820 3592 928 3662 regales
948 3591 1050 3646 iniuste
1069 3601 1202 3660 ceperunt
1219 3599 1249 3643 et
1267 3589 1297 3644 in
1316 3591 1430 3644 castello
1512 3657 1513 3660 Ἴ

284 3677 506 3748 Norhamptonie
527 3695 592 3732 cum
613 3676 809 3732 nonemdecim
829 3674 948 3746 captiuis
973 3673 1056 3728 simul
1081 3673 1110 3726 in
1129 3689 1185 3726 vno
1208 3673 1348 3742 compede
1367 3690 1429 3728 con·

283 3763 459 3819 strinxerunt.
496 3762 561 3830 Ipse
580 3776 646 3815 vero
665 3758 796 3826 lacrimis,
816 3757 889 3813 uotis
907 3767 935 3812 et
953 3756 1079 3827 suspiriis
1098 3765 1226 3810 sanctum
1247 3757 1429 3810 Edmundum

238 3866 270 3916 40
282 3835 414 3914 exorauit,
433 3854 462 3899 vt
481 3844 607 3898 natiuum
626 3859 707 3896 suum
727 3858 782 3896 non
801 3841 948 3896 desereret.
986 3839 1040 3896 Die
1059 3839 1142 3908 igitur
1160 3849 1261 3893 octauo
1280 3837 1430 3908 gloriosum

282 3929 424 3985 martirem
438 3927 618 3983 Edmundum
632 3925 686 3981 sibi
698 3925 862 3980 mirabiliter
874 3923 1096 3994 patrocinantem
1109 3921 1251 3992 percepit:
1270 3921 1342 3976 vidit
1358 3923 1429 3978 enim

283 4013 370 4084 pedes
392 4029 458 4066 suos
478 4021 557 4066 extra
577 4009 728 4078 compedes
751 4009 865 4075 solutos,
884 4016 912 4062 et
933 4006 1021 4076 pedes
1042 4005 1168 4065 omnium
1193 4004 1336 4059 sociorum
1361 4007 1429 4060 sicut

281 4096 391 4150 fuerant
403 4095 485 4149 simul
498 4091 680 4162 compeditos.
719 4090 803 4146 Liber
815 4089 941 4158 surrexit,
950 4099 977 4144 et
990 4089 1027 4144 nd
1040 4088 1188 4143 ecclesiam
1200 4087 1278 4142 beati
1288 4089 1428 4144 Edmundi

283 4177 311 4231 in
326 4177 393 4231 villa
412 4175 638 4246 Norbamptonie
656 4183 844 4229 constructam
861 4173 972 4243 gracias
990 4188 1077 4240 agens
1096 4169 1224 4240 perrexit.
1262 4171 1428 4227 ntiraculum

457 4330 466 4360 ¹
485 4330 539 4400 us.
552 4331 684 4397 mitigant.
981 4327 992 4361 ²
1011 4327 1065 4379 us.
1078 4327 1256 4380 armatura.

1508 3861 1513 3890 l
