3008 4904
367 297 442 390 Dr
466 295 630 386 &antu
656 296 986 402 usitatiorem.
1177 307 1248 396 263

90 497 235 556 faciebat.
272 497 327 556 Cui
346 516 401 555 rex
417 497 578 556 Oswaldus
596 498 679 556 dedit
697 499 795 556 locum
815 499 897 558 sedis
915 499 1103 574 episcopalis,
1115 499 1165 558 vbi
1182 499 1250 573 ipse

91 589 229 660 petebat,
249 587 281 644 in
306 587 404 644 insula
428 586 667 644 lindisfarnensi:
695 587 746 660 qui
770 587 833 644 scil.
853 588 936 645 locus
960 589 1122 646 accedente
1146 605 1181 644 ac
1203 606 1250 644 re·

92 675 228 732 cedente
242 683 376 732 reumate
389 675 436 731 bis
448 674 581 748 quotidie
596 675 692 730 instar
703 675 801 731 insule
814 676 906 732 maris
919 675 1140 733 circumluitur¹
1152 676 1251 744 vndis,

93 763 146 819 bis
168 764 316 820 renudato
336 762 435 819 littore
455 764 613 835 contiguus
634 771 714 819 terre
735 763 886 832 redditur;
914 772 1003 836 atque
1027 763 1092 820 eius
1116 764 1250 821 admoni-

92 851 230 908 tionibus
248 851 399 908 humiliter
416 867 451 907 ac
469 850 599 908 libenter
615 849 646 906 in
667 850 806 908 omnibus
826 851 999 908 auscultans
1008 850 1028 920 ¹,
1040 851 1199 908 ecclesias³
1218 851 1278 924 in5

95 956 157 996 suo
173 957 269 1012 regno
284 939 425 995 edificare
438 947 468 994 et
480 938 605 994 dilatare
618 938 777 1011 diligenter
789 938 911 995 curauit.
950 938 1028 995 Miro
1045 948 1146 997 autem
1163 957 1250 1013 spec·

94 1027 198 1084 taculo
211 1044 285 1100 sepe
298 1026 420 1099 contigit
431 1036 464 1083 vt
481 1027 707 1098 euangelizante
724 1026 857 1083 antistite
869 1025 921 1100 qui
933 1026 1103 1100 Anglorum
1115 1027 1250 1101 linguam

94 1115 234 1189 perfecte
256 1132 317 1171 non
342 1123 476 1184 nouerat,
498 1114 565 1187 ipse
589 1131 644 1170 rex
668 1115 784 1186 anglice
808 1115 921 1188 populo
945 1114 1193 1188 interpretaretur
1216 1133 1251 1172 ac

94 1203 226 1259 ducibus
241 1211 271 1258 et
287 1201 433 1259 ministris
450 1201 522 1258 suis.
558 1201 644 1259 Tunc
662 1201 853 1259 confluebant
871 1202 1002 1276 quotidie
1020 1203 1057 1259 de
1074 1212 1164 1277 gente
1175 1203 1250 1263 Sco-

94 1299 199 1346 torum
217 1291 255 1347 ad
274 1289 492 1364 predicandum
505 1288 614 1362 Anglis
633 1289 772 1346 monachi
790 1291 829 1347 de
847 1290 1030 1347 monasterio
1042 1290 1151 1348 Aidani
1171 1291 1250 1364 quod
1266 1309 1297 1344 ro

95 1378 216 1434 eratin
237 1378 336 1434 insula
357 1377 409 1433 Hii
431 1376 684 1434 famosissimum:
713 1395 772 1450 que
797 1377 919 1450 quidem
943 1378 1041 1435 insula
1064 1379 1115 1436 Hii
1140 1380 1177 1436 ad
1202 1379 1250 1435 ius

96 1466 270 1538 pertinebat
283 1465 475 1538 Anglorum⁴‚
489 1482 549 1521 non
564 1482 673 1538 magno
685 1465 724 1521 ab
736 1481 772 1522 ea
785 1464 860 1522 freto
873 1467 1010 1534 discreta,
1023 1468 1078 1523 sed
1091 1466 1251 1524 donatione

98 1554 252 1611 Pictorum
265 1553 325 1610 iarn
338 1553 450 1609 dudum
462 1552 618 1608 monachis
632 1552 790 1609 Scotorum
803 1553 918 1622 tradita,
931 1571 967 1610 eo
980 1555 1060 1627 quod
1077 1553 1136 1612 illis
1152 1555 1250 1628 predi·

96 1641 238 1699 cantibus
259 1641 351 1698 fidem
373 1639 484 1697 Christi
508 1647 720 1714 perceperunt.
757 1639 1014 1698 Construebantur
1032 1659 1106 1715 ergo
1123 1643 1251 1700 ecclesie

96 1747 158 1802 per
173 1730 245 1799 loca,
258 1729 448 1786 confluebant
465 1730 503 1785 ad
520 1728 703 1785 audiendum
717 1728 843 1785 verbum
856 1729 958 1802 populi
970 1731 1145 1802 gaudentes,
1158 1731 1251 1787 dona·
1267 1749 1295 1801 15

95 1819 209 1874 bantur
221 1834 347 1874 munere
360 1817 443 1890 regio
455 1815 667 1889 possessiones
680 1824 710 1872 et
722 1815 871 1872 territoria
882 1818 921 1873 ad
934 1818 1136 1874 construenda
1147 1835 1251 1874 mona-

96 1905 199 1963 steria
270 1893 437 1964 Oswaldus
455 1904 543 1976 igitur
561 1904 701 1977 exemplo
721 1911 750 1960 et
770 1903 863 1961 verbo
875 1904 987 1960 Aidani
1004 1904 1177 1976 instructus,
1190 1923 1250 1962 non

97 1993 198 2051 solum
211 2010 299 2067 spem
312 1993 432 2050 celestis
445 1995 540 2065 regni,
550 1993 604 2048 sed
618 1991 708 2047 etiam
721 1991 833 2048 terreni
845 1991 932 2064 regni
944 1993 1170 2066 amplitudinem
1182 1993 1251 2066 plus

96 2097 191 2154 quam
203 2080 311 2154 aliquis
321 2081 570 2153 predecessorum
586 2095 709 2135 suorum
722 2087 926 2152 consequutus
939 2087 994 2136 est.
1014 2079 1135 2153 Quippe
1148 2089 1251 2153 preter

95 2169 172 2226 illud
193 2167 310 2242 [quod]⁶
330 2167 536 2224 Bemiciorum
555 2175 645 2240 atque
666 2165 826 2224 Deirorum
846 2166 1020 2239 prouintias,
1040 2184 1099 2240 que
1124 2177 1250 2225 eatenus
1265 2189 1297 2224 ro

96 2257 294 2326 dissidebant,
308 2257 339 2312 in
351 2272 441 2312 vnam
455 2256 570 2328 redegit
583 2271 778 2328 compagem,-
801 2253 917 2311 Omnes
936 2255 1073 2311 nationes
1088 2254 1251 2326 Britannie,

95 2363 159 2418 que
177 2347 207 2401 in
226 2354 352 2418 quatuor
369 2344 489 2417 linguis,
508 2343 571 2400 scil.
587 2342 753 2413 Britonum,
774 2342 934 2410 Pictorum,
953 2343 1121 2412 Scotorum,
1138 2352 1168 2399 et
1186 2344 1251 2399 An·

95 2436 225 2508 giorum,
239 2443 309 2489 tunc
328 2431 545 2500 diuidebantur,
563 2431 593 2487 in
611 2431 748 2488 dicione⁸
760 2448 815 2488 sua
827 2430 951 2504 accepit.
989 2431 1110 2488 Nullum
1130 2431 1251 2489 fidelem

94 2521 218 2596 publice
236 2537 403 2594 pauperem
422 2537 491 2577 esse
503 2519 650 2593 permisit,
663 2517 777 2592 qui[a]²
789 2536 956 2592 pauperum
969 2536 1097 2592 quorum
1111 2519 1193 2576 nouit
1205 2519 1250 2576 in·

94 2609 198 2666 ediam
210 2609 259 2665 vel
273 2607 386 2681 prediis
398 2607 446 2664 vel
460 2606 546 2663 donis
559 2606 690 2680 copiosis
703 2615 873 2663 sustentare
885 2607 1008 2663 curauit.
1051 2595 1170 2680 8Igitur
1181 2625 1249 2664 cum
1266 2631 1296 2683 ²5

94 2699 139 2756 ita
152 2696 201 2754 dei
214 2698 309 2770 gratia
319 2695 376 2752 sibi
392 2694 521 2752 subditis
533 2711 657 2768 operam
671 2694 839 2752 dilectionis
856 2695 1053 2767 impenderet,
1067 2694 1115 2752 dei
1128 2695 1251 2769 dispen-

95 2786 217 2843 satione
233 2783 356 2857 contigit
367 2793 399 2840 vt
415 2782 543 2855 llagellis
559 2799 658 2855 nuper
668 2781 855 2839 credentium
866 2781 959 2838 fidem
971 2783 1157 2856 experiendo
1170 2801 1251 2840 com-

93 2873 228 2948 probare
251 2871 350 2928 vellet
387 2870 527 2927 Immissa
551 2869 641 2942 igitur
664 2869 897 2943 circumquaque
921 2887 978 2943 per
1001 2869 1141 2943 Angliam
1165 2870 1251 2943 graui

93 2971 195 3036 peste,
207 2958 328 3033 plurimi
344 2967 444 3030 strage
456 2957 634 3014 seuissima⁹
646 2966 809 3031 pereuntes
826 2974 921 3030 regna
933 2956 1054 3014 celestia
1066 2959 1250 3014 conscende·

92 3055 168 3107 runt
176 3047 204 3103 ¹⁰.
242 3047 319 3104 Cum
335 3046 434 3119 itaque
451 3062 506 3102 rex
523 3055 645 3102 sanctus
662 3045 775 3118 populo
791 3044 847 3101 sibi
864 3044 983 3101 subdito
1000 3045 1102 3102 diuine
1118 3044 1250 3101 animad·
1263 3060 1296 3111 30

93 3135 247 3195 uersionis
264 3134 406 3192 iudicium
422 3133 581 3190 imminere
598 3133 797 3206 conspiceret,
810 3149 878 3189 cum
898 3132 1050 3189 lachrimis
1068 3142 1099 3189 et
1117 3132 1251 3206 querulis

92 3225 222 3284 vocibus
234 3241 270 3280 ac
282 3223 442 3296 gemitibus
455 3222 511 3278 hoc
521 3221 570 3278 dei
581 3221 733 3293 flagellum
743 3221 806 3278 suis
816 3219 949 3277 maxime
958 3221 1089 3294 peccatis
1100 3220 1251 3278 ascribere

94 3313 188 3386 cepit,
198 3311 321 3368 dicens:
342 3309 424 3383 ‘Ego
436 3325 514 3379 sum,
528 3308 634 3381 inquit,
647 3309 769 3364 domine
787 3309 838 3381 qui
856 3309 989 3381 peccaui,
1001 3326 1057 3381 ego
1068 3307 1171 3382 inique
1183 3308 1249 3382 egi:

94 3401 148 3458 isti
166 3399 218 3473 qui
238 3415 312 3455 oues
330 3407 409 3468 sunt,
422 3396 494 3470 quid
512 3397 667 3453 lecerunt?
705 3395 740 3451 In
760 3412 818 3466 me,
833 3395 963 3466 domine,
977 3403 1006 3452 et
1024 3395 1055 3451 in
1074 3397 1164 3453 domo
1181 3413 1250 3452 mea

94 3488 216 3564 gladius
239 3485 360 3543 vltionis
389 3494 440 3542 tue
465 3493 665 3553 conuertatur,
690 3484 717 3540 si
741 3492 842 3540 tamen
867 3501 936 3540 mea
958 3483 1007 3541 vel
1032 3501 1167 3541 meorum
1193 3485 1249 3542 hoc
1263 3503 1295 3556 35

93 3576 239 3650 iniquitas
264 3574 483 3632 commeretur!
527 3572 603 3629 Cum
627 3572 718 3646 igitur
742 3571 884 3645 precibus
909 3579 939 3628 et
963 3570 1115 3628 lachrimis
1139 3571 1250 3629 diutius

94 3665 260 3730 insisteret,
279 3661 379 3718 subito
401 3660 450 3718 dei
469 3661 620 3718 voluntate
639 3660 746 3716 eadem
765 3667 851 3733 peste
870 3667 1027 3732 correptus
1045 3667 1108 3716 est:
1136 3659 1250 3716 Placuit

94 3755 178 3814 enim
192 3752 296 3827 pietati
315 3752 417 3808 diuine
429 3761 461 3808 vt
476 3769 530 3809 vas
549 3750 704 3809 electionis
723 3767 778 3807 sue
797 3751 834 3807 ab
854 3749 937 3807 omni
956 3751 1022 3807 labe
1040 3761 1160 3808 terrene
1179 3769 1250 3808 con-

94 3841 278 3902 uersationis
297 3842 335 3897 ad
353 3857 463 3913 purum
481 3841 702 3908 emundaretur,
716 3855 755 3896 ne
772 3839 931 3912 quicquam
944 3839 1083 3896 vanitatis
1098 3841 1250 3897 mundane

94 3933 129 3990 in
154 3945 281 4003 corpore
312 3945 368 3985 suo
392 3929 512 4001 penitus
540 3936 719 3985 remaneret.
763 3926 900 4000 Cumque
924 3928 962 3983 ad
987 3936 1155 3984 extremum
1179 3927 1249 3996 vite,
1262 3947 1296 3998 40

95 4017 223 4092 spiritus
241 4017 344 4090 vigore
362 4017 483 4089 penitus
501 4015 667 4084 deficiente,
680 4015 823 4085 venisset,
836 4014 939 4071 oculos
957 4014 989 4070 in
1008 4014 1105 4070 celum
1124 4014 1249 4087 erigere,

94 4115 129 4166 et
147 4105 232 4180 quasi
249 4104 428 4178 quibusdam
446 4103 646 4176 colloquendo
665 4103 743 4159 labia
761 4119 885 4159 mouere
902 4101 988 4175 cepit
1028 4101 1249 4160 intellectuales

130 4235 180 4286 ¹13.
193 4233 410 4286 circumuoluitur.
478 4231 528 4284 '‘l‘.
542 4232 681 4284 ascultans.
749 4231 984 4282 'Bedecclesiam
995 4231 1098 4282 Christi.
1160 4230 1246 4285 ‘Bed

96 4302 251 4355 Brittannia,
301 4303 373 4351 ¹om.
386 4301 413 4350 ln
425 4299 455 4350 E.
499 4299 552 4348 ⁸E.
564 4299 685 4349 dictione.
731 4295 781 4348 ’Β
796 4299 849 4361 qui.
892 4298 991 4347 'From
1002 4297 1129 4362 Reginald
1142 4313 1196 4362 cap.
1209 4315 1248 4351 10.

94 4375 106 4404 ⁹
125 4369 154 4420 Ε.
165 4367 312 4420 senissimo.
379 4365 398 4396 ¹⁰
415 4366 444 4416 li.
456 4367 657 4416 concenderunt.
