3008 4904
350 291 425 383 Da
448 287 614 378 &aaut
639 291 901 390 mutumne.
1137 314 1204 363 211

32 500 272 564 expectassent,
282 493 370 548 ambo
382 492 494 564 pariter
511 491 639 548 orationi
653 510 686 548 se
699 493 855 562 dederunt,
868 493 1062 549 obsecrantes
1075 490 1205 547 diuinam

32 579 241 635 clementiam
254 579 394 652 quatinus
407 579 465 636 illis
478 581 638 638 ostendere
651 579 825 652 dignaretur
841 579 912 652 quid
931 581 969 636 de
985 578 1094 651 puellis
1107 588 1205 634 actum

34 667 93 723 sit.
131 667 299 738 Surgentes
312 668 434 724 tandem
452 668 489 723 ab
503 667 644 734 oratione,
656 667 806 741 aspiciunt
822 667 896 723 miro
909 668 997 723 modo
1010 667 1089 723 viam
1101 676 1206 739 paten-

33 766 110 811 tem
138 764 169 810 et
193 753 303 810 siccam
327 754 357 810 in
383 755 482 811 medio
507 754 660 811 fluminis:
686 763 715 812 et
737 754 894 810 confestim
919 753 1128 827 ingrediuntur
1151 770 1207 826 per

35 845 163 899 siccum
182 841 307 898 fundum
325 843 404 898 viam
425 842 592 899 mirabilem
610 851 640 898 et
657 843 788 899 aridam:
811 851 841 898 et
858 851 944 898 erant
962 859 1038 915 aque
1055 842 1234 913 stupendos

35 932 140 986 modo
160 929 255 985 diuise
277 932 307 985 in
327 929 463 1002 partibus
480 931 604 998 duabus,
621 939 650 986 et
673 929 822 1001 vtrimque
842 930 923 985 velut
942 930 1065 1002 quidam
1091 930 1169 985 muri
1188 947 1206 984 a

36 1017 167 1074 dextris
178 1025 208 1072 et
221 1032 239 1071 a
251 1017 391 1074 sinistris.
429 1017 566 1090 Cumque
578 1017 735 1074 venissent
746 1018 784 1072 ad
798 1017 896 1073 locum
911 1019 942 1072 in
958 1035 1016 1089 quo
1030 1017 1125 1074 fuerat
1136 1035 1207 1089 pre-

36 1105 171 1178 cipitata
193 1105 337 1172 nauicula,
350 1105 496 1161 heremita
513 1121 619 1162 manus
640 1104 798 1177 apposuit:
818 1105 873 1160 sed
893 1105 972 1160 velut
992 1104 1069 1176 palis
1089 1105 1208 1160 confixa

35 1192 136 1248 nauis
150 1191 310 1248 immobilis
323 1191 497 1264 permansit.
535 1191 573 1248 Et
586 1209 654 1248 cum
666 1191 752 1264 virgo
765 1200 868 1248 sancta
881 1209 990 1247 manus
1006 1193 1154 1265 apposuit,
1168 1191 1208 1248 ita

37 1280 160 1336 leuiter
182 1279 349 1336 nauiculam
374 1279 512 1348 eleuauit,
531 1297 566 1335 ac
591 1279 616 1336 si
641 1278 760 1352 penitus
783 1279 866 1335 omni
892 1280 1028 1352 pondere
1053 1279 1206 1336 caruisset.
1224 1295 1253 1330 10

39 1365 188 1422 inuentis
205 1375 304 1422 autem
323 1365 488 1440 virginibus
506 1367 584 1423 viuis
602 1376 632 1423 et
651 1366 743 1436 sanis,
758 1367 926 1423 nauiculam
945 1367 1058 1439 pariter
1076 1367 1207 1441 ingredi-

39 1464 160 1510 untur:
181 1462 211 1510 et
229 1454 360 1526 vndique
380 1463 570 1512 recurrentes
590 1472 666 1527 aque
686 1454 766 1510 illam
788 1455 974 1512 sustulerunt
992 1464 1021 1511 et
1040 1455 1077 1510 ad
1100 1455 1206 1512 cellam

38 1541 175 1614 virginis
199 1542 396 1600 deduxerunt.
472 1530 549 1598 Erat
580 1552 679 1598 autem
711 1542 810 1615 puella
838 1544 967 1614 quedam
992 1543 1120 1616 gentilis,
1146 1561 1205 1616 que

40 1629 176 1686 audiens
195 1628 306 1685 famam
322 1629 446 1702 virginis
466 1637 577 1698 sancte,
591 1629 728 1702 cupiebat
745 1648 813 1686 eam
827 1630 930 1686 videre
950 1641 980 1688 et
997 1632 1034 1687 ab
1052 1648 1087 1688 ea
1104 1631 1134 1687 in
1149 1633 1205 1688 fide

41 1717 163 1773 Christi
175 1717 342 1774 illuminari.
378 1717 512 1774 Veniens
526 1728 626 1776 autem
639 1720 678 1774 ad
692 1736 766 1787 eam,
777 1737 846 1776 cum
858 1720 888 1774 in
903 1719 962 1776 fide
976 1720 1079 1776 edocta
1092 1718 1205 1790 fuisset,
1221 1731 1251 1781 15

41 1804 133 1876 graui
160 1803 333 1861 infirmitate
358 1806 479 1862 detenta
502 1805 534 1860 in
560 1806 669 1862 lectum
701 1807 821 1876 decidit,
846 1817 876 1862 et
907 1806 1040 1862 nondum
1065 1816 1206 1879 suscepto

42 1893 231 1965 baptismate
251 1893 343 1948 vitam
363 1893 467 1949 finiuit
504 1893 708 1964 Quamobrem
734 1894 907 1950 contristata
930 1893 1120 1962 Modwenna,
1141 1893 1207 1950 fusa

42 1982 84 2037 ad
99 1983 193 2037 deum
206 1997 297 2053 prece
309 1981 391 2037 illam
403 1981 463 2039 vite
476 1981 614 2038 restituit.
652 1981 718 2051 Que
739 1982 893 2055 baptizata,
908 1982 1040 2037 habitum
1053 1980 1206 2054 religionis

42 2067 225 2140 assumpsit,
235 2077 265 2124 et
278 2067 308 2124 in
321 2078 424 2125 sancta
434 2068 661 2126 conuersatione
670 2069 761 2126 vitam
771 2069 997 2125 consummauit.
1070 2056 1206 2143 Quidam

42 2156 197 2230 puerulus
217 2156 309 2212 fidem
329 2156 440 2214 Christi
458 2157 635 2229 suscipiens,
649 2175 717 2213 cum
735 2158 772 2212 ab
789 2157 912 2213 infantia
933 2156 1038 2214 fuisset
1057 2174 1207 2228 egressus,
1223 2170 1254 2204 20

43 2261 162 2301 nomen
195 2244 308 2300 domini
338 2262 406 2301 cum
438 2246 581 2317 despectu
606 2253 636 2301 et
660 2244 799 2301 irrisione
824 2243 948 2300 mirabili
979 2244 1207 2316 blasphemauit.

45 2331 142 2388 Hunc
166 2349 234 2388 cum
256 2341 398 2404 parentes
420 2332 525 2389 durius
544 2331 761 2405 increpassem,
775 2341 804 2389 et
825 2331 994 2388 induratum
1013 2333 1050 2389 ad
1073 2340 1206 2389 sanctam

44 2419 200 2492 virginem
218 2419 403 2487 detulissent,
416 2419 466 2476 illa
484 2421 521 2476 ab
538 2437 640 2477 errore
658 2437 728 2476 eum
745 2437 886 2476 reuocare
904 2420 1024 2487 studuit,
1037 2428 1066 2476 et
1083 2421 1207 2477 tandem

44 2509 160 2564 deuote
173 2523 229 2579 pro
242 2524 278 2562 eo
291 2507 328 2562 ad
341 2507 431 2564 deum
444 2507 587 2564 exorauit.
625 2507 687 2565 Sed
701 2507 840 2564 dominus
856 2525 922 2563 eam
939 2508 1081 2564 exaudire
1094 2507 1206 2565 noluit:

46 2595 121 2666 quia
143 2594 335 2666 postmodum
355 2612 447 2667 super
467 2595 575 2652 eodem
597 2613 664 2652 eam
685 2594 814 2667 amplius
840 2595 1038 2652 honorificare
1063 2597 1207 2653 decreuit.
1222 2609 1253 2658 25

48 2681 217 2754 Postquam
230 2681 311 2738 enim
326 2681 516 2739 miserandus
529 2700 606 2755 puer
618 2691 790 2754 contempta
800 2681 925 2755 virgine,
936 2681 1086 2755 despectis
1097 2701 1208 2755 paren-

46 2768 132 2826 tibus
151 2767 282 2825 furiosus
302 2770 405 2839 euasit,
424 2769 588 2827 suffocante
610 2788 679 2826 eum
700 2770 816 2827 diabolo
836 2769 1000 2843 improuisa
1022 2779 1117 2826 morte
1137 2788 1208 2843 pre-

47 2867 159 2930 reptus
172 2864 227 2912 est.
265 2855 363 2926 Quem
382 2875 450 2913 cum
468 2867 611 2929 parentes
629 2858 666 2913 ad
683 2867 819 2914 sanctam
836 2859 1006 2913 exanimem
1019 2857 1207 2928 detulissent,

47 2962 106 3015 pro
130 2962 167 3000 eo
190 2961 279 3000 orans
300 2945 452 3002 viuentem
473 2945 609 3016 reddidit,
631 2954 699 3001 eta
722 2946 829 3018 spiritu
849 2944 1037 3017 blasphemie
1062 2945 1206 3018 deinceps

47 3031 169 3103 integre
188 3031 332 3088 liberauit
405 3020 590 3090 Confluente
609 3034 646 3088 ad
664 3032 811 3106 virginem
831 3041 966 3088 sanctam
985 3041 1109 3105 propter
1127 3031 1208 3088 sani·
1223 3043 1256 3092 30

48 3127 147 3176 tatum
160 3117 306 3175 beneficia
316 3127 345 3176 et
357 3119 569 3176 miraculorum
579 3120 704 3193 gloriam
715 3121 752 3177 de
763 3119 892 3177 diuersis
903 3120 1076 3194 regionibus
1088 3119 1208 3193 populo,

48 3215 179 3280 propter
189 3206 345 3263 hominum
356 3206 553 3280 frequentiam
565 3208 645 3264 tedio
655 3209 768 3277 affecta,
779 3209 878 3264 Athea
887 3218 916 3265 et
930 3208 1043 3264 Lazara
1056 3208 1086 3263 in
1099 3209 1207 3265 eodem

50 3294 118 3352 loco
132 3294 274 3364 dimissis,
288 3312 323 3351 se
340 3295 372 3350 in
387 3295 564 3352 Hiberniam
577 3296 715 3363 transire,
729 3306 758 3352 et
775 3297 805 3352 in
826 3297 910 3352 breui
929 3296 1021 3353 vitam
1038 3295 1125 3352 finire
1138 3301 1209 3369 pte·

51 3382 138 3440 dixit.
177 3381 215 3437 Et
239 3382 370 3440 addidit:
389 3383 582 3456 ‘Vbicunque
607 3385 677 3441 finis
698 3384 759 3440 vite
781 3401 848 3440 mee
869 3383 1017 3452 acciderit,
1038 3401 1139 3440 meum
1160 3383 1207 3442 hic

52 3469 264 3544 sepeliendum
277 3471 487 3542 corpusculum
501 3470 574 3527 mihi
586 3471 727 3527 dominus
737 3471 970 3528 demonstrauit!
1035 3459 1209 3528 Transiens
1224 3481 1254 3530 35

52 3557 145 3629 igitur
155 3557 187 3612 in
202 3556 397 3628 Hibemiam;
417 3575 486 3614 cum
500 3567 619 3614 centum
632 3558 751 3632 triginta
771 3567 851 3614 esset
865 3575 1023 3628 annorum,
1036 3558 1209 3615 infirmitate

53 3646 210 3719 depressa,
230 3645 343 3702 vocatis
363 3645 516 3702 sororibus
536 3645 600 3702 suis
619 3647 698 3702 inter
717 3655 816 3703 cetera
836 3646 929 3702 dixit:
950 3646 1077 3703 ‘Pecten
1098 3663 1208 3716 meum,

53 3731 188 3805 ligneum
216 3731 347 3804 ligonem
376 3741 406 3788 et
431 3733 580 3789 sarculum
605 3742 763 3806 ceteraque
787 3733 925 3789 utensilia
952 3750 1019 3789 mea
1044 3735 1074 3789 in
1100 3733 1208 3806 quibus

54 3826 179 3892 operata
200 3836 278 3886 sum,
295 3819 486 3876 Celliscliuii¹
506 3819 688 3877 monasterio
707 3821 846 3876 concedo.
886 3819 1024 3893 Reliquie
1045 3837 1118 3876 vero
1139 3837 1207 3876 mee

54 3924 123 3964 cum
143 3907 249 3964 baculo
268 3924 345 3974 me0,
357 3907 538 3980 disponente
551 3909 617 3978 deo,
629 3910 660 3964 in
678 3918 788 3964 terram
808 3908 895 3964 aliam
911 3907 1101 3964 deferentur?
1138 3906 1207 3963 Hiis
1222 3919 1255 3968 40

55 3995 151 4064 dictis,
170 3994 385 4067 apparentibus
402 3995 430 4052 ei
450 3995 592 4068 apostolis
610 3995 704 4052 beatis
725 3995 814 4052 Petro
836 4005 865 4052 et
888 3994 987 4064 Paulo,
1006 3994 1094 4050 tertio
1112 4011 1208 4052 nonas

55 4081 124 4150 iulii,
145 4083 275 4155 septimo
297 4099 316 4138 a
335 4083 425 4164 natali
444 4085 610 4139 eorundem
630 4085 831 4156 apostolorum
850 4083 908 4152 die,
927 4081 1053 4138 feliciter
1071 4082 1108 4137 ad
1128 4081 1208 4139 celos

58 4171 202 4245 migrauit.
276 4157 386 4228 Tertia
404 4187 477 4229 vero
497 4171 546 4228 die
565 4180 725 4244 postquam
745 4169 884 4227 defuncta
904 4181 958 4242 est,
977 4170 1106 4242 quedam
1124 4169 1209 4242 virgo

530 4350 539 4381 ¹
558 4352 587 4402 E.
600 4351 737 4404 celliclinii.

610 4463 658 4503 1²2
