3044 4894
438 323 700 420 Discum
727 323 937 422 euntem
1240 347 1261 422 7

99 527 282 598 ponentes¹,
295 527 457 601 cespitibus
469 528 697 598 absconderunt,
706 537 739 584 vt
750 527 782 584 in
799 527 896 586 reditu
908 527 1019 586 laboris
1038 527 1176 586 solatium
1188 527 1260 585 inde

100 613 219 672 habere
239 625 372 689 possent.
409 615 545 690 Cumque
565 615 624 672 illis
645 615 765 672 celestis
784 615 869 673 verbi
890 617 1034 690 pabulum
1059 616 1258 674 ministrasset

100 700 276 773 Guthlacus,
290 704 430 777 (quadam
448 703 573 762 maten'a
590 703 621 760 id
638 703 795 775 offerente)
815 705 999 761 subridendo
1016 704 1109 763 dixit:
1132 705 1258 775 ‘Quare,

99 788 207 862 inquit,
220 791 302 848 tilioli
315 792 382 860 mei,
395 809 456 848 non
474 791 611 849 attulistis
623 791 777 850 vobiscum
796 791 846 848 illa
863 793 922 848 duo
941 791 1071 860 flascula‚
1083 809 1143 865 que
1161 792 1257 865 glebis

99 877 265 949 operuistis
286 887 318 936 et
334 879 440 936 sabulo
465 879 648 938 infodistisi’
686 881 754 951 Quo
778 879 885 946 audito,
906 878 1063 952 stupefacti
1087 890 1116 938 et
1141 879 1285 941 consusii

99 964 223 1036 culpam
237 966 546 1036 confitentes,veniam
554 975 668 1041 petunt.
741 955 865 1026 Omnes
873 967 953 1024 enim
965 969 1068 1024 morbo
1076 968 1255 1035 laborantes,

98 1051 234 1126 maligno
263 1054 369 1128 spiritu
393 1055 501 1124 vexati,
532 1055 717 1112 necessitatis
744 1055 883 1128 angustia
913 1056 961 1112 vel
992 1054 1106 1128 peccati
1138 1055 1254 1112 sarcina

97 1142 228 1212 grauati,
241 1144 278 1199 ad
291 1143 389 1200 virum
402 1144 451 1200 dei
465 1143 622 1202 venientes
635 1146 673 1202 de
686 1144 879 1201 tribulatione
896 1143 1046 1213 solatium,
1059 1144 1090 1200 in
1106 1143 1253 1216 ambiguis

97 1228 270 1300 consilium,
292 1231 330 1287 de
350 1231 453 1288 dolore
477 1233 628 1304 gaudium,
649 1235 688 1289 de
715 1241 839 1305 peccato
861 1231 1028 1288 remedium
1053 1239 1252 1304 reportarunt.

97 1303 240 1389 Quidam
258 1335 360 1375 comes
373 1319 481 1393 prelati
495 1319 667 1376 Ethelbaldi
680 1319 769 1392 spina
781 1319 891 1392 pedem
901 1317 1115 1376 transforatum
1128 1317 1251 1385 babens,
1269 1331 1299 1366 ¹0

94 1420 115 1458 a
129 1403 233 1476 planta
244 1404 332 1478 pedis
343 1407 489 1478 usquead
507 1407 627 1464 lumbos
646 1416 730 1464 tanto
749 1415 867 1463 tumore
885 1415 1058 1478 turgescere
1070 1405 1157 1478 cepit,
1170 1414 1201 1461 vt
1214 1406 1253 1464 de

94 1491 160 1547 vita
179 1491 276 1564 ipsius
297 1510 404 1550 omnes
426 1493 491 1550 eius
512 1495 681 1567 angustiam
701 1493 840 1551 videntes
859 1495 1023 1567 desperare
1042 1502 1175 1566 possent.
1214 1492 1252 1550 Et

95 1595 217 1636 exuens
231 1579 395 1638 Guthlacus
409 1581 545 1652 cilicium,
558 1583 590 1638 in
603 1599 663 1655 quo
675 1582 791 1639 solebat
810 1598 904 1650 orare,
918 1580 1017 1654 ipsum
1035 1580 1249 1638 circumdedit:

93 1666 239 1738 dictoque
252 1667 339 1724 citius
349 1668 436 1740 spina
449 1670 486 1726 de
500 1670 578 1741 pede
592 1669 761 1742 prosiliens,
774 1677 874 1725 tumor
890 1668 921 1724 in
940 1677 1093 1725 momento
1105 1669 1249 1736 subsedit,

93 1763 128 1810 et
142 1753 252 1811 doloris
264 1755 402 1828 angustia
414 1756 593 1829 conquieuit.
667 1745 803 1832 Quidam
823 1756 984 1829 episcopus
1000 1755 1121 1812 nomine
1140 1756 1293 1824 Hedda15

95 1858 168 1897 cum
187 1855 268 1898 esset
289 1841 320 1898 in
332 1841 440 1899 itinere
458 1843 581 1900 videndi
600 1843 799 1915 Guthlacum;
820 1843 937 1900 clericis
957 1842 1023 1901 eius
1044 1845 1247 1901 austeritatem

94 1929 158 1986 vite
175 1929 231 1986 viri
250 1929 299 1986 dei
316 1937 346 1986 et
365 1931 562 1988 humilitatem
584 1931 874 1999 commendantibus
886 1931 1047 1988 Wilsridus
1066 1931 1197 2002 quidam,
1216 1932 1247 1988 in

93 2015 237 2088 proximo
255 2034 289 2073 se
310 2017 454 2074 sciturum
474 2018 570 2076 dixit²
587 2019 613 2076 si
631 2019 700 2077 talis
720 2029 801 2076 esset
820 2018 940 2092 qualem
959 2035 1029 2076 eum
1048 2018 1126 2074 fama
1145 2020 1247 2092 predi·

93 2114 187 2161 caret.
206 2103 295 2177 ‘Ego,
304 2104 410 2176 inquit,
419 2107 470 2162 diu
483 2116 680 2164 conuersatus
691 2125 759 2164 sum
773 2108 853 2180 apud
865 2107 981 2176 Scotos‚
991 2105 1040 2163 vbi
1047 2106 1107 2162 vidi
1116 2108 1246 2178 pseudo·

96 2191 290 2248 anachoritas
302 2193 487 2250 simulatorie
499 2194 663 2251 sanctitatis
680 2194 813 2268 speciem
832 2195 1055 2266 pretendentes,
1068 2193 1142 2250 alios
1155 2194 1244 2250 etiam
1260 2209 1291 2244 20

96 2279 171 2336 noui
190 2289 292 2336 sancte
312 2279 464 2353 religionis
477 2280 653 2339 verissimos
670 2282 867 2354 professores.
903 2280 967 2338 Vsu
986 2289 1107 2353 ergoet
1126 2282 1244 2353 experi-

94 2367 177 2424 entia
201 2367 294 2424 sciam
318 2367 500 2438 discernere,
525 2385 564 2426 ex
588 2387 648 2442 quo
670 2369 850 2427 Guthlacum
876 2369 988 2436 videro,
1012 2369 1039 2426 si
1062 2368 1094 2424 in
1118 2368 1244 2426 veritate

93 2455 236 2524 ambulat,
255 2454 282 2510 si
296 2454 364 2511 talis
383 2463 430 2512 est
442 2456 584 2528 operibus
600 2457 722 2529 qualem
737 2473 806 2514 eum
824 2456 903 2513 fama
921 2456 1127 2513 commendat!
1165 2456 1241 2514 Cum

93 2559 169 2614 ergo
181 2542 343 2615 episcopus
354 2543 392 2599 ad
405 2543 503 2600 virum
516 2544 564 2600 dei
577 2543 717 2614 venisset,
731 2553 761 2602 et
774 2561 808 2600 se
821 2553 923 2600 mutuo
942 2544 1122 2600 salutassent
1136 2545 1242 2600 multa·

92 2647 154 2702 que
166 2631 204 2685 de
217 2647 302 2686 sacro
310 2629 428 2702 eloquio
436 2631 640 2702 contulissent,
649 2631 814 2704 respiciens
823 2631 987 2690 Guthlacus
1000 2631 1139 2688 clericum
1148 2632 1240 2700 illurn,
1257 2645 1286 2698 25

92 2715 187 2774 dixit:
207 2720 214 2746 ‘
225 2717 336 2785 Frater,
349 2718 453 2790 inquit,
466 2717 614 2788 Wiliride,
627 2719 698 2792 quid
711 2719 763 2776 tibi
777 2737 855 2778 nunc
869 2720 986 2776 videtur
993 2720 1031 2776 de
1041 2718 1161 2775 homine
1174 2719 1240 2788 isto,

91 2821 184 2876 quem
196 2813 226 2862 te
241 2804 330 2862 hodie
342 2805 472 2873 iudicare
486 2806 550 2863 heri
562 2807 727 2880 promisisti
736 2810 761 2865 i’
800 2807 854 2865 llle
867 2807 976 2864 rubore
989 2807 1132 2864 confusus
1145 2816 1175 2863 et
1188 2808 1240 2864 ad-

92 2891 259 2963 miratione,
273 2892 304 2949 in
317 2901 428 2950 terram
440 2894 592 2952 humiliter
604 2911 638 2952 se
655 2882 826 2968 prostrauit,
836 2894 955 2952 veniam
968 2894 1060 2967 petiit,
1072 2903 1102 2951 et
1115 2894 1237 2967 accepit.

93 2979 264 3053 Episcopus
276 2997 348 3037 vero
361 2980 540 3040 Guthlacum
558 2985 597 3039 ad
616 2982 773 3040 sacerdotii
790 2981 917 3055 gradum
930 2981 1095 3055 promouit3
1115 2991 1145 3038 et
1158 2983 1238 3054 quod

91 3085 111 3124 a
123 3067 330 3125 conuersionis
347 3085 400 3126 sue
419 3068 504 3126 initio
522 3087 578 3143 pro
596 3070 695 3144 aliquo
708 3069 876 3127 mortalium
890 3069 988 3128 lacere
1000 3087 1061 3125 non
1074 3069 1236 3140 consensit,
1252 3087 1284 3136 50

88 3155 201 3213 inuitus
214 3165 244 3212 et
256 3165 375 3212 coactus
383 3173 453 3214 cum
465 3157 607 3231 episcopo
617 3157 648 3214 in
656 3175 762 3215 mensa
775 3157 931 3214 discubuit
1006 3145 1082 3213 Erat
1090 3156 1120 3212 in
1130 3157 1237 3214 diebus

88 3243 150 3300 illis
167 3244 298 3316 quedam
310 3243 395 3316 virgo
413 3246 536 3302 nomine
556 3245 706 3318 edburga,
723 3245 783 3302 iilia
802 3245 883 3317 regis
899 3244 1042 3317 Adulphi,
1062 3244 1235 3301 monialium

89 3329 201 3388 Christi
220 3330 400 3388 venerabilis
419 3332 578 3401 abbatissa,
597 3350 656 3405 que
674 3333 850 3406 plumbeum
869 3331 1110 3405 sarcophagum³
1128 3332 1235 3388 linthe-

89 3435 202 3491 umque
224 3417 382 3475 delicatum
404 3419 529 3478 interius
548 3419 715 3478 inuolutum
735 3422 844 3478 deuote
863 3421 950 3477 beato
971 3420 1116 3477 Guthlaco
1140 3429 1234 3478 trans·

87 3506 177 3574 misit,
190 3507 365 3579 supplicans
377 3507 528 3565 humiliter
540 3516 569 3565 et
582 3509 694 3565 obnixe
707 3517 738 3564 vt
750 3525 784 3564 se
797 3508 827 3564 in
846 3508 903 3565 eo‘
916 3507 964 3564 die
983 3507 1082 3564 obitus
1101 3508 1147 3564 sui
1165 3526 1234 3581 per·
1249 3524 1280 3574 35

86 3594 216 3651 mitteret
247 3594 376 3667 sepeliri.
421 3594 498 3652 Illud
526 3595 615 3652 etiam
642 3595 755 3652 addidit
779 3605 809 3652 et
832 3595 994 3652 affectuosa
1018 3595 1233 3668 supplicatione

85 3681 208 3754 rogauit,
222 3681 369 3755 quatinus,
381 3682 449 3756 quis
466 3681 494 3738 ei
513 3692 594 3740 esset
615 3683 646 3740 in
665 3683 715 3740 illa
733 3683 891 3740 solitudine
911 3699 1117 3746 successurus,
1134 3683 1233 3740 eidem

85 3769 241 3842 predicere
262 3770 442 3842 dignaretur.
487 3770 624 3828 Tandem
642 3770 694 3828 vix
713 3769 913 3828 oblationem⁶
931 3769 1110 3843 suscipiens,
1129 3781 1233 3829 sancte

84 3856 191 3929 virgini
204 3856 399 3930 significauit:
418 3857 501 3914 illum
515 3859 611 3915 adhuc
625 3876 694 3916 esse
706 3859 848 3931 gentilem
859 3858 910 3930 qui
922 3857 951 3915 ei
964 3860 1147 3927 succederet,
1158 3867 1188 3914 et
1200 3858 1230 3916 in

84 3944 220 4016 proximo
228 3945 446 4017 baptizandum.
461 3945 498 4002 Et
505 3945 614 4003 lactum
625 3955 671 4004 est
679 3946 734 4003 ita:
747 3946 823 4002 Nam
831 3945 1004 4018 virquidam
1015 3945 1136 4002 nomine
1146 3945 1232 4003 Cissa
1245 3961 1277 4010 40

83 4040 151 4104 post
164 4031 243 4088 beati
256 4031 392 4089 Guthlaci
404 4032 518 4090 exitum
531 4033 622 4090 fidem
636 4033 746 4090 Christi
760 4035 900 4106 suscepit,
913 4043 944 4091 et
957 4034 1054 4090 eidem
1068 4035 1230 4092 succedere

83 4119 197 4176 meruit.
269 4107 390 4177 Videas
407 4123 530 4178 tandem
543 4121 705 4178 Guthlacus
722 4121 931 4178 Ethelbaldum
946 4120 1135 4178 diuturnitate
1149 4122 1230 4178 exilii

82 4207 233 4280 fatigatum
258 4216 290 4264 et
312 4225 437 4280 prorsus
467 4208 567 4266 animo
592 4218 823 4278 consternatum,
847 4210 926 4282 cepit
955 4226 1025 4266 eum
1053 4208 1230 4266 salutaribus

114 4321 167 4371 ιΕ,
180 4329 346 4384 reponenter.
424 4322 499 4374 'om
513 4323 540 4372 in
551 4323 580 4374 T.
663 4323 718 4374 ³T.
729 4324 942 4386 sarchophagum.
1024 4323 1083 4373 ‘eo
1096 4337 1145 4374 om.
1161 4324 1186 4372 in
1199 4324 1228 4375 E.

80 4387 89 4418 ⁶
107 4387 134 4438 E.
146 4389 310 4440 olbationem.
