3046 4902
260 275 333 346 618
689 269 893 372 appennis
921 270 975 348 11.

258 501 292 542 ac
321 486 382 542 sine
412 485 570 556 calumpnia
596 485 681 540 fuisse
710 485 748 540 ab
771 484 901 540 omnibus
925 483 1149 540 antecessoribus
1171 483 1263 555 ipsius
1287 483 1410 552 Arfasti3

257 570 469 625 demonstrasse
498 586 608 642 quoque
638 567 733 624 testati
765 579 828 623 sunt
858 569 1014 638 predictum
1043 568 1182 636 abbatem,
1209 569 1410 624 monasterium

258 669 339 708 suum
351 653 510 708 dedicatum
529 653 566 709 ab
584 653 743 724 Agelnotho
761 651 971 722 archiepiscopo
982 651 1193 716 dorobomensi,
1207 669 1294 723 seque
1312 663 1411 722 postea

257 736 389 792 abbatem
410 745 604 792 consecratum
622 735 709 791 fuisse
731 753 748 790 a
771 735 986 804 metropolitano
1007 735 1132 790 eiusdem
1156 734 1253 802 sedis;
1282 747 1410 790 macces·

229 829 350 878 laurum
368 820 459 875 eciatu
477 819 564 890 ipsius
576 820 693 874 alterium
711 819 823 888 abipso
841 819 1026 887 londoniensi,
1039 819 1157 873 alterum
1174 835 1192 872 a
1211 821 1326 888 presule
1346 819 1411 873 uin-

256 903 376 958 toniensi
407 903 570 969 ordinatos;
604 903 757 957 monachos
786 917 897 973 quoque
927 902 969 957 sui
999 903 1161 957 monasterii
1190 917 1209 956 a
1239 903 1411 973 quibuslibet
1502 900 1506 918 ³

258 985 397 1058 episcopis
415 986 453 1042 ad
466 987 592 1043 diuersos
610 985 723 1040 ordines
736 997 878 1056 promotos
897 985 957 1041 sine
974 985 1198 1041 contradiccione
1210 987 1412 1042 thefiordensis

258 1069 303 1124 vel
327 1069 496 1125 elmanensis
520 1069 652 1141 episcopi,
676 1069 798 1138 eleganti
830 1070 990 1124 testimonio
1016 1069 1223 1140 comprobasse„
1273 1071 1413 1124 Discussa

259 1153 374 1208 tandem
396 1151 573 1225 calumpnia¹
597 1153 696 1222 prefati
723 1151 853 1207 Herberti
878 1149 1084 1224 honestis[que]
1107 1152 1270 1207 nacionibus
1291 1154 1412 1208 refutata

217 1255 247 1292 to
259 1253 308 1306 per
327 1237 469 1292 decretum
486 1235 650 1292 uniuersalis
667 1235 786 1302 consilii,
799 1253 835 1292 nc
856 1236 956 1291 mutire
977 1236 1091 1307 quidem
1109 1253 1193 1290 ausus
1212 1247 1257 1292 est
1274 1238 1413 1307 deinceps

259 1329 356 1374 contra
367 1320 514 1374 ecclesiam
527 1319 616 1375 sancti
629 1319 773 1374 Edmundi
785 1321 877 1390 quoad
890 1319 1005 1388 uixerat,
1017 1330 1046 1375 et
1058 1321 1102 1376 sic
1110 1319 1140 1376 in
1153 1337 1240 1374 causa
1252 1337 1307 1374 sua
1319 1321 1413 1375 minus

259 1405 338 1475 iusta,
350 1407 457 1461 meritis
469 1405 558 1462 sancti
572 1407 715 1462 Edmundi
727 1407 810 1478 plane
822 1405 932 1462 defecit.
970 1409 1032 1462 Hec
1045 1408 1199 1462 Marianus.

375 1671 464 1732 iiDE
484 1685 589 1730 PUERO
608 1685 644 1728 ΙΝ
664 1674 772 1728 ltaua
790 1685 810 1728 A
832 1683 967 1730 DlUTIliO
986 1684 1134 1729 mooun
1152 1685 1287 1729 sartam.

260 1829 450 1904 Sa[m]ps0n¹.

216 1971 226 2008 ι
231 1973 246 2023 5
259 1956 412 2026 assumpsit
425 1957 462 2012 ad
475 1957 689 2028 propagandum
702 1957 837 2012 honorem
849 1957 978 2024 martiris,
987 1957 1123 2027 religiosis
1132 1975 1196 2012 eam
1206 1957 1413 2012 distributurus

259 2038 395 2108 personis.
433 2041 560 2111 Cumque
580 2039 724 2095 ciuitatem
747 2040 827 2096 ltalie
848 2057 903 2112 que
927 2042 1018 2096 Lucas
1039 2039 1140 2096 dicitur
1162 2041 1413 2110 apprehendisset,

260 2131 367 2190 partem
381 2122 496 2178 camisie
508 2123 678 2194 quibusdam
691 2123 819 2178 fidelibus
832 2123 947 2192 largitus
959 2135 1021 2192 est;
1040 2122 1113 2178 vnde
1126 2123 1232 2178 factum
1244 2132 1289 2178 est
1303 2134 1333 2177 ut
1345 2141 1413 2178 mox

259 2203 289 2260 iu
309 2204 425 2260 basilica
445 2207 534 2262 sancti
557 2203 672 2260 Martini
696 2206 734 2260 ad
754 2206 891 2261 honorem
912 2205 986 2260 beati
1008 2205 1152 2260 Edmundi
1173 2204 1298 2260 martiris
1322 2208 1412 2261 altare

259 2299 475 2344 consecraretur.
520 2289 666 2344 Prodictus
690 2299 785 2344 autem
809 2290 898 2344 abbas
922 2289 1059 2360 expeditis
1082 2288 1205 2358 negociis
1228 2305 1282 2358 pro
1306 2289 1412 2360 quibus

215 2387 247 2424 ao
260 2370 380 2424 Romam
399 2371 514 2441 adium,
533 2387 665 2442 prospere
688 2371 716 2426 in
737 2370 870 2440 Angliam
891 2389 1020 2428 reuersus
1043 2381 1096 2429 est.
1144 2373 1206 2426 Nec
1229 2371 1322 2426 multo
1346 2382 1412 2442 post
1508 2444 1509 2450 ἵ

258 2461 384 2523 tempore
397 2455 527 2510 Edfricus
539 2453 658 2510 ecclesie
670 2453 744 2509 beati
764 2453 908 2510 Edmundi
925 2453 1091 2526 prepositus,
1103 2463 1131 2510 et
1145 2454 1278 2509 sacerdos
1292 2453 1411 2524 quidam

259 2533 401 2590 siwardus
426 2537 547 2606 nomine,
571 2537 623 2592 iter
647 2537 722 2592 idem
742 2537 959 2606 aggrediuntur,
991 2548 1076 2608 atque
1103 2547 1166 2608 post
1190 2536 1339 2592 diuturnos
1365 2537 1412 2592 uie

259 2617 368 2672 labores
381 2617 409 2672 in
423 2619 558 2688 prefatam
571 2620 742 2676 diuertentes
754 2619 904 2688 ciuitatem,
910 2621 1056 2676 cuiusdam
1071 2619 1143 2675 Petri
1157 2619 1278 2674 subeunt
1289 2619 1411 2676 domici·

259 2699 333 2756 lium.
372 2702 481 2771 Quibus
501 2713 567 2772 post
583 2702 736 2758 exhibitam
755 2703 953 2773 hospitalitatis
972 2702 1174 2758 humanitatem
1194 2703 1300 2771 hospes
1321 2703 1410 2759 dixit:

215 2797 245 2848 ²5
259 2783 334 2838 ‘Viri
347 2783 455 2852 fratres,
468 2784 572 2856 quibus
584 2784 690 2840 eboris
703 2785 773 2841 fines
786 2795 896 2840 nostros
909 2785 1075 2856 penetrastis
1085 2787 1108 2840 i'
1132 2785 1239 2840 Atilii:
1253 2785 1410 2852 ‘Natione,

260 2865 422 2938 inqui[un]t,
435 2868 528 2938 Angli,
541 2867 713 2940 professione
725 2869 873 2923 monachi!
901 2868 948 2922 Ad
960 2885 1031 2940 quos
1044 2866 1106 2924 ille:
1126 2869 1133 2896 ‘
1145 2867 1253 2934 Nostis,
1265 2868 1313 2932 ait,
1326 2869 1410 2938 quip-

258 2951 334 3021 piam
347 2952 384 3007 de
396 2963 493 3008 sancto
506 2951 668 3018 Edmundo,
676 2951 724 3022 qui
737 2951 863 3007 eiusdem
875 2949 987 3022 [insule]
1002 2969 1050 3006 rex
1061 2969 1112 3022 pro
1125 2951 1180 3006 fide
1193 2951 1299 3006 Christi
1309 2951 1410 3006 martir

259 3033 375 3090 effectus
387 3045 428 3091 est
439 3036 462 3090 l’
485 3035 624 3106 ‘Optime
637 3033 775 3105 inquiunt,
787 3051 852 3090 nam
866 3034 919 3089 sub
931 3034 990 3090 eius
1002 3033 1054 3090 alis
1066 3033 1185 3100 educati,
1193 3033 1322 3089 eiusdem
1335 3053 1409 3089 mar-

260 3117 320 3172 tiris
332 3119 458 3190 alumpni
471 3119 584 3174 sumus!
605 3120 644 3174 At
657 3117 702 3172 ille
714 3117 855 3174 subiunxit
868 3136 874 3172 :
895 3119 944 3172 ‘ln
957 3118 1011 3173 hac
1024 3117 1147 3184 ciuitate,
1157 3117 1185 3171 in
1197 3117 1317 3172 ecclesia
1330 3118 1408 3174 beati

215 3224 247 3275 30
261 3199 385 3268 Martini,
394 3203 480 3258 altare
492 3201 617 3257 titulatur
628 3201 680 3255 sub
692 3201 799 3256 honore
811 3200 900 3256 sancti
913 3201 1077 3268 Edmundi;
1096 3201 1134 3255 ad
1147 3201 1222 3271 quod
1232 3200 1274 3254 vir
1290 3201 1410 3272 quidam

260 3282 356 3338 multis
370 3285 477 3352 pollens
499 3283 610 3338 diuiciis
630 3283 718 3338 filium
737 3301 819 3338 suum
836 3283 949 3338 unicum
971 3283 1079 3338 diutino
1098 3285 1212 3353 langore
1232 3301 1409 3354 percussum,

259 3373 322 3433 post
335 3365 506 3420 medicinam
522 3365 703 3436 multiplicem
722 3367 878 3421 adhibitam
891 3377 919 3421 et
932 3378 1092 3422 sanctorum
1105 3365 1236 3435 suffragia
1254 3367 1409 3436 implorata

258 3445 324 3500 fecit
342 3447 461 3502 adduci:
481 3448 528 3503 vbi
549 3448 636 3504 cereis
653 3449 780 3503 accensis
797 3466 862 3503 cum
881 3460 1012 3519 parentes
1031 3449 1091 3504 eius
1109 3449 1212 3519 vigiliis
1230 3461 1259 3506 et
1277 3451 1410 3520 precibus

259 3528 404 3596 instarent,
428 3529 617 3602 im[m]inente
647 3533 704 3586 iam
728 3533 893 3602 crepusculo
920 3549 1019 3604 sopore
1043 3545 1214 3602 mergrmtur,
1239 3534 1286 3603 qui
1312 3551 1411 3590 rursus

215 3627 245 3680 35
259 3613 454 3684 expergefacti,
479 3631 595 3685 puerum
627 3633 727 3670 sanmn
758 3615 898 3684 reperiunt
928 3627 959 3670 et
985 3618 1116 3682 alacrem,
1144 3617 1190 3687 qui
1217 3616 1329 3671 diucius
1359 3635 1410 3673 eu·

260 3697 373 3754 cleticus
398 3699 487 3754 fuerat
512 3697 675 3753 sedebilis.
714 3699 746 3752 ln
769 3709 963 3767 argumentum
984 3699 1050 3754 fidei
1070 3715 1140 3769 puer
1158 3713 1243 3754 sanus
1264 3709 1293 3754 et
1315 3700 1411 3756 alacer

259 3780 377 3852 publicis
396 3781 556 3852 aspectibus
576 3791 758 3851 presentatur,
778 3782 839 3837 laus
861 3781 978 3836 creatori
1004 3782 1178 3850 decantatur,
1202 3783 1231 3836 in
1256 3799 1411 3840 commune

259 3865 381 3920 martiris
394 3865 552 3934 triumphus
563 3863 707 3920 attollitur.
744 3864 839 3919 Huius
850 3864 946 3934 gracia
959 3864 1085 3920 miraculi
1098 3865 1218 3935 populus
1231 3865 1306 3920 illius
1318 3867 1412 3936 patrie

259 3947 415 4004 annualiter
427 3947 548 4002 eandem
561 3948 718 4019 frequentat
730 3947 887 4016 ecclesiam,
901 3949 938 4004 ad
951 3948 1063 4002 laudem
1078 3948 1123 4003 dei
1136 3947 1412 4020 veneracionemque

214 4047 247 4096 4ο
260 4031 348 4086 sancti
362 4031 482 4086 martiris
495 4030 657 4087 Edmundi!
689 4031 752 4086 Hec
765 4032 864 4086 Petrus
877 4033 983 4102 prefate
995 4031 1071 4087 vrbis
1089 4030 1158 4086 ciuis
1170 4030 1223 4086 sub
1236 4032 1302 4087 fidei
1316 4035 1412 4088 retulit

260 4115 426 4182 testimonio,
439 4131 611 4185 puerumque
623 4115 802 4183 languentem
820 4130 854 4168 ac
871 4115 1051 4185 postmodum
1069 4113 1182 4170 sanitati
1199 4114 1363 4172 restitutum
1378 4133 1412 4174 se

258 4195 363 4252 vidisse
375 4197 557 4252 sacramentis
569 4197 695 4268 plurimis
708 4197 834 4252 asseruit.

422 4341 430 4370 ¹
448 4341 503 4392 MS.
514 4342 711 4408 calumpniaque.
987 4345 999 4376 2
1015 4345 1055 4397 Cf.
1067 4343 1119 4396 Tit.
1129 4343 1172 4394 fol.
1187 4357 1243 4396 rot·

523 1791 646 1861 Empore
658 1791 731 1861 regis
743 1791 876 1846 Willelmi
889 1791 979 1861 primi,
989 1791 1078 1846 abbas
1090 1789 1278 1856 baldewinus,
1287 1791 1412 1846 Romam
1507 1832 1508 1874 ,

558 1874 749 1944 proficiscens,
757 1876 793 1930 de
806 1874 923 1930 camisia
935 1874 1022 1930 sancti
1037 1873 1179 1930 Edmundi
1190 1885 1302 1944 partem
1313 1891 1412 1928 secum
1507 1879 1508 1932 }
