3054 4904
281 317 351 390 150
590 292 720 380 lfflssbfl
746 287 937 392 {tumba
961 285 1114 390 flnssiit.

277 511 395 551 merore
414 493 546 563 affectus,
565 492 649 549 illum
669 509 725 566 per
743 491 824 548 littus
842 508 910 547 cunr
930 489 1033 564 pueris
1051 489 1195 546 inuanum
1215 488 1265 544 diu
1285 505 1431 561 querens,

277 582 362 639 rediit
381 590 411 637 et
429 581 558 637 officium
581 589 765 637 mortuorum
788 597 843 653 pro
863 579 963 635 anima
982 578 1068 651 pueri
1090 595 1158 634 cum
1179 594 1288 649 magno
1309 593 1433 632 merore

276 669 401 742 peregit.
440 669 503 726 Nec
526 685 617 736 mora,
636 668 736 724 nuncii
759 685 776 724 a
800 665 974 739 parentibus
997 665 1107 722 Macuti
1128 665 1231 721 directi
1250 664 1288 721 ad
1308 663 1432 721 ianuam

275 757 440 828 pulsantes,
450 756 600 812 Macutum
616 773 723 811 sanum
737 764 767 811 et
779 754 959 810 incolumem
972 753 1049 810 sicut
1061 753 1089 809 ei
1103 753 1230 810 traditus
1243 751 1349 820 suerat,
1361 769 1433 808 eum
1517 755 1518 776 *

248 861 262 912 5
277 844 367 900 minis
380 861 397 899 a
412 843 573 900 Brendano
591 843 791 916 postulabant.
827 841 881 896 Vir
895 841 944 898 dei
962 841 1136 913 respondit:
1156 840 1241 895 ‘lam
1254 857 1316 895 non
1330 839 1432 895 solum

277 930 451 1003 magnitudo
470 930 582 987 doloris
601 940 726 1002 occupat
745 947 802 996 me,
816 928 891 985 sed¹
908 938 1009 985 vestra
1025 927 1175 1000 legatione
1194 928 1276 984 tedet
1294 945 1344 984 me
1369 927 1433 983 vite

277 1035 352 1075 mee.
390 1017 452 1075 Sed
474 1035 529 1074 vos
550 1035 653 1090 queso,
674 1017 714 1073 ite
737 1026 766 1073 et
786 1016 925 1072 nunciate
944 1016 1003 1072 illis
1026 1017 1106 1088 quod
1127 1015 1206 1072 iilius
1228 1031 1334 1071 eorum
1360 1032 1432 1071 cum

276 1115 362 1178 patre
377 1106 407 1160 in
428 1105 501 1161 celis
520 1105 594 1162 viuit
614 1105 644 1160 in
665 1105 821 1161 eternum!
858 1103 971 1160 Orante
984 1112 1083 1160 autem
1097 1102 1258 1158 Brendano
1277 1102 1316 1157 ad
1336 1102 1431 1158 deum

276 1210 343 1248 cum
363 1192 524 1262 lachrimis,
541 1191 632 1249 astitit
649 1192 775 1265 angelus
790 1191 903 1247 domini
922 1191 1043 1248 dicens:
1063 1190 1242 1246 ‘Brendane
1261 1206 1350 1246 serue
1371 1191 1431 1259 dei,

233 1299 263 1334 ιο
277 1281 337 1336 noli
350 1282 475 1337 timere:
496 1281 566 1353 quia
578 1282 653 1337 deus
667 1279 864 1352 omnipotens,
877 1279 928 1351 qui
942 1295 1049 1335 seruos
1060 1295 1131 1334 suos
1144 1277 1174 1332 in
1185 1275 1432 1333 tribulationibus

276 1369 447 1424 consolatur
455 1367 473 1436 ¹,
485 1385 612 1440 puerum
628 1367 779 1424 Macutum
793 1367 871 1422 inter
889 1366 997 1422 linctus
1016 1365 1109 1421 maris
1122 1365 1318 1432 conseruauit,
1332 1374 1364 1420 et
1380 1365 1431 1420 vbi
1517 1361 1518 1364 ’

276 1453 372 1510 insula
388 1472 540 1528 nunquam
561 1455 623 1523 luit,
642 1463 764 1528 propter
788 1454 853 1510 eius
874 1470 1008 1510 amorem
1026 1470 1118 1509 vnam
1137 1453 1255 1508 nouiter
1277 1453 1431 1521 exaltauit,

275 1560 334 1615 que
351 1542 410 1598 nisi
427 1542 544 1614 nauigio
565 1542 595 1598 in
615 1549 754 1599 eternum
771 1559 788 1597 a
807 1541 889 1597 nullo
905 1539 1000 1597 adiri³
1018 1540 1142 1613 poterit’
1180 1539 1317 1612 Pergens
1339 1540 1432 1612 igitur

276 1630 323 1685 vir
347 1629 395 1685 dei
419 1647 509 1686 mane
528 1631 565 1686 ad
586 1629 675 1698 littus,
695 1645 823 1702 puerum
843 1627 874 1684 in
895 1627 1042 1701 superiori
1061 1626 1158 1684 insule
1178 1628 1252 1698 loeo,
1275 1629 1350 1684 odas
1368 1629 1429 1684 deo

233 1737 262 1784 ¹5
277 1725 445 1786 canentem,
465 1716 599 1790 aspexit:
627 1716 673 1773 cui
692 1726 722 1774 et
744 1716 835 1773 dixit:
862 1717 963 1786 ‘Veni‚
984 1717 1079 1772 electe
1101 1714 1158 1784 dei,
1178 1725 1208 1771 et
1229 1717 1268 1771 da
1293 1715 1430 1772 osculum

277 1805 384 1861 nobis:
404 1805 472 1877 quia
491 1805 531 1861 ita
546 1823 603 1878 ego
622 1804 712 1860 hodie
731 1803 842 1877 accipio
860 1813 1056 1876 conspectum
1076 1810 1168 1874 tuum,
1182 1803 1267 1875 quasi
1282 1802 1430 1859 Lazarum

276 1901 381 1964 quarto
420 1891 468 1950 die
507 1894 545 1949 de
585 1900 780 1949 monumento
815 1901 1024 1965 resurgentem
1054 1890 1206 1947 viderem?
1262 1889 1317 1946 Ille
1354 1908 1431 1947 vero
1517 1961 1518 1966 ἵ

277 1979 427 2037 humiliter
458 1981 647 2052 respondens
674 1978 766 2036 dixit:
799 1978 914 2034 ‘Nolite
940 1977 1013 2033 mihi
1038 1977 1206 2034 molestiam
1230 1977 1343 2034 inferre
1373 1980 1431 2034 sed

280 2068 385 2124 saltem
403 2085 462 2124 vna
475 2068 524 2124 die
536 2067 567 2122 in
582 2068 646 2123 loco
659 2067 709 2123 vbi
721 2064 924 2124 misericordia
935 2066 984 2122 dei
997 2081 1047 2122 me
1059 2065 1185 2122 saluauit
1198 2065 1356 2138 relinquite
1370 2084 1431 2122 me.

232 2175 265 2211 ao
279 2154 317 2211 Et
335 2154 509 2227 psalterium
529 2172 630 2211 meum
649 2153 721 2210 mihi
742 2154 890 2224 remittite,
910 2163 939 2209 et
965 2153 990 2209 si
1015 2153 1073 2209 alio
1095 2154 1184 2209 modo
1209 2171 1268 2209 non
1294 2155 1431 2227 potestis,

278 2243 384 2299 mittite
403 2243 473 2299 illud
494 2242 524 2299 in
543 2259 644 2299 mare:
665 2250 694 2298 et
711 2243 795 2312 deus,
809 2241 858 2314 qui
873 2241 996 2299 saluauit
1012 2258 1061 2298 me
1077 2239 1155 2297 inter
1173 2242 1269 2297 vndas
1288 2241 1390 2310 maris,
1404 2244 1431 2299 si

277 2331 374 2403 placet
391 2329 432 2386 illi
450 2347 498 2386 me
516 2331 621 2386 saltem
634 2347 692 2386 vna
705 2329 753 2386 die
766 2330 814 2385 hic
827 2339 934 2397 astare,
948 2328 1043 2384 mittet
1056 2328 1126 2384 illud
1139 2328 1223 2402 aquis
1235 2329 1379 2386 intactum
1392 2333 1431 2387 ad
1517 2361 1518 2368 κ

279 2421 345 2474 me!
381 2416 467 2473 Tunc
482 2417 642 2473 Brendano
655 2417 831 2489 psalterium
850 2425 973 2473 tenente
988 2425 1018 2472 et
1033 2416 1065 2473 in
1082 2433 1164 2473 mare
1182 2416 1326 2484 mittente,
1339 2417 1432 2475 fascis

278 2503 352 2576 alge,
373 2505 598 2576 superquam*
622 2504 671 2560 ille
694 2503 864 2574 dormierat,
883 2503 1010 2560 occurrit
1029 2513 1058 2560 et
1081 2521 1173 2576 super
1197 2522 1230 2560 se
1254 2505 1431 2576 psalterium
1517 2569 1518 2578 χ

234 2610 264 2658 25
278 2590 405 2660 admisit,
415 2599 444 2646 et
458 2593 494 2647 ad
508 2591 606 2648 locum
618 2591 667 2648 vbi
680 2601 801 2648 sanctus
816 2589 993 2647 Machutus⁶
1005 2593 1095 2647 deum
1105 2592 1216 2662 orabat,
1224 2609 1302 2664 aqua
1311 2593 1431 2653 illesum

278 2678 408 2751 pertulit.
445 2677 529 2734 Tunc
543 2697 650 2736 omnes
664 2679 771 2736 iratres
784 2680 840 2734 hoc
854 2678 1029 2734 miraculum
1043 2678 1232 2752 aspicientes,
1246 2681 1388 2751 prostrati
1399 2681 1432 2738 in

277 2776 389 2822 terram
407 2766 508 2840 spacio
523 2767 612 2822 trium
633 2767 774 2822 horarum
790 2767 894 2822 laudes
914 2765 1035 2822 domino
1052 2766 1083 2822 in
1102 2784 1261 2823 commune
1279 2767 1432 2825 fuderunt.

278 2853 416 2911 Crastina
429 2853 479 2911 die
492 2853 658 2910 nauiculam
673 2852 852 2909 Brendanus
870 2853 950 2910 misit
967 2862 997 2909 et
1014 2871 1140 2926 puerum
1159 2855 1196 2909 ad
1212 2863 1322 2911 terram
1339 2864 1433 2930 atque

278 2941 493 2998 monasterium
507 2941 608 2999 reduci
622 2940 699 2998 lecit.
725 2941 800 2996 Cum
814 2949 913 2997 autem
921 2957 1047 3014 puerum
1058 2941 1238 2998 incolumem
1250 2941 1433 3002 Brendanus

233 3049 265 3100 ³0
277 3029 452 3103 parentibus
477 3029 727 3098 commendasset,
749 3027 894 3097 Macutus,
918 3028 1004 3100 quasi
1029 3028 1180 3085 iracundia
1205 3039 1314 3101 motus,
1340 3041 1432 3106 atque

277 3117 379 3174 omnia
391 3126 540 3173 transacta
554 3116 721 3186 reuoluens,
735 3116 792 3173 ait:
813 3115 857 3172 ‘O
878 3115 1029 3188 magister,
1043 3131 1154 3187 nonne,
1168 3134 1235 3173 eum
1250 3117 1316 3174 aliis
1332 3119 1433 3177 iratri-

276 3206 334 3261 bus
363 3203 555 3276 euangelium
580 3203 760 3276 predicareS,
785 3202 884 3259 audiui
908 3213 938 3259 te
963 3202 1131 3260 dicentem:
1147 3201 1281 3272 '‘⁴,nolite
1311 3217 1433 3279 patrem

276 3309 384 3348 vocare
396 3291 482 3348 vobis
496 3309 588 3364 super
600 3300 711 3348 terram
723 3310 730 3349 :
749 3307 827 3348 vnus
839 3299 886 3347 est
899 3299 984 3363 pater
996 3300 1097 3348 vester
1108 3291 1140 3348 in
1153 3292 1227 3370 celis
1238 3295 1289 3348 ?”'
1318 3294 1433 3354 Huius·

278 3379 359 3435 modi
371 3379 472 3436 verbis
485 3396 553 3435 cum
568 3378 751 3451 magistrum,
764 3379 871 3435 iratres
884 3387 1087 3451 parentesque
1096 3380 1280 3451 admoneret,
1290 3383 1431 3441 admirati

232 3479 262 3530 35
277 3475 347 3522 sunt
362 3466 458 3522 valde.
497 3463 581 3522 Tunc
598 3475 739 3538 parentes
754 3466 848 3522 filium
868 3482 965 3534 suum,
982 3465 1053 3522 iletu
1073 3475 1102 3522 et
1122 3467 1273 3524 lachrimis
1291 3486 1326 3526 se
1344 3488 1433 3528 man·

276 3555 392 3623 dentes,
401 3569 469 3609 eum
479 3552 638 3610 Brendano
648 3554 841 3626 reliquerunt
878 3553 1007 3609 Sanctus
1022 3553 1430 3630 [vero]⁸Macutusquotidie

277 3640 420 3697 orationis
442 3640 535 3713 gratia
560 3643 598 3697 ad
622 3641 704 3697 illam
726 3640 874 3697 insulam⁷
894 3641 926 3697 in
947 3641 1082 3697 nauicula
1102 3641 1211 3699 exibat.
1250 3643 1432 3705 Brendanus

277 3729 386 3802 itaque,
399 3728 526 3802 gratiam
539 3729 588 3786 dei
600 3728 631 3785 in
646 3728 764 3785 Macuto
778 3728 983 3798 considerans,
996 3728 1111 3801 rogauit
1123 3738 1154 3785 vt
1167 3731 1293 3802 gradum
1311 3735 1431 3806 presbi-

277 3825 390 3875 teratus
410 3815 567 3889 acciperet.
604 3815 689 3873 Tunc
705 3816 757 3872 ille
774 3815 932 3889 indignum
951 3816 1007 3871 hoc
1025 3818 1118 3889 gradu
1137 3835 1170 3874 se
1189 3835 1259 3874 esse
1278 3819 1433 3880 humiliter
1517 3831 1518 3874 l

231 3919 264 3969 40
277 3906 435 3973 confitens,
450 3904 521 3962 etin
534 3904 656 3962 iuuenili
669 3905 766 3961 adhuc
779 3912 857 3960 etate
870 3921 939 3960 esse
952 3912 1131 3972 contestans,
1143 3904 1237 3961 dixit:
1258 3907 1266 3935 ‘
1277 3905 1431 3981 Magister,
1517 3927 1518 3950 l

278 3993 338 4050 noli
360 3993 434 4050 mihi
455 3992 600 4049 molestus
621 4010 707 4048 esse:
728 3991 877 4064 quianon
900 4007 967 4066 sum
987 3991 1096 4063 dignus
1116 3992 1173 4048 hoc
1195 3991 1326 4050 officium
1349 4000 1431 4069 quod

278 4080 352 4137 dicis
365 4079 538 4153 suscipere!
575 4079 629 4136 Cui
644 4078 839 4137 Brendanus:
860 4079 943 4135 ‘Noli
957 4079 1109 4136 dubitare:
1129 4079 1198 4152 quia
1211 4078 1352 4140 iuuenilis
1366 4095 1431 4144 etas

276 4169 362 4225 alicui
384 4186 445 4225 non
466 4176 562 4238 nocet,
581 4167 607 4224 si
628 4166 717 4224 suerit
738 4174 839 4223 mente
861 4166 1029 4240 perlectus:
1056 4184 1112 4224 nec
1133 4167 1237 4224 senilis
1258 4177 1324 4226 etas
1342 4173 1430 4230 alicui

309 4297 363 4348 ¹T.
377 4299 406 4348 E.
419 4299 465 4348 sed
478 4303 512 4348 et.
561 4297 615 4347 ¹T.
628 4295 886 4348 consolacionibuse.
944 4297 1000 4347 ’Β
1015 4298 1104 4348 audiri.
1164 4297 1223 4348 ⁴01.
1237 4315 1323 4361 quem.
1375 4303 1431 4354 ΙΤ.
1517 4355 1518 4358 ¹

276 4372 401 4416 macutus.
465 4364 475 4393 ⁸
491 4363 519 4414 T.
535 4363 563 4414 E.
576 4365 651 4414 enim.
718 4361 728 4391 ²
745 4363 797 4416 Vit.
810 4364 875 4413 adds
887 4378 938 4425 que
950 4378 1032 4426 usque
1043 4365 1121 4413 hodie
1135 4364 1205 4413 Rore
1217 4373 1331 4418 vocatur.
1517 4367 1518 4380 ¹
