3036 4878
248 221 322 306 664
677 209 878 312 appennis·
906 211 958 286 ll.

519 439 545 498 il
565 441 615 494 Ds
633 451 767 504 ouooxu
787 449 975 493 snxsrsssro
994 449 1121 492 rostro.

309 563 360 616 Ex
369 561 491 630 quodam
504 567 583 616 tem
594 561 763 615 domr'nicalr'
772 561 813 614 ad
822 576 959 631 magrmm
971 561 1064 614 altare
1074 560 1167 614 sancti
1178 559 1348 614 Edmundi.

250 687 258 710 ⁶
339 682 425 736 llecto
437 691 559 752 cognato
571 699 622 737 suo
631 681 746 736 domino
754 682 878 736 Ricardo
887 681 923 736 de
935 681 1036 748 Insula,
1046 681 1130 752 priori
1142 681 1234 735 sancti
1246 681 1415 746 Edmundi,

372 781 438 820 sous
461 765 600 820 Ricardus
624 765 662 820 de
684 764 820 834 Argmtin
845 764 963 819 salutem
987 780 1071 834 quam
1098 763 1159 818 sibi.
1197 763 1303 818 Sciatis
1330 766 1412 834 quod

251 847 380 903 dominus
404 860 498 903 noster
521 859 634 902 sanctus
659 848 826 902 Edmundus
850 857 913 918 post
937 846 1100 916 capciooem
1124 846 1246 902 ciuitatis
1270 847 1414 902 Damiete

252 930 357 1001 primus
373 931 400 984 in
417 931 514 986 saluit
532 931 667 986 feodatus.
706 931 782 984 Nam
798 941 861 1000 post
880 946 1020 986 recessum
1037 929 1146 984 comitis
1159 929 1270 984 Cestrie
1288 930 1411 987 lundaui
1509 921 1510 930 ¹

224 1030 238 1080 5
253 1014 291 1068 ibi
307 1014 455 1068 ecclesiam
472 1015 544 1069 bene
562 1024 697 1080 ornatam,
710 1023 738 1068 et
756 1013 783 1067 in
801 1031 843 1078 ea,
855 1013 894 1066 ad
909 1013 1020 1067 titulum
1037 1011 1125 1066 sancti
1139 1013 1286 1066 Edmundi
1300 1014 1414 1067 consti-

253 1095 339 1162 tuta¹,
351 1107 408 1152 tres
426 1097 586 1166 capellanos
604 1113 668 1150 cum
686 1095 793 1150 clericis
812 1095 868 1150 suis
887 1112 938 1166 pro
957 1094 1073 1150 seruicio
1090 1095 1195 1149 domini
1214 1096 1306 1150 nostri
1321 1098 1417 1150 ihesu
1509 1097 1510 1104 ’

255 1179 357 1234 Christi
375 1190 403 1235 et
421 1179 510 1234 sancti
529 1179 672 1234 Edmundi
690 1178 828 1246 stabiliui;
848 1188 876 1232 et
891 1178 915 1232 si
932 1189 1043 1232 sanctus
1061 1177 1229 1232 Edmundus
1245 1178 1415 1234 aduocatus
1509 1179 1510 1192 ¹

253 1280 331 1318 meus
344 1263 428 1317 michi
442 1273 549 1319 tantum
562 1263 643 1318 vellet
655 1273 790 1333 quantum
803 1261 882 1316 uobis
894 1261 1050 1330 suffragari,
1063 1261 1091 1315 in
1104 1260 1182 1316 breui
1194 1262 1297 1316 melius
1308 1263 1366 1316 erit
1383 1264 1412 1316 in

253 1362 341 1414 regno
359 1345 505 1401 Babilonie
523 1345 641 1400 semieio
659 1345 856 1400 lamulancium
874 1344 1130 1414 honoratus,qua1n
1148 1344 1183 1398 sit
1203 1344 1232 1398 in
1251 1345 1413 1414 anglicana

212 1447 240 1482 10
254 1427 366 1498 regione
392 1429 430 1482 ab
457 1427 585 1498 Anglicis
608 1427 826 1483 obministratus.
856 1428 920 1492 ,Vos
946 1437 1040 1481 autem
1067 1444 1118 1496 pro
1141 1436 1217 1481 certo
1242 1427 1317 1483 scire
1341 1431 1413 1483 volo

254 1511 418 1566 miraculum
440 1513 515 1581 quod
537 1521 600 1580 post
620 1511 833 1565 fundamentum
853 1509 969 1565 ecclesie
990 1509 1114 1579 predicte
1134 1518 1168 1564 et·
1182 1511 1413 1566 celebracionem

255 1593 412 1648 diuinorum
437 1594 465 1648 in
489 1611 523 1648 ea
547 1593 719 1664 primitiuam
743 1593 858 1662 contigit
889 1593 998 1647 notorie
1024 1604 1052 1648 et
1082 1592 1192 1663 publice
1215 1594 1413 1649 manifestum.

257 1677 379 1748 Quidam
396 1677 520 1732 seruiens
537 1677 702 1731 flandrensis
715 1677 749 1732 de
764 1676 896 1732 Flandria
912 1686 995 1743 ortus,
1009 1676 1135 1731 baiulans
1150 1676 1260 1732 clauem
1276 1677 1306 1730 in
1322 1696 1413 1732 manu
1509 1679 1510 1688 ’

256 1778 307 1816 sua
324 1760 470 1814 ecclesiam
488 1759 672 1816 subintrando
691 1759 851 1829 ymaginem
870 1759 959 1814 sancti
978 1759 1129 1827 Edmundi,
1146 1775 1180 1813 ex
1198 1776 1274 1814 nouo
1291 1763 1332 1815 ad
1351 1761 1413 1816 dis-

214 1859 242 1908 ¹5
258 1843 428 1914 posicionem
444 1860 536 1898 meam
552 1845 689 1914 sculptam
702 1853 730 1898 et
743 1843 893 1913 depictam,
907 1842 1046 1913 prospexit
1063 1853 1090 1897 et
1103 1843 1188 1896 verba
1201 1845 1412 1899 contumeliosa

258 1927 350 1981 eidem
371 1926 492 1996 protulit,
514 1927 646 1996 quoniam
666 1927 803 1996 quosdam
823 1927 963 1996 degente
985 1941 1043 1992 sua,
1063 1935 1092 1980 vt
1113 1925 1191 1990 dixit,
1211 1937 1328 1982 metus
1350 1929 1412 1982 Ed-

258 2008 378 2064 mundus
397 2008 549 2079 aliquando
570 2009 726 2076 interfecit;
752 2019 780 2064 et
804 2009 844 2064 sic
864 2025 959 2064 versus
980 2017 1107 2063 sanctum
1125 2009 1215 2077 litigio
1235 2011 1362 2065 maximo
1383 2022 1412 2066 et
1509 2071 1510 2082 2

258 2092 406 2147 manifesto
418 2093 607 2147 murmurauit.
644 2091 698 2160 Qui
711 2102 774 2162 post
786 2092 934 2162 obprobria
946 2101 1043 2146 sancto
1056 2092 1207 2146 Edmundo
1220 2093 1299 2147 illata
1312 2095 1412 2149 volens
1509 2123 1510 2146 t

258 2177 295 2230 de
308 2174 434 2243 ecclesia,
447 2191 557 2246 semper
569 2175 694 2242 rixando,
706 2175 798 2230 exire:
817 2174 918 2229 accidit
931 2175 1096 2229 miraculose
1109 2175 1184 2244 quod
1197 2175 1306 2244 lignum
1320 2179 1413 2247 quod-
1509 2179 1510 2248 ᾗ

215 2259 324 2313 rodam
346 2275 429 2328 supra
448 2258 549 2312 ostium
571 2260 608 2314 ab
624 2258 740 2328 antiquo
759 2259 962 2313 Saracenorum
982 2267 1107 2327 tempore
1126 2259 1316 2325 constitutum,
1336 2261 1411 2315 dicte

259 2341 375 2395 ecclesie
388 2343 423 2396 de
436 2343 493 2396 alto
506 2357 644 2410 corruens,
655 2357 740 2410 graue
752 2340 851 2395 vulnus
863 2340 944 2394 ruina
956 2357 1005 2394 sua
1018 2341 1046 2394 in
1059 2341 1149 2410 capud
1163 2340 1248 2410 ipsius
1261 2343 1412 2398 sentientis

260 2423 366 2478 inflixit.
391 2424 446 2494 Qui
459 2433 518 2479 turn
531 2439 582 2492 pro
595 2424 699 2479 lesione
710 2424 840 2490 maxima,
850 2435 908 2478 tum
919 2440 970 2493 pro
982 2423 1125 2492 sanguinis
1138 2423 1251 2478 assidua
1263 2425 1409 2492 effusione,

260 2506 415 2560 nullatenus
433 2506 493 2560 sine
511 2507 628 2562 aliorum
646 2507 749 2562 auxilio
766 2505 857 2577 potuit
875 2507 912 2561 de
927 2506 1045 2561 ecclesia
1060 2505 1164 2560 exitum
1180 2507 1286 2563 habere
1302 2526 1358 2564 nec
1373 2510 1410 2564 ad

259 2587 416 2658 hospicium
428 2589 571 2659 proprium
584 2590 700 2646 reuerti!
737 2589 879 2660 Scriptum
891 2606 966 2644 anno
979 2588 1085 2644 domini
1101 2603 1176 2645 1220.

293 2779 343 2832 Dn
361 2790 523 2834 canromco
543 2781 758 2835 Hannronnts
777 2791 838 2834 ssa
857 2791 1004 2835 sanctuni
1025 2779 1219 2835 Enuurtouu
1239 2794 1259 2834 x
1279 2793 1383 2836 assas
1456 2755 1462 2764 ⁵

668 2874 843 2926 qunrxrm
861 2871 998 2918 cuxxro.

219 3006 247 3056 ²5
264 2985 354 3108 AD
375 2983 544 3040 declaranda
561 2984 638 3040 beati
653 2984 798 3038 Edmundi
814 2983 954 3054 preconia,
969 2982 1086 3052 contigit
1104 2983 1248 3038 dominum
1266 2985 1412 3042 dominum

362 3069 516 3124 Robertum
542 3067 578 3122 de
604 3067 745 3135 Haseleia,
770 3067 935 3122 canonicum
964 3065 1141 3132 Herdlordie,
1165 3066 1242 3120 febre
1273 3080 1412 3137 quartana

263 3150 365 3206 uexari.
403 3151 457 3221 Qui
476 3151 571 3206 statim
588 3161 686 3205 sancto
704 3167 733 3204 se
752 3150 828 3205 vouit
845 3149 998 3204 Edmundo
1016 3149 1210 3218 proiecturum,
1226 3167 1346 3219 sperans
1366 3171 1413 3222 per

263 3233 438 3288 sanctissima
451 3234 510 3289 eius
522 3234 620 3288 merita
632 3234 669 3288 ab
682 3233 841 3288 infirmitate
853 3251 882 3288 se
895 3249 976 3303 posse
988 3233 1088 3287 sanari.
1126 3233 1172 3287 Ob
1185 3234 1317 3288 deuotam
1331 3235 1412 3304 igitur

263 3333 347 3386 quam
363 3333 431 3385 erga
447 3327 574 3372 sanctum
590 3316 688 3372 habuit
702 3317 882 3382 voluntatem,
895 3315 980 3371 citam
997 3316 1119 3386 recipere
1135 3315 1234 3369 meruit
1252 3318 1411 3374 sanitatem.

219 3414 250 3463 30
263 3401 356 3454 Sanus
374 3409 467 3453 autem
484 3399 608 3468 effectus,
627 3417 723 3455 versus
744 3409 872 3454 sanctum
892 3399 1074 3453 Edmundum
1095 3397 1287 3469 proficiscitur,
1306 3400 1345 3456 de
1364 3419 1412 3456 sua
1509 3399 1510 3412 ¹

263 3481 372 3550 gracias
396 3483 553 3538 redditurus
577 3483 769 3553 prosperitate.
807 3483 858 3538 Set
882 3481 928 3536 uix
949 3492 1014 3536 octo
1038 3482 1132 3536 leucas
1156 3480 1185 3535 in
1207 3481 1253 3536 die
1278 3485 1411 3552 perficere
1509 3479 1510 3484 '

265 3565 363 3636 potuit,
382 3577 494 3635 propter
512 3565 687 3622 debilitatem
704 3576 877 3621 contractam
895 3566 932 3620 ab
951 3564 1119 3620 infirmitate.
1155 3566 1261 3619 Verum
1280 3583 1347 3621 mox
1365 3585 1412 3638 per

265 3649 394 3704 virtutem
411 3649 455 3703 dei
471 3660 499 3704 et
518 3648 608 3704 sancti
621 3649 765 3704 Edmundi
782 3649 911 3704 meritum
928 3648 967 3702 ita
983 3647 1013 3701 in
1030 3647 1127 3703 itinere
1143 3657 1185 3702 est
1200 3647 1363 3704 melioratus
1375 3661 1411 3716 vt,

265 3732 312 3804 qui
330 3732 406 3804 prius
421 3743 485 3788 octo
498 3733 525 3786 in
541 3732 588 3788 die
603 3734 700 3802 leugas
717 3732 757 3788 ire
772 3749 830 3788 non
847 3740 949 3802 posset,
962 3729 1061 3800 viginti
1078 3740 1177 3802 postea
1192 3742 1342 3800 perageret
1358 3749 1411 3788 non

222 3825 252 3876 ³5
264 3826 403 3886 grauatus.

664 3918 714 3972 Dn
732 3928 914 3972 mantnano
933 3927 1013 3971 stus.

325 4040 478 4109 Apellanus
500 4038 639 4109 siquidem
658 4038 775 4108 predicti
794 4038 923 4094 canonici
942 4039 1069 4108 Rogerus
1090 4035 1204 4091 nornine
1221 4035 1258 4090 ad
1279 4039 1410 4106 Arreston,

361 4123 420 4192 pari
434 4121 588 4178 deuocione
600 4123 688 4178 multo
701 4132 825 4192 tempore
837 4123 932 4192 elapso
945 4130 1042 4176 sancto
1053 4119 1205 4175 Edmuodo
1215 4137 1246 4176 se
1254 4121 1409 4188 deuoueret,

707 4293 716 4322 ¹
734 4292 790 4344 MS.
803 4293 970 4344 constitutam.
