3044 4894
301 293 345 362 16
611 287 741 378 mlh
766 285 957 390 iissssssllssfl
980 285 1132 389 anulii.

296 488 462 560 imperator
474 495 591 544 creatus
604 497 650 544 est
663 507 669 546 :
690 488 791 562 partiti
804 497 875 544 sunt
884 487 995 546 etenim
1009 487 1087 546 inter
1099 505 1133 546 se
1146 487 1315 560 imperium,
1324 487 1405 544 vnde
1419 495 1451 543 et

298 575 436 634 Galerius
455 574 595 632 illiricum
615 593 682 631 cum
701 585 763 632 tota
779 576 854 632 Asia
868 576 1002 643 obtinuit,
1015 577 1215 633 Constancius
1227 594 1299 634 vero
1313 575 1451 642 Galliam,

299 663 493 732 Britanniam,
502 671 633 719 ettotam
644 663 823 734 Hispaniam
834 665 1046 736 gubernandas
1054 663 1189 737 accepit.⁸
1218 664 1277 733 Qui
1287 664 1452 736 paulopost

299 750 486 808 Britanniam
517 751 650 821 rediens,
680 761 748 823 post
772 769 870 808 annos
890 751 1030 808 undecim
1057 753 1137 824 apud
1163 751 1333 808 Eboracum
1358 751 1452 808 morti

270 838 445 910 5subiacuit
462 848 491 894 et
506 855 633 911 regnum
653 839 713 894 filio
726 839 925 896 Constantino
944 839 1070 911 reliquit.
1108 839 1166 909 Qui
1181 849 1213 896 vt
1232 839 1355 895 honoris
1372 839 1452 894 solio

299 927 410 998 potitus
432 936 488 996 est,
501 927 580 999 cepit
601 926 678 982 infra
698 944 809 998 paucos
824 943 921 983 annos
940 927 1119 999 probitatem
1139 927 1302 983 maximam
1315 926 1452 994 habere;

299 1014 449 1070 leoninam
469 1013 654 1070 ferocitatem
680 1013 709 1070 in
729 1015 928 1084 aduersarios,
951 1013 1151 1071 columbinam
1175 1013 1394 1086 simplicitatem
1419 1013 1452 1070 in

298 1104 412 1160 amicos
427 1102 596 1170 ostendere,
610 1101 756 1159 iusticiam
774 1102 855 1158 inter
871 1103 997 1175 populos
1017 1120 1178 1173 exercere;
1197 1103 1344 1158 latronum
1363 1119 1453 1173 rapa·

298 1190 417 1248 citatem
427 1207 631 1262 compescere,
640 1191 982 1262 tyrannorumseuitiam
990 1191 1173 1260 conculcare,
1181 1208 1215 1248 ac
1225 1207 1331 1263 pacem
1339 1189 1453 1261 vbique

257 1297 286 1334 10
300 1295 446 1336 renouare
460 1279 597 1334 studebat
616 1287 646 1334 et
658 1279 847 1334 confirmare.
886 1279 1005 1334 Helena
1017 1296 1137 1352 quoque
1150 1279 1339 1336 sanctissima
1352 1287 1454 1334 mater

299 1367 364 1422 eius
401 1376 432 1422 et
467 1365 533 1438 ipsa
563 1383 632 1422 cum
663 1366 723 1422 filio
754 1383 882 1439 regnum
913 1367 1123 1424 strenuissime
1154 1376 1184 1424 et
1214 1365 1453 1439 prudentissime

299 1454 481 1526 gubernans,
501 1454 588 1510 bonis
610 1454 752 1526 operibus
773 1454 881 1527 iugiter
902 1453 1078 1512 insistebat:
1099 1463 1129 1510 et
1149 1463 1217 1526 post
1237 1453 1350 1510 obitum
1369 1452 1453 1509 Con·
1512 1493 1513 1542 y

299 1540 404 1597 stancii
418 1559 435 1597 a
447 1542 514 1614 lege
526 1541 582 1598 viri
596 1541 699 1611 soluta,
712 1543 858 1615 usquead
872 1551 999 1598 mortem
1009 1558 1132 1598 ornnem
1142 1542 1327 1613 amplectens
1340 1541 1453 1596 sancti·
1512 1553 1513 1572 ¹

300 1629 432 1686 moniam
453 1630 483 1686 in
503 1638 606 1686 sancta
623 1629 764 1686 viduitate
785 1631 989 1702 permanebat.
1026 1629 1089 1686 Ea¹
1111 1629 1241 1702 denique
1259 1637 1452 1701 tempestate,

258 1735 286 1786 15
300 1718 372 1773 dum
386 1718 451 1790 ipsa
463 1734 531 1774 cum
545 1717 605 1773 filio
619 1718 816 1774 Constantino
828 1717 925 1774 adhuc
939 1718 970 1772 in
981 1716 1137 1772 Britannia
1149 1725 1259 1790 ageret,
1271 1717 1453 1774 Maxentius

300 1805 421 1879 quidam
434 1814 579 1878 tyrannus
593 1821 750 1861 romanum
758 1803 918 1878 imperium
932 1805 989 1860 sibi
998 1805 1168 1876 usurpabat,
1179 1813 1209 1860 et
1217 1804 1453 1862 Constantinum
1513 1871 1514 1874 Ἴ

301 1894 380 1950 hunc
394 1909 536 1965 magnum
548 1909 581 1948 ac
592 1891 809 1949 nobilissimum
818 1892 925 1959 virum,
938 1893 1016 1963 (iicet
1025 1901 1092 1964 post
1101 1892 1194 1964 patris
1205 1893 1317 1949 obitum
1325 1901 1454 1966 propter

300 1981 366 2039 eius
396 1981 559 2037 maximam
589 1981 768 2054 probitatem
799 1998 858 2037 vno
889 1980 1023 2036 omnium
1055 1997 1205 2036 consensu
1234 1981 1453 2054 imperatorem
1514 2030 1515 2056 ,

300 2069 449 2140 eiectum)
468 2068 594 2141 imperio
613 2067 733 2140 priuare
751 2069 924 2140 satagebat;
954 2085 988 2123 ac
1008 2067 1128 2124 interim
1146 2067 1350 2124 nobilissimos
1368 2069 1454 2126 viros

257 2176 287 2212 ao
300 2157 500 2224 exheredans,
513 2156 647 2228 pessima
660 2156 820 2228 tyrannide
834 2155 1048 2227 rempublicam
1064 2155 1259 2228 opprimebat.
1297 2156 1345 2211 Ad
1365 2156 1455 2214 cuius
1514 2211 1515 2214 ,

301 2253 406 2317 postea
419 2244 672 2315 compescendam
691 2242 827 2299 seuitiam
848 2252 878 2299 et
897 2243 1155 2300 exterminandam
1167 2243 1358 2316 tyrannidem
1371 2243 1455 2300 Con·

300 2331 450 2389 stantinus
463 2331 500 2386 ab
520 2331 661 2386 omnibus
680 2330 859 2402 importunis
878 2330 1058 2387 clamoribus
1072 2331 1201 2387 Romam
1220 2332 1382 2387 aduocatus
1396 2342 1454 2390 est

302 2419 361 2489 Qui
381 2436 451 2475 mox
470 2417 633 2490 reipublice
652 2418 813 2474 consulens
832 2435 996 2491 eorumque
1016 2418 1253 2488 necessitatibus,
1265 2418 1455 2492 cupiensque

301 2506 366 2562 iure
384 2506 440 2562 sibi
459 2505 594 2562 relictum
616 2523 796 2578 recuperare
817 2505 985 2578 imperium,
998 2523 1066 2562 cum
1086 2508 1216 2562 maximo
1233 2523 1268 2563 ac
1289 2506 1456 2564 fortissimo

257 2613 288 2664 25
303 2594 517 2652 Britannorum
536 2593 670 2650 exercitu
684 2611 743 2650 vna
762 2611 831 2650 cum
849 2605 943 2650 matre
963 2592 1082 2651 Helena
1100 2603 1129 2650 et
1148 2612 1252 2652 sorore
1271 2594 1457 2652 Constancia

303 2682 433 2738 Romam
466 2681 648 2754 properauit,
675 2683 888 2754 (superatoque
926 2681 1080 2738 Maxentio
1110 2683 1251 2754 tyranno)
1277 2681 1356 2738 iiiam
1395 2681 1456 2740 sibi

302 2769 489 2842 subiugauit:
511 2778 540 2825 et
553 2769 595 2825 sic
608 2771 801 2841 postmodum
819 2768 896 2826 inira
910 2770 1002 2826 breue
1018 2769 1109 2826 totius
1126 2770 1228 2825 mundi
1247 2768 1456 2828 monarchiam

302 2857 437 2914 obtinuit.
474 2857 614 2913 ²lnterea
635 2857 690 2914 hec
709 2867 806 2913 mater
824 2857 890 2914 eius
911 2857 1029 2914 Helena
1048 2857 1236 2914 sanctissima
1258 2857 1365 2914 mulier
1383 2875 1456 2916 cum

302 2944 366 3001 suis
380 2945 547 3017 nepotibus,
559 2945 746 3002 Constantini
757 2944 833 3015 filiis,
843 2946 922 3016 apud
932 2944 1096 3002 Bizantiam
1108 2945 1268 3014 ciuitatem,
1279 2963 1337 3017 que
1346 2955 1458 3017 postea

258 3050 290 3100 ³0
302 3031 571 3105 costantinopoiim
587 3035 620 3104 (l)
640 3033 853 3104 appellabatur,
873 3032 1054 3104 aliquamdiu
1073 3041 1256 3090 commorata
1274 3041 1330 3102 est,
1344 3033 1396 3088 vbi
1416 3037 1457 3092 ab

304 3119 405 3193 impiis
431 3119 532 3176 iudeis
563 3120 775 3190 circumuenta,
799 3119 1008 3190 Christianam,
1034 3138 1124 3192 quam
1156 3121 1240 3193 prius
1264 3121 1311 3177 vei
1336 3121 1458 3179 modice

301 3208 450 3278 induerat,
470 3209 561 3265 fidem
581 3225 661 3280 pene
682 3217 774 3264 totam
788 3208 928 3266 amiserat
948 3217 978 3264 et
998 3208 1112 3265 iudaice
1134 3207 1258 3279 perfidie
1277 3207 1382 3264 fortius
1402 3211 1457 3266 ad-

303 3295 444 3352 herebat:
478 3297 515 3352 ad
541 3295 636 3368 ipsius
662 3305 762 3352 tamen
788 3306 869 3353 secte
894 3297 1009 3352 iudaice
1029 3296 1150 3353 finalem
1168 3297 1236 3366 (deo
1260 3296 1457 3368 disponente)

303 3383 548 3451 destructionem,
560 3401 621 3439 non
635 3385 672 3440 ad
686 3383 750 3440 eius
769 3383 987 3440 incrementum
1003 3393 1033 3441 et
1049 3385 1268 3441 exaltationem.
1305 3385 1458 3442 Constan-

259 3489 290 3541 35
303 3471 383 3527 tinus
396 3489 477 3538 ver0,
490 3471 585 3527 adhuc
599 3472 752 3528 erroribus
770 3472 924 3544 gentilium
943 3472 1121 3544 implicatus,
1134 3473 1206 3528 dum
1219 3472 1344 3529 ecclesie
1358 3473 1458 3531 chris·

303 3559 383 3616 tiane
393 3569 479 3615 atrox
487 3558 794 3633 persequutorluisset
803 3569 833 3616 et
842 3560 985 3632 plurimas
994 3569 1164 3617 sanctorum
1174 3561 1328 3616 martirum
1336 3569 1459 3633 strages

303 3647 437 3704 dedisset
449 3664 482 3704 ac
499 3648 643 3720 populum
661 3646 909 3703 innumerabilem
928 3665 984 3721 per
1000 3665 1105 3704 omnes
1118 3649 1287 3720 prouincias
1299 3646 1390 3704 variis
1405 3667 1459 3722 pe-

304 3753 410 3792 narum
419 3735 580 3808 generibus
589 3734 715 3790 interfici
728 3734 856 3806 fecisset,
864 3735 1006 3792 vitionem
1019 3735 1154 3792 sentiens
1167 3735 1300 3792 diuinam
1313 3735 1459 3807 elephan-

304 3823 345 3880 tie
359 3823 464 3878 morbo
476 3839 639 3894 percussus
653 3831 708 3878 est.
745 3822 801 3879 Cui
815 3841 883 3880 cum
895 3825 1038 3880 vniuersa
1056 3823 1241 3880 medicorum
1254 3833 1283 3880 et
1297 3840 1460 3896 magorum

259 3929 292 3982 40
304 3911 423 3983 agmina
442 3909 604 3966 subuenire
618 3926 677 3966 non
692 3921 825 3982 possent,
839 3911 974 3983 Capitolii
987 3912 1144 3983 pontifices
1158 3911 1213 3966 hoc
1226 3911 1374 3968 dederunt
1384 3929 1461 3970 con-

305 3998 403 4054 silium
422 4007 454 4054 vt
475 3999 604 4070 quedam
623 3997 738 4070 piscina
756 4001 903 4071 sanguine
924 3999 1082 4056 infantium
1108 3999 1283 4071 repleretur,
1305 4007 1335 4054 et
1356 3999 1387 4054 in
1409 4001 1461 4058 iiio

305 4087 399 4142 calido
412 4085 558 4157 sanguine
571 4085 727 4158 Augustus
736 4085 895 4154 lauaretur,
908 4086 993 4143 etsie
1006 4087 1143 4144 sanitatis
1156 4086 1335 4144 beneficium
1349 4103 1461 4147 conse·

304 4183 454 4247 queretur.
492 4173 579 4243 Quod
605 4173 728 4246 quidem
753 4173 868 4230 lacinus
888 4192 956 4232 cum
978 4174 1193 4243 abhorruisset,
1214 4175 1245 4230 in
1270 4175 1336 4246 ipsa
1367 4187 1461 4239 nocte

381 4353 391 4386 ¹
409 4356 437 4406 E.
451 4356 498 4406 Eo.
599 4355 609 4386 ²
625 4357 664 4407 Cl.
676 4355 741 4406 Aeta
754 4357 780 4407 S.
794 4357 911 4407 Silvestri
924 4357 988 4422 (abr.
1001 4356 1029 4409 iu
1039 4357 1112 4406 Vinc.
1125 4355 1199 4414 Bell,
1214 4355 1275 4417 Leg.
1287 4353 1372 4418 Aua).
