3054 4904
295 322 364 408 146
603 316 733 404 nubs
758 312 1126 418 immutantis.

291 515 348 572 bus
361 513 519 572 institisset
527 514 545 584 ¹,
553 523 616 572 tres
629 515 764 588 angelice
772 515 914 574 claritatis
922 515 1080 589 perspexit
1091 517 1183 585 viros,
1192 533 1330 589 superno
1343 515 1440 590 splen·

290 603 363 660 dore
380 603 539 672 radiantes,
556 621 684 677 quorum
703 603 830 672 medius,
846 613 958 660 statura
975 621 1129 676 procerus,
1144 603 1293 661 cesariem
1313 604 1441 660 habebat

289 690 393 748 celesti
405 691 474 748 niue
487 691 654 748 dealbatam
666 711 674 762 ;
693 700 834 764 aspectus
846 691 912 748 eius
924 692 1020 748 dulcis
1032 700 1062 748 et
1080 691 1226 758 amabilis,
1237 693 1319 748 vltra
1331 701 1441 748 morta·

288 776 348 834 lem
369 779 497 835 nitorem
518 796 573 836 sua
594 778 708 836 lumina
725 779 895 835 exhibebat
932 778 1039 836 Crucis
1060 797 1133 836 vero
1155 779 1277 852 signum
1303 782 1389 852 quod
1412 780 1440 834 in

260 883 275 934 5
288 866 395 923 dextra
408 865 529 936 serebat,
542 865 682 924 ineffabili
697 866 859 939 splendore
873 866 1018 924 rutilabat.
1056 867 1114 937 Qui
1127 885 1146 923 a
1158 867 1275 923 dextris
1287 867 1356 923 eius
1369 877 1440 936 erat,

288 953 472 1010 mediocrem
491 963 634 1010 staturam
650 953 837 1026 preferebat;
859 953 981 1012 sinister
998 963 1098 1011 autem
1117 954 1248 1011 lateralis
1267 955 1444 1012 Zacheum²

287 1040 459 1112 preferebat
472 1049 593 1098 statura.
631 1041 774 1098 Omnium
787 1059 860 1098 vero
873 1041 1048 1098 indumenta
1061 1060 1153 1115 super
1167 1042 1336 1099 humanum
1357 1043 1441 1099 intel·

287 1126 396 1185 lectum
415 1139 500 1186 erant
519 1128 656 1202 gloriosa
693 1127 1016 1202 Appropinquantibus
1034 1131 1092 1186 illis
1112 1148 1193 1202 egro,
1212 1130 1264 1202 qui
1286 1130 1320 1186 in
1341 1131 1441 1188 medio

287 1233 390 1272 eorum
410 1226 474 1274 erat
493 1216 584 1273 dixit:
605 1216 669 1272 ‘lte
683 1225 713 1272 et
730 1215 853 1272 solutis³
870 1217 978 1274 natiuis
993 1235 1155 1274 neruorum
1172 1217 1302 1274 nexibus
1320 1236 1394 1275 eum
1410 1219 1439 1274 iu

244 1311 396 1362 testatum
416 1321 504 1360 suum
524 1303 645 1376 erigite?
683 1303 825 1360 Protinus
843 1306 952 1361 dexter
970 1321 988 1360 a
1006 1305 1113 1377 capite,
1131 1305 1252 1362 sinister
1271 1323 1290 1362 a
1309 1307 1441 1378 pedibus

286 1389 417 1448 inuoluta
436 1393 573 1448 membra
587 1391 734 1448 extricant
743 1391 763 1448 ⁴.
799 1391 876 1448 Cum
894 1401 995 1449 autem
1011 1410 1085 1465 eger
1101 1393 1293 1461 exclamaret,
1311 1395 1441 1452 sanitate

286 1487 415 1552 recepta,
427 1477 562 1552 singulos
575 1487 695 1536 sanctos
707 1478 838 1536 tumulos
851 1496 923 1536 suos
937 1480 1049 1537 intrare
1061 1481 1259 1554 conspicatur.
1306 1481 1441 1540 Sanctus

284 1574 383 1622 autern
400 1565 589 1639 Augustinus
608 1576 673 1623 erat
690 1566 722 1623 in
739 1567 847 1635 medio,
865 1584 883 1624 a
897 1569 1013 1626 dextris
1028 1577 1150 1626 sanctus
1168 1568 1362 1640 Laurentius,
1376 1581 1408 1628 et
1423 1589 1440 1627 a

284 1653 413 1712 sinistris
426 1665 547 1712 sanctus
561 1653 693 1710 Mellitus
706 1655 875 1728 episcopus.

319 1916 397 1990 [MS.
410 1916 476 1976 Tib.
488 1919 564 1976 adds
577 1918 649 1975 here
662 1936 669 1975 z
806 1915 944 1976 Narratio
953 1917 972 1975 ⁶.

240 2073 268 2128 15
321 2044 388 2114 Illis
400 2057 485 2131 quasi
499 2057 605 2114 diebus
618 2064 739 2114 sanctus
753 2055 864 2114 Paulus
876 2058 1029 2115 leonensis
1043 2058 1204 2133 episcopus
1216 2077 1284 2117 cum
1297 2061 1438 2121 uenisset

281 2146 319 2203 ad
332 2146 455 2202 domum
469 2145 581 2202 sororis
594 2163 649 2202 sue
661 2147 719 2201 deo
732 2145 850 2214 deuote,
863 2163 957 2218 super
968 2146 1039 2203 litus
1053 2148 1146 2204 maris
1162 2148 1319 2205 britannici
1334 2149 1436 2220 sitam,

281 2242 403 2306 rogatus
421 2234 459 2289 ab
478 2251 514 2289 ea
534 2249 655 2306 precem
675 2234 713 2288 ad
732 2233 822 2290 deum
841 2232 916 2289 l'udit
933 2234 1074 2306 quatinus
1091 2245 1200 2293 statuto
1217 2236 1325 2293 lluctus
1342 2240 1437 2296 maris

281 2320 492 2377 coherceretur
513 2321 608 2391 alueo,
628 2329 658 2377 et
680 2329 759 2376 terra
780 2329 882 2393 optata
903 2321 1003 2394 aliquo
1025 2322 1082 2380 sibi
1102 2325 1297 2397 ampliaretur
1321 2328 1436 2398 spacio.

281 2407 418 2481 Cumque
431 2407 529 2465 subito
540 2424 623 2464 mare
635 2409 732 2464 undas
745 2407 909 2476 retrahere,
919 2417 949 2466 et
958 2418 1038 2466 terra
1049 2411 1127 2468 sicca
1135 2429 1283 2486 apparere
1291 2414 1436 2486 cepisset,

237 2515 268 2552 ao
280 2496 319 2553 ab
344 2495 483 2553 oracione
508 2496 621 2569 pan'ter
645 2504 770 2568 surgunt
790 2505 819 2552 et
841 2497 879 2552 ad
899 2497 996 2570 ripam
1016 2500 1170 2556 accedunt.
1206 2499 1292 2557 Tunc
1319 2501 1435 2560 Paulus

280 2583 374 2642 soron‘
391 2585 519 2658 imperat
537 2591 568 2640 ut
587 2583 617 2640 in
636 2584 775 2640 manibus
793 2583 911 2657 lapillos
928 2587 966 2642 ad
984 2587 1077 2643 maris
1090 2587 1257 2660 marginem
1271 2589 1390 2647 delerat
1404 2602 1435 2649 et

279 2670 361 2730 iuxta
374 2671 453 2728 illam
467 2689 523 2745 per
535 2671 706 2745 spaciorum
719 2672 874 2730 interualla
887 2673 1023 2730 dimittat.
1050 2674 1132 2731 Mille
1145 2693 1277 2749 namque
1289 2679 1436 2750 passibus

278 2760 326 2816 uel
340 2759 468 2833 amplius
481 2760 616 2832 persius
634 2762 803 2816 oracionem
820 2769 901 2818 terra
919 2761 1006 2834 aquis
1019 2763 1165 2844 exhausta
1180 2763 1243 2820 luit.
1280 2765 1435 2826 Oracione

278 2865 352 2906 uero
371 2865 464 2921 super
483 2848 579 2921 ripam
597 2848 705 2906 iterum
725 2848 883 2922 completa,
898 2849 1008 2906 Paulus
1027 2852 1064 2907 ad
1084 2867 1168 2907 mare
1186 2869 1352 2910 conuersus
1371 2857 1434 2914 ait:

234 2955 265 3008 ²5
278 2938 286 2966 ‘
297 2935 403 3010 Lapilli
421 2954 497 3010 quos
512 2936 543 2991 in
561 2935 672 2992 linibus
688 2935 747 2992 tuis
763 2936 859 3008 posui,
877 2936 936 2993 sint
954 2939 985 2993 in
1002 2938 1122 3010 signum
1141 2937 1281 2996 interme
1298 2951 1328 2997 et
1341 2951 1380 3012 te,
1400 2954 1433 3000 ut

277 3024 377 3081 denuo
402 3041 555 3097 nunquam
581 3041 634 3080 eos
658 3023 828 3096 transgredi
854 3042 910 3081 nec
935 3024 991 3081 hec
1017 3035 1120 3082 nostra
1141 3027 1290 3083 territoria
1310 3029 1433 3102 ingredi

276 3115 454 3184 presumas!
491 3109 584 3168 Cuius
597 3111 745 3168 sermonis
758 3113 918 3185 imperium
936 3129 1031 3184 usque
1049 3113 1138 3169 hodie
1154 3125 1314 3172 conseruat
1332 3117 1432 3174 horri-

276 3199 349 3256 dum
374 3199 465 3257 maris
489 3199 682 3256 elementum.
728 3199 791 3255 lllis
815 3201 939 3256 domum
964 3200 1113 3272 regressis
1121 3200 1139 3271 ⁸,
1164 3202 1304 3259 uiderunt
1328 3206 1432 3264 subito

276 3287 393 3360 lapillos
406 3287 506 3344 diuina
525 3287 634 3344 uirtute
650 3287 827 3359 columpnas
844 3287 979 3360 lapideas
992 3287 1069 3345 mire
1081 3288 1295 3361 magnitudinis
1313 3290 1429 3366 lactos;

231 3394 263 3446 ³0
275 3383 305 3432 et
318 3374 365 3432 uia
378 3391 468 3448 quam
481 3392 518 3431 eo
530 3375 579 3431 die
592 3392 648 3448 per
660 3373 775 3432 medias
787 3374 854 3430 illas
869 3375 1045 3448 columpnas
1064 3377 1238 3436 incedentes
1254 3387 1431 3452 tenuerunt,

274 3462 385 3534 adlhuc
398 3463 426 3536 a)
441 3461 613 3520 Britonibus
626 3462 747 3520 ‘semita
762 3461 860 3520 Pauli’
871 3463 1017 3520 uocitatur
1025 3463 1057 3537 l]

307 3599 314 3627 ¹
331 3600 384 3652 vn.
398 3600 458 3650 Huc
471 3609 615 3664 perreptus,
627 3608 686 3663 post
698 3599 828 3662 vigilatum
836 3601 955 3651 triduum.
1008 3600 1018 3629 ²
1036 3601 1210 3652 E.xacbeum.
1261 3602 1271 3633 ⁸
1289 3604 1319 3654 E.
1327 3605 1429 3658 salutis.

272 3663 328 3716 ⁴13.
342 3667 486 3717 extricauit.
574 3665 959 3728 tsxvinc.se11.xxt123.
996 3667 1026 3715 ln
1040 3666 1078 3728 E,
1090 3683 1161 3717 same
1173 3670 1287 3719 narratio
1299 3673 1430 3733 precedes

272 3735 299 3784 in
313 3731 339 3782 S.
352 3733 470 3782 ithamar.
537 3730 547 3761 ⁸
562 3731 617 3782 VB.
630 3734 746 3795 Cumque
758 3739 959 3782 reuerterentur.

303 3795 308 3818 ¹
330 3800 430 3850 Collect
441 3801 468 3849 in
480 3799 509 3850 T.
519 3816 525 3850 :

307 3853 341 3917 ln
351 3867 460 3916 transitu
473 3865 553 3916 incliti
563 3865 643 3929 patris
654 3864 788 3913 Laurencii
798 3863 846 3913 celi
855 3863 1021 3914 nobilitantur
1030 3865 1137 3926 gaudiis,
1146 3871 1172 3913 et
1180 3879 1229 3914 uos
1238 3881 1433 3930 prosequamur

270 3933 394 3983 laudibus.
428 3934 487 3982 Aue
499 3931 587 3997 presul
599 3931 695 3991 inclite,
707 3945 756 3978 aue
767 3930 809 3978 dei
821 3931 917 3979 amice:
935 3931 1043 3979 concilia
1059 3931 1133 3980 nobis
1144 3947 1230 3992 regem
1243 3939 1371 3996 nostrum,
1383 3936 1430 3998 qui

270 4005 298 4050 te
310 3999 384 4049 nobis
394 3999 506 4061 prouidit
518 4005 615 4061 patrem
627 3997 704 4059 pium.
739 3995 769 4044 V.
787 3995 855 4045 Ecce
866 3996 988 4044 sacerdos
999 4011 1114 4058 magnus.

306 4057 384 4120 Deus
395 4066 438 4128 qui
449 4065 550 4115 beatum
563 4063 733 4112 laurencium
751 4097 930 4112 ........
950 4069 995 4110 tuo
1007 4063 1194 4124 predicatorem
1205 4061 1296 4113 salutis
1308 4073 1353 4115 ete
1367 4067 1427 4130 rne)

270 4167 428 4183 .......
450 4131 558 4194 (tritbue
570 4144 711 4192 quesumus
722 4135 750 4176 ut
763 4127 805 4189 qui
817 4126 873 4175 eius
885 4129 1157 4177 commemoracionem
1174 4163 1181 4176 .
1200 4166 1207 4178 .
1227 4166 1234 4178 .
1252 4165 1259 4178 .
1277 4165 1284 4178 .
1304 4168 1311 4181 .
1330 4169 1337 4182 .
1370 4133 1427 4183 eius

269 4197 381 4264 meri)tis
392 4203 419 4246 et
429 4197 547 4261 precibus
558 4212 574 4245 a
584 4201 747 4258 peccatorum
761 4195 932 4258 (nostrorum)
949 4230 956 4244 .
976 4230 983 4244 .
1001 4233 1007 4245 .
1026 4231 1032 4243 .
1049 4195 1158 4244 nexibus
1168 4194 1201 4243 ab
1202 4229 1312 4247 .....
