3036 4878
248 220 318 310 718
664 213 868 316 appennis
895 213 972 292 111.

244 419 315 476 bunt
327 419 438 474 labores
450 417 499 485 tui,
512 427 540 474 et
553 417 730 490 recuperabis
742 417 771 473 in
783 417 889 473 honore
905 425 934 473 et
950 415 1039 487 gloria
1050 431 1168 486 regnum
1180 414 1279 471 tuum!
1316 415 1411 470 Dum

245 513 361 559 sanctus
375 503 532 558 Guthlacus
545 502 598 558 ista
609 511 788 572 proponeret,
800 501 868 557 dum
879 501 966 556 etiam
984 499 1010 556 ei
1023 499 1132 555 dierum
1145 515 1259 555 suorum
1271 499 1410 568 longim-
1500 559 1501 562 Ἴ

245 585 340 641 dinem
359 585 472 656 uiteque
491 601 541 640 sue
559 584 673 640 finalem
690 595 805 652 metam,
818 593 849 640 et
865 585 922 640 alia
939 601 995 655 que
1012 593 1131 640 uentura
1146 593 1237 650 eram,
1256 583 1340 654 quasi
1364 583 1409 638 ad

245 669 357 724 oculum
365 669 529 734 declararet,
538 669 737 724 AEthelhaldus
748 669 788 724 ait
801 686 808 723 ε
828 667 937 734 ‘Palen
949 667 1105 724 cuiusmodi
1118 665 1229 736 signnm
1240 667 1297 720 das
1308 665 1407 720 michi
1500 693 1501 708 2

215 752 320 824 squod
339 753 392 808 bec
409 751 504 808 omnia
522 768 573 822 pro
591 761 668 808 cetto
683 751 814 807 muniant
830 762 861 808 ut
874 750 1005 807 dixistii’
1044 751 1095 806 Ille
1112 759 1207 805 autem
1224 748 1405 820 respondit:

246 833 381 905 ‘Signum
394 844 423 890 et
436 834 570 891 indicium
583 834 634 890 tibi
653 835 708 890 hoc
725 834 779 891 erit
795 835 862 906 quia
878 833 925 890 die
943 833 1068 889 munna
1080 844 1145 890 ante
1162 835 1263 888 horam
1274 832 1407 889 terciam

243 917 418 975 habitatores
430 919 513 974 huius
525 918 579 974 loci
595 917 665 974 citra
682 935 761 989 spem
777 935 874 973 eorum
888 917 966 974 uberi
984 917 1182 972 alimentorum
1200 915 1407 972 consolatione

244 1001 424 1071 gaudebunt·
462 1001 549 1058 Dedit
561 1001 692 1057 dominus
704 999 767 1056 uoci
786 1001 847 1058 eius
862 1017 962 1056 uocem
975 999 1095 1069 uirtutis,
1107 1009 1193 1071 atque
1209 999 1284 1054 beati
1299 999 1406 1055 Guth-

245 1083 298 1140 laci
317 1101 474 1141 sermonem
492 1085 608 1140 effectus
627 1085 762 1156 impleuit.
799 1083 932 1156 Sequenti
949 1085 1027 1140 enim
1047 1084 1094 1140 die
1115 1081 1244 1139 homines
1263 1082 1403 1154 quidam,

200 1181 232 1222 ιο
244 1167 438 1238 preuenientea
462 1169 561 1224 horam
585 1167 709 1236 terciam,
729 1167 841 1238 signum
861 1167 891 1223 in
912 1177 993 1238 portu
1013 1168 1133 1238 pulsant,
1148 1177 1178 1222 et
1199 1165 1401 1236 ingredientes

243 1253 381 1318 cellulam,
407 1269 470 1307 eam
495 1251 686 1306 habitantibus
712 1251 839 1306 cibomm
863 1251 968 1306 solacia
992 1251 1135 1322 insperata
1158 1249 1236 1304 uberi
1260 1249 1401 1318 largitate

244 1345 414 1405 presentant.
449 1335 536 1404 Quod
557 1333 731 1405 conspiciens
750 1333 948 1390 AEtbelbaldus
968 1335 1025 1390 deo
1042 1333 1153 1404 graciae
1170 1331 1236 1402 egit,
1256 1342 1344 1403 atque
1366 1331 1401 1387 in

245 1417 349 1474 Christi
368 1417 431 1484 lide,
443 1428 472 1473 et
487 1433 617 1472 sermone
632 1417 707 1473 beati
726 1417 858 1474 Gutblaci
872 1417 998 1488 spiritum
1010 1417 1089 1487 prius
1105 1415 1285 1471 vacillantem
1297 1415 1328 1470 in
1341 1431 1401 1486 spe

243 1511 272 1556 et
297 1501 400 1556 fiducia
424 1500 567 1558 stabiliuit.
604 1502 668 1556 Nec
691 1518 779 1568 mora,
803 1501 874 1557 deus
898 1511 1127 1573 persequutorem
1151 1499 1212 1556 eius
1235 1499 1273 1554 de
1296 1499 1400 1555 medio

201 1590 231 1642 tt
244 1583 365 1648 abstulit,
379 1582 574 1640 exterminauit
586 1583 715 1640 inimicos
726 1584 804 1652 eius;
823 1601 947 1654 suosque
962 1594 1042 1640 actus
1059 1591 1088 1638 et
1104 1581 1222 1638 condlia
1240 1581 1399 1651 magnifice

243 1667 425 1738 prosperauit.
462 1669 500 1722 Et
513 1677 627 1723 sanctus
640 1677 735 1722 noster
747 1677 776 1721 vt
792 1666 961 1723 inueniretur
975 1667 1114 1737 propheta
1126 1665 1225 1734 fidelis,
1237 1675 1399 1736 antequam

243 1749 387 1808 biennium
401 1749 562 1819 effluxisset,
574 1750 777 1821 plenitudinem
788 1751 864 1821 regie
876 1749 1024 1821 potestatis
1037 1749 1165 1820 optinuit.

362 1881 412 1936 Da
429 1891 564 1944 Quonarr
582 1891 711 1936 uouma
729 1891 771 1934 na
790 1891 968 1936 raoumcn
984 1879 1081 1948 wisa,
1099 1889 1155 1944 Qut
1174 1889 1276 1934 ursuni

633 1975 835 2019 Minaeumsa
854 1975 997 2020 Rucuma.

312 2063 367 2118 Rat
389 2061 588 2134 paterfamilias
607 2063 722 2133 quidam
742 2063 771 2118 in
791 2063 935 2134 mouincia
950 2058 1058 2128 Μειῑ,
1074 2062 1153 2118 cuius
1171 2061 1244 2116 oculi
1264 2061 1321 2116 mm
1341 2078 1396 2131 per

346 2163 450 2201 annum
469 2145 665 2216 caligauerant.
702 2148 857 2218 Vtramque
873 2146 950 2202 enim
966 2145 1102 2218 pupillam
1118 2145 1219 2214 albugo
1236 2146 1345 2200 macule
1362 2157 1395 2201 et

199 2245 231 2282 ro
243 2231 333 2285 nubm
345 2229 506 2285 obduxerat.
545 2229 674 2284 Priuatus
685 2247 752 2298 ergo
764 2230 840 2285 omni
852 2229 990 2286 mneside
1002 2229 1089 2298 uisus,
1101 2227 1223 2298 panna
1235 2227 1393 2284 instantius

243 2312 281 2369 ad
293 2313 367 2368 beati
382 2311 513 2369 Gutblaci
525 2311 691 2368 memoriam
707 2313 781 2368 duci.
817 2313 863 2368 Ab
881 2313 978 2368 amicis
994 2313 1090 2383 itaque
1107 2313 1216 2378 ductus,
1231 2321 1259 2366 et
1273 2311 1302 2366 in
1315 2311 1393 2368 beati

244 2397 376 2453 Guthlaci
394 2397 523 2452 cellulam
543 2397 725 2464 introductus,
740 2415 759 2452 a
776 2395 927 2452 uenerabili
944 2395 1052 2467 uirgine
1068 2397 1143 2466 Pega
1161 2395 1236 2452 beati
1255 2395 1390 2452 Guthlaci

244 2495 338 2534 sorore
357 2479 476 2548 benigne
489 2479 644 2548 suscipitur.
681 2480 733 2534 llla
747 2495 814 2535 uero
831 2479 972 2534 modicum
989 2480 1065 2548 salis,
1078 2479 1232 2534 consecrati
1246 2479 1392 2549 quondam
1500 2535 1501 2538 ,

242 2579 261 2616 a
273 2562 356 2617 beato
369 2562 509 2617 Guthlaco
521 2561 675 2630 inueniens,
688 2564 716 2618 in
729 2580 832 2634 aquarn
848 2562 1027 2618 benedictam
1040 2561 1108 2619 rasit
1118 2573 1148 2618 et
1159 2562 1281 2618 miscuit.
1317 2563 1392 2618 Cum

199 2663 230 2714 ³5
244 2661 310 2702 uero
325 2661 427 2717 aquam
443 2645 503 2700 eius
520 2645 608 2701 oculis
621 2645 817 2718 instil[l]asset,
829 2647 875 2702 ille
892 2646 983 2702 uisum
1000 2657 1110 2702 remota
1124 2647 1202 2701 omni
1219 2645 1392 2702 obscuritate

243 2729 356 2800 recepit.
394 2729 514 2801 Deoque
534 2730 644 2800 gracias
662 2747 758 2801 egens,
778 2729 806 2784 in
825 2729 916 2786 reditu
936 2729 994 2785 suis
1017 2729 1181 2786 ductoribus
1203 2729 1305 2785 ductor
1329 2729 1388 2786 luit.

244 2812 325 2883 Cepit
336 2829 405 2884 ergo
417 2813 495 2869 locus
507 2813 553 2868 ille
565 2813 813 2869 innumerabilibus
831 2815 997 2870 choruscare
1009 2813 1158 2868 miraculis.
1195 2813 1304 2868 Omnes
1315 2813 1391 2870 enim

243 2897 291 2967 qui
313 2897 378 2951 illuc
398 2897 426 2950 in
449 2897 505 2953 fide
526 2897 630 2953 Christi
654 2907 682 2953 et
702 2896 871 2954 sanctissimi
893 2897 1062 2954 confessoris
1086 2897 1247 2953 reuerencia
1270 2897 1309 2952 de
1331 2897 1389 2953 suis

244 2979 458 3036 necessitatibus
478 2981 611 3050 petebant
630 2979 763 3048 remedia,
783 2981 826 3036 sui
847 2981 905 3036 uoti
927 2979 1133 3052 plenitudinem
1157 2979 1332 3052 optinebant.
1352 2981 1392 3040 ad

200 3082 231 3134 30
243 3061 355 3118 laudem
367 3073 396 3118 et
407 3062 526 3132 gloriam
538 3063 685 3120 saluatoris
698 3061 719 3118 ¹.

535 3195 585 3249 Da
603 3205 837 3250 uuurrrcaucra
856 3195 1073 3249 AEraaumum
1082 3190 1103 3250 ⁸.

297 3291 361 3342 Ane
375 3287 488 3345 deuotio
499 3306 583 3360 quam
596 3289 794 3345 AEthelbaldus
809 3307 858 3344 rex
873 3289 911 3345 ad
927 3289 1040 3344 beatum
1058 3289 1229 3345 Guthlacum
1244 3288 1386 3346 uiuentem

332 3370 475 3436 habuerat,
489 3389 542 3427 nec
553 3381 643 3427 morte
656 3371 728 3428 illius
746 3371 859 3444 torpuit,
872 3389 925 3428 nec
941 3372 1030 3443 tepuit
1047 3370 1229 3428 diuturnitate
1245 3373 1387 3444 temporis,

243 3471 296 3510 nec
318 3453 449 3524 potencie
472 3455 573 3524 regalis
597 3455 749 3526 adeptione
773 3456 903 3511 cessauit.
950 3457 996 3512 Ne
1019 3472 1086 3526 ergo
1110 3455 1386 3529 beneficiorumque

243 3554 261 3594 a
274 3546 371 3594 sancto
383 3549 525 3607 receperat
538 3537 688 3593 baberetur
700 3538 834 3607 ingratus,
847 3538 996 3594 ecclesiam
1013 3539 1073 3594 eius
1084 3539 1164 3606 adiit,
1176 3555 1305 3610 canique,
1319 3541 1386 3596 sicut

199 3639 229 3692 35
243 3623 327 3678 beato
347 3621 486 3676 Guthlaco
510 3622 679 3693 quandoque
704 3621 880 3692 promiserat,
904 3621 989 3692 regiis
1014 3621 1210 3692 largitionibus
1234 3621 1385 3694 ampliauit.

245 3705 392 3762 Concessit
404 3715 499 3760 autem
511 3704 572 3760 uiro
584 3704 630 3759 dei
643 3716 674 3760 et
681 3705 889 3761 successoribus
897 3705 957 3761 eius
964 3705 1131 3773 absolutam,
1140 3705 1259 3760 liberam
1271 3714 1301 3762 et
1313 3707 1384 3777 quie·

243 3799 302 3845 tam
313 3789 386 3844 illius
401 3789 489 3844 insule
501 3787 685 3844 mansionem.
732 3789 805 3844 lllud
818 3788 904 3844 etiarn
917 3788 1113 3844 munificencia
1121 3787 1199 3858 regie
1216 3787 1384 3845 liberalitatis

243 3871 345 3928 adiecit
365 3882 394 3928 ut
415 3872 474 3926 iure
494 3880 628 3942 perpetuo
647 3881 675 3926 et
696 3871 863 3927 inconcussa
883 3871 1060 3942 possessione
1084 3869 1242 3942 optinerent
1267 3872 1383 3944 quinque

243 3955 362 4010 miliaria
374 3955 495 4024 regionis
507 3955 581 4010 illius
599 3955 637 4010 ad
654 3955 800 4023 orientem,
819 3954 849 4010 id
866 3965 908 4010 est
926 3973 1015 4026 usque
1034 3956 1073 4011 ad
1086 3955 1163 4010 [ossa
1203 3972 1258 4026 que
1274 3967 1383 4012 uocatur

197 4059 231 4111 40
243 4039 375 4105 Asendic,
388 4049 417 4094 et
429 4039 481 4093 tria
493 4039 531 4093 ad
543 4039 728 4106 occidentem,
740 4037 864 4109 quinque
877 4057 944 4095 uero
956 4039 993 4094 ad
1010 4039 1165 4106 meridiem,
1177 4048 1206 4093 et
1219 4037 1341 4111 quinque
1350 4039 1382 4095 ud

277 4131 286 4160 ¹
303 4133 353 4183 l‘el.
366 4133 464 4193 Wisaa;
479 4149 536 4182 now
549 4133 690 4183 Wisbeach.
968 4133 979 4162 ¹
995 4135 1063 4184 Here
1074 4133 1136 4184 ends
1147 4134 1227 4184 Felix.

276 4195 341 4248 'Ch
358 4197 490 4248 Ordericns
509 4199 601 4248 Vitalis
620 4199 717 4263 (Migne
738 4198 792 4259 188,
809 4197 869 4262 361)
886 4199 944 4249 who
961 4199 1055 4252 derives
1070 4199 1110 4250 his
1126 4207 1231 4250 account
1248 4207 1294 4250 ‘ex
1309 4197 1380 4249 reieci

243 4259 364 4311 relatione
376 4263 484 4327 Anagoti
496 4263 660 4328 subprioris'5
676 4264 727 4314 and
740 4263 808 4316 Hist.
821 4265 930 4331 Ingulfii.
