3044 4894
273 280 320 352 28
584 277 715 365 nictu
740 272 930 378 limma
954 271 1108 378 flnssiit.

273 477 391 536 illorum
411 475 533 536 celestia
557 476 702 534 miracula
725 475 894 535 defuerunt.
940 475 1017 534 Nam
1042 495 1110 534 curn
1135 485 1293 552 perempta
1316 487 1428 533 eorum

273 583 400 639 corpora
416 565 498 622 amni
507 565 525 637 ¹,
541 573 574 622 vt
591 556 731 633 diximus,
742 582 761 621 a
779 565 904 638 paganis
922 565 1031 623 iniecta
1048 575 1161 634 essent,
1177 565 1299 638 contigit
1315 574 1348 621 vt
1367 564 1428 620 hec

272 664 377 712 contra
398 653 543 725 impetum
562 652 645 709 lluuii
663 653 859 720 decurrentia,
880 671 937 726 per
957 653 1153 726 quadraginta
1172 653 1235 710 iere
1254 651 1335 708 milia
1353 669 1428 724 pas·

274 757 362 798 suum
381 741 419 796 ad
436 758 472 798 ea
484 757 579 814 usque
595 741 662 797 loca
673 740 723 797 vbi
735 739 854 796 illorum
867 750 953 798 erant
968 740 1049 810 socii,
1062 740 1297 798 transferrentur
1304 739 1323 796 ¹.
1360 737 1429 796 Sed

246 848 260 898 5
274 838 304 886 et
322 829 424 885 radius
440 828 515 885 lucis
531 828 737 901 permaximus
753 837 843 900 atque
860 829 898 884 ad
914 829 1011 885 celum
1024 845 1119 902 usque
1137 828 1215 884 altus
1233 827 1316 884 omni
1334 835 1429 882 nocte
1512 817 1513 820 '

274 933 367 988 supra
380 917 477 972 locum
491 915 575 973 illurn
588 916 728 990 fulgebat,
738 915 828 972 etiarn
841 917 966 989 paganis
977 915 1028 989 qui
1041 933 1095 973 eos
1106 915 1275 972 occiderant
1285 913 1430 972 intuenti·

274 1005 339 1060 bus.
384 1003 446 1061 Sed
465 1013 495 1060 et
512 1021 591 1061 vnus
609 1021 649 1060 ex
667 1003 760 1060 eisin
779 1002 896 1060 visione
917 1013 1065 1060 nocturna
1085 1003 1223 1076 apparuit
1244 1002 1362 1058 cuidam
1387 1003 1431 1058 de

275 1091 363 1148 sociis
376 1091 423 1148 cui
437 1107 548 1148 nomen
560 1099 625 1148 erat
636 1089 765 1159 Tilmon,
777 1090 830 1163 qui
845 1091 884 1146 dc
902 1091 995 1148 milite
1012 1090 1106 1148 lactus
1125 1090 1222 1148 suerat
1240 1089 1430 1158 monachus;

275 1179 411 1237 indicans
428 1180 508 1252 quod
528 1196 564 1236 eo
580 1179 646 1234 loco
664 1195 768 1235 eorum
787 1187 891 1250 posset
909 1195 1035 1252 corpora
1051 1177 1188 1235 inuenire
1206 1177 1256 1234 vbi
1271 1176 1369 1233 lucem
1388 1178 1432 1234 de

232 1281 263 1319 ro
275 1268 340 1324 celo
361 1267 451 1323 terris
475 1265 609 1325 radiasse
633 1265 829 1340 conspiceret.
878 1264 989 1339 Sicque
1013 1265 1135 1324 inuenta
1160 1281 1264 1322 eorum
1289 1281 1431 1337 corpora,

276 1354 359 1410 iuxta
377 1354 523 1410 honorem
542 1353 726 1426 martyribus
743 1352 925 1426 condignum
944 1353 1098 1410 recondita
1116 1362 1203 1424 sunt;
1222 1361 1253 1410 et
1271 1353 1337 1409 dies
1356 1369 1431 1424 pas·

276 1441 370 1498 sionis
384 1442 432 1498 vel
453 1441 635 1496 inuentionis
653 1457 757 1496 eorum
776 1457 908 1514 congrua
926 1440 985 1498 illis
1003 1441 1034 1498 in
1054 1441 1126 1498 locis
1139 1439 1331 1498 veneratione
1348 1440 1430 1496 cele·

276 1529 387 1585 bratur.
433 1527 572 1601 Denique
593 1527 829 1602 gloriosissimus
850 1529 912 1584 dux
936 1527 1120 1585 Francorum
1144 1527 1278 1601 Pipinus,
1296 1527 1346 1584 vbi
1369 1527 1431 1584 hec

277 1615 433 1689 comperit,
446 1615 535 1684 misit,
547 1624 578 1672 et
595 1617 633 1672 ad
650 1633 684 1672 se
700 1615 827 1672 adducta
844 1632 949 1672 corum
967 1633 1093 1690 corpora
1106 1615 1239 1673 condidit
1250 1631 1319 1671 cum
1332 1614 1431 1671 multa

235 1720 263 1772 ¹5
278 1704 372 1777 gloria
388 1703 418 1759 in
432 1702 559 1760 ecclesia
571 1703 694 1760 Colonie
709 1702 835 1760 ciuitatis
854 1703 936 1759 iuxta
952 1703 1080 1762 Renum.
1119 1703 1226 1760 Fertur
1243 1712 1343 1760 autem
1356 1701 1431 1774 quia

278 1791 308 1847 in
321 1791 386 1847 loco
398 1809 458 1864 quo
471 1789 560 1848 occisi
577 1799 646 1848 sunt
663 1791 731 1848 fons
748 1790 904 1862 ebullierit,
917 1790 968 1865 qui
985 1791 1016 1848 in
1028 1791 1136 1850 eodem
1150 1792 1215 1848 loco
1226 1808 1323 1864 vsque
1335 1789 1430 1848 hodie

278 1879 399 1952 copiosa
411 1879 515 1936 fluenti
528 1879 575 1936 sui
587 1879 667 1936 dona
678 1877 831 1953 perfundit
838 1878 857 1935 ⁸.

279 2055 358 2128 [MS.
370 2055 405 2113 T.
418 2056 511 2114 adds:
764 2053 929 2113 Narratio⁴.

315 2181 424 2254 Senex
439 2194 560 2268 quidam
579 2203 644 2252 erat
662 2192 812 2250 solitarius
829 2193 859 2249 in
875 2169 1002 2252 heremo
1014 2202 1044 2252 et
1058 2194 1174 2251 dicebat
1186 2193 1216 2250 in
1230 2211 1263 2250 se
1277 2191 1343 2266 ipso
1356 2193 1431 2265 quia

279 2282 430 2357 perfectus
449 2291 532 2339 esset
550 2281 580 2337 in
599 2281 767 2349 uirtutibus,
786 2291 817 2338 et
835 2281 932 2338 orauit
950 2282 1106 2341 dominum
1125 2281 1247 2339 dicens:
1273 2279 1432 2338 ‘Ostende

235 2387 266 2422 ao
280 2369 378 2439 michi,
389 2369 519 2440 domine,
530 2367 606 2442 que⁶
618 2377 665 2426 est
679 2367 826 2441 perfeccio
836 2368 943 2436 anime,
954 2378 984 2426 et
994 2369 1085 2428 facio!
1116 2369 1230 2427 Volens
1240 2375 1340 2426 autem
1352 2369 1432 2426 deus

279 2456 438 2514 humiliare
450 2454 648 2530 cogitaciones
661 2457 734 2526 eius,
747 2457 822 2513 dixit
831 2456 876 2514 ei:
892 2457 992 2513 ‘Vade
1001 2459 1038 2514 ad
1052 2457 1313 2514 archimandritam
1325 2457 1431 2514 illum!

280 2543 318 2600 Et
340 2545 421 2600 uenit
442 2546 470 2602 ei
489 2562 550 2601 uox
568 2553 728 2616 antequam
750 2543 800 2601 ille
818 2546 856 2602 ad
878 2561 948 2602 eum
967 2544 1092 2615 ueniret,
1113 2545 1233 2602 dicensi
1261 2544 1356 2600 ‘Ecce
1378 2544 1432 2601 ille

279 2631 429 2688 solitarius
442 2631 523 2689 uenit
535 2633 573 2688 ad
586 2641 616 2688 te
627 2651 634 2702 ;
648 2631 695 2688 dic
705 2649 778 2704 ergo
790 2632 818 2689 ei
831 2642 863 2689 ut
876 2633 958 2689 tollat
970 2631 1123 2705 flagellum
1136 2641 1167 2690 et
1178 2633 1268 2690 uadat
1280 2640 1311 2688 ut
1324 2643 1432 2705 pascat

278 2719 332 2776 tibi
345 2721 470 2792 porcos.¹
508 2718 642 2776 Veniens
659 2736 731 2792 ergo
748 2737 844 2776 senex
861 2720 991 2793 pulsauit
1008 2721 1046 2777 ad
1065 2721 1203 2791 hostium,
1223 2729 1253 2777 et
1271 2719 1433 2793 ingressus

235 2824 265 2874 ²5
280 2816 325 2864 est
343 2808 382 2863 ad
401 2806 664 2864 archimandritam
682 2807 774 2863 illum.
813 2807 935 2864 Etcum
954 2825 987 2865 se
999 2809 1189 2880 salutassent,
1202 2809 1352 2865 sederunt.
1393 2807 1434 2865 Et

280 2894 355 2952 dixit
367 2912 479 2952 senex:
500 2894 573 2951 ‘Dic
592 2894 683 2951 michi
701 2893 771 2967 quid
789 2894 895 2952 saciarn
912 2906 944 2952 ut
959 2895 1017 2952 sim
1030 2896 1148 2954 saluus?
1186 2895 1223 2952 Et
1236 2895 1304 2952 ille:
1325 2895 1434 2954 ‘Tolle

280 2982 432 3056 flagellum
451 2992 481 3038 et
501 2984 578 3040 uade
599 2999 690 3055 pasce
712 2986 836 3054 porcos!
882 2983 935 3040 liii
953 2993 1053 3040 autem
1072 2983 1122 3056 qui
1141 3000 1211 3040 curn
1230 2993 1378 3040 nouerant
1401 2994 1434 3040 et

279 3071 435 3128 audierant
454 3072 492 3128 de
511 3089 556 3139 eo,
569 3087 637 3126 cum
656 3069 803 3128 uidissent
819 3070 888 3142 quia
905 3089 1012 3144 porcos
1027 3080 1172 3145 pasceret,
1185 3071 1341 3128 dicebant:
1362 3069 1434 3126 ‘Vi-

280 3158 367 3215 distis
379 3159 464 3215 illum
476 3158 642 3215 solitarium
655 3158 693 3214 de
706 3175 765 3231 quo
782 3158 996 3216 audiebamus?
1014 3177 1084 3216 ecce
1101 3158 1231 3233 desipuit
1247 3175 1299 3214 cor
1311 3158 1389 3229 eius,
1402 3169 1434 3215 et

235 3263 268 3314 30
281 3263 299 3304 a
312 3246 453 3303 demonio
465 3255 593 3303 uexatus
605 3245 700 3320 pascit
713 3247 839 3320 porcos!
876 3245 992 3303 Videns
1005 3255 1104 3303 autern
1119 3246 1217 3317 [deus]
1231 3244 1434 3303 humilitatem

281 3333 356 3405 eius,
369 3335 438 3406 quia
454 3332 494 3390 ita
506 3333 660 3406 pacienter
675 3332 841 3390 sustinebat
854 3333 1015 3406 obprobria
1032 3333 1195 3404 hominum,
1208 3333 1344 3407 precepit
1359 3351 1432 3391 eum

281 3422 388 3479 iterum
413 3420 512 3478 redire
536 3422 574 3477 ad
598 3421 696 3477 locum
722 3437 819 3478 suum.
902 3409 1013 3478 ‘Dixit
1037 3421 1159 3495 quidam
1184 3438 1296 3478 senex:
1334 3421 1434 3480 ‘Cum

281 3508 423 3582 cogitacio
448 3509 590 3581 superbie
615 3517 666 3565 aut
691 3507 834 3566 elacionis
862 3508 1027 3580 intrauerit,
1051 3517 1186 3566 scrutare
1210 3507 1434 3566 conscienciam

281 3605 365 3653 tuam
381 3596 408 3652 si
425 3595 527 3652 diuina
540 3596 682 3653 mandata
694 3597 796 3652 omnia
809 3598 964 3654 custodisti
972 3597 991 3666 ⁷,
1008 3596 1034 3653 si
1048 3597 1185 3653 inimicos
1200 3605 1268 3653 tuos
1281 3594 1392 3668 diligis,
1408 3597 1436 3654 si

237 3707 267 3757 35
281 3686 395 3758 gaudes
408 3684 438 3740 in
452 3683 618 3740 aduersarii
628 3683 671 3740 tui
679 3684 899 3758 glorificacione
909 3693 939 3742 et
951 3683 977 3742 si
990 3684 1175 3742 contristaris
1183 3682 1214 3739 in
1228 3683 1435 3743 minoracione

282 3773 356 3840 eiua,
369 3781 399 3828 et
412 3771 438 3828 si
451 3771 607 3844 cognoscis
623 3781 652 3829 te
669 3771 805 3828 inutilem
823 3790 954 3843 seruum,
967 3772 1035 3830 etsi
1051 3771 1185 3828 omnium
1198 3778 1390 3844 peccatorum
1404 3781 1436 3830 te

282 3859 463 3918 deteriorem
484 3876 553 3917 esse
573 3860 668 3920 scias:
696 3859 765 3933 quia
789 3861 961 3918 huiusmodi
984 3860 1127 3934 cogitacio
1147 3868 1199 3916 tua
1218 3857 1361 3916 uniuersa
1386 3877 1436 3916 re·

282 3949 408 4020 soluet.’]

316 4087 369 4138 ¹T.
384 4087 479 4150 ampni.
593 4086 650 4139 ²E.
663 4089 858 4139 transferentur.
957 4087 1220 4150 ³Bed.protundat.
1319 4083 1436 4138 ⁴From

282 4153 334 4204 vit.
348 4154 415 4205 Patr.
428 4157 484 4217 963.
550 4153 607 4205 ⁵V.
617 4155 646 4204 P.
659 4155 727 4216 quid.
794 4154 972 4220 ‘etium
1038 4153 1135 4205 'V.P.
1148 4151 1270 4204 custodis.
