3042 4884
425 297 499 390 Di
523 295 685 386 &811fo
712 295 913 385 liflissiflilfl.
1166 319 1236 388 223

84 507 221 555 uentum:
250 499 423 572 eodemque
451 507 604 555 momento
631 497 776 570 temporis
802 507 832 554 et
859 497 1068 570 cogitationem
1099 495 1238 571 deposuit

85 593 111 640 et
128 587 274 658 ymbrem
295 585 462 658 suspendit.
536 572 647 641 Plures
666 585 780 641 interea
799 595 860 642 tam
880 586 996 642 nobiles
1015 601 1104 658 quam
1123 585 1237 641 medio-

85 689 155 740 cres,
174 673 259 729 filios
279 690 352 730 suos
370 673 436 728 viro
454 682 557 729 sancto
575 672 669 729 sacris
691 672 785 729 literis
805 675 926 730 tradunt
946 673 1141 730 imbuendos:
1162 690 1238 745 quos

85 759 206 816 scientia
226 761 395 830 erudiebat,
414 759 548 816 moribus
564 759 752 830 informabat,
768 760 879 817 salubri
898 761 1054 834 disciplina
1071 761 1141 817 vitia
1157 778 1238 817 coer-

85 865 163 916 cens,
173 849 290 918 sobrie,
302 847 360 921 pie,
373 857 404 904 et
416 847 494 904 iuste
503 847 605 904 viuere
614 847 780 905 insinuans,
844 837 983 920 Deliquit
992 849 1151 921 aliquando
1160 865 1238 904 vnus
1252 859 1266 910 5

84 951 121 990 ex
141 926 306 1008 discipulis
324 935 420 992 sancti
438 935 502 1004 viri,
522 946 552 992 et
570 935 680 992 timens
699 935 895 1008 disciplinam,
916 935 1000 1009 [fugit
1020 936 1081 1008 et]l
1100 937 1239 992 baculum

85 1023 176 1078 sancti
190 1024 260 1092 viri,
275 1023 323 1080 cui
340 1023 455 1080 solebat
466 1022 561 1094 inniti,
575 1040 678 1079 secum
691 1033 845 1097 asportare
859 1041 919 1079 non
932 1023 1037 1080 timuit.
1075 1023 1112 1079 Et
1125 1026 1240 1080 intrans

86 1111 243 1180 paruulam
253 1111 431 1179 nauiculam,
442 1110 539 1167 ventis
549 1110 730 1166 irruentibus
739 1111 823 1183 quasi
832 1111 930 1168 subito
938 1111 1056 1185 longius
1064 1111 1095 1167 in
1105 1111 1180 1167 mari
1188 1113 1240 1167 de-

87 1197 200 1266 ductus,
210 1199 288 1270 quid
299 1207 410 1271 ageret,
419 1216 478 1270 quo
490 1197 548 1270 [se]
556 1197 566 1230 ¹
575 1207 705 1254 verteret
718 1198 867 1271 ignorans,
877 1199 908 1254 in
923 1217 956 1255 se
970 1216 1112 1255 reuersus
1125 1209 1240 1255 reatum

87 1285 257 1356 confitetur,
265 1288 386 1343 veniam
395 1287 535 1358 postulat,
548 1284 666 1341 Niniani
677 1287 788 1342 sanctis
798 1285 914 1343 meritis
924 1286 1057 1343 diuinum
1068 1285 1123 1342 sibi
1132 1287 1240 1342 adesse
1256 1300 1286 1334 10

87 1371 230 1430 auxilium
255 1384 405 1446 precatur.
443 1373 479 1429 ln
500 1391 561 1428 vno
586 1373 766 1430 foraminum
791 1375 928 1431 baculum
954 1373 1088 1446 episcopi
1109 1374 1191 1431 fixit:
1212 1384 1242 1430 et

88 1476 156 1516 mox
179 1463 221 1518 ad
246 1461 347 1517 baculi
365 1471 475 1517 tactum
496 1469 605 1517 ventus
627 1462 665 1517 ab
687 1463 801 1518 oriente
824 1479 975 1534 exurgens
994 1462 1162 1519 nauiculam
1181 1461 1242 1518 leui

88 1548 175 1617 pulsu
184 1549 337 1621 portabat.
356 1548 570 1621 Baculus⁸pro
580 1549 647 1604 velo
657 1560 781 1606 ventum
789 1549 966 1622 excipiebat,
975 1566 1031 1623 pro
1040 1551 1242 1622 gubernaculo

89 1650 196 1692 nauem
210 1637 346 1709 regebat.
385 1635 422 1692 Et
438 1638 607 1692 ascendens
622 1636 799 1692 adolescens
814 1638 845 1692 in
859 1647 980 1708 terram,
994 1637 1088 1694 sancti
1104 1637 1242 1694 baculum

90 1721 117 1776 in
130 1723 233 1782 littore
247 1724 321 1791 fixit,
335 1741 445 1796 rogans
462 1724 553 1780 deum
568 1733 600 1780 vt
619 1723 649 1780 in
669 1723 874 1780 testimonium
891 1725 964 1780 tanti
981 1725 1124 1794 miraculi,
1140 1724 1242 1781 missis
1259 1737 1287 1787 15

91 1809 241 1868 radicibus
274 1812 461 1883 humoreque
487 1821 590 1868 contra
620 1821 758 1868 naturam
783 1823 905 1885 recepto
931 1830 1033 1869 ramos
1061 1812 1242 1884 frondesque

91 1899 280 1968 produceret.
318 1899 380 1956 Nec
401 1917 494 1966 mora,
510 1899 623 1972 lignum
640 1899 756 1955 aridum
776 1899 922 1972 porrectis
941 1899 1098 1966 radicibus,
1116 1909 1145 1955 et
1165 1918 1243 1956 nouo

92 2002 123 2041 se
139 1987 253 2044 cortice
270 1986 412 2055 vestiens,
430 1986 553 2044 frondes
570 2005 730 2060 ramosque
747 1987 896 2060 produxit,
912 1989 961 2043 et⁴
979 1987 1009 2042 in
1027 1988 1165 2044 arborem
1183 2005 1243 2043 non

92 2073 241 2132 modicam
259 2092 410 2145 crescenS,
423 2074 562 2132 virtutem
582 2075 701 2131 Niniani
719 2077 808 2132 etiarn
825 2093 904 2133 nunc
921 2074 1033 2132 cunctis
1050 2075 1244 2132 cernentibus

92 2162 240 2232 patefacit.
277 2163 426 2219 Adiicitur
446 2163 570 2235 insuper
590 2163 734 2220 miraculo
756 2163 949 2221 miraculum:
969 2180 1040 2220 nam
1056 2165 1094 2220 ad
1114 2163 1244 2219 radicem
1259 2180 1290 2215 πο

93 2250 207 2309 arboris
236 2251 305 2308 fons
332 2251 476 2324 limpidus
506 2268 670 2324 erumpens
700 2251 830 2307 riuulum
861 2253 950 2308 ductu
980 2251 1105 2324 longiori
1136 2251 1244 2321 emisit,

94 2335 223 2396 infirmis
242 2340 283 2395 ob
301 2339 396 2396 sancti
413 2337 519 2395 merita
534 2339 637 2395 vtilem
658 2347 688 2394 et
707 2339 867 2395 salubrem.
943 2327 1018 2396 Hiis
1036 2348 1125 2412 atque
1145 2339 1245 2395 huius-

96 2426 174 2482 modi
205 2426 359 2483 miraculis
390 2429 495 2484 beatus
520 2425 668 2483 Ninianus
699 2425 874 2483 mirabiliter
899 2425 1026 2498 fulgens,
1052 2445 1086 2484 ac
1117 2427 1245 2484 summis

96 2512 256 2571 virtutibus
287 2515 413 2586 pollens,
439 2515 477 2571 ad
505 2513 584 2570 diem
608 2513 772 2572 vocationis
799 2531 854 2570 sue
879 2513 957 2570 felici
982 2533 1072 2571 cursu
1098 2515 1244 2588 peruenit

97 2599 205 2674 Sicque
235 2603 297 2658 vita
327 2602 487 2675 perfectus,
512 2611 590 2660 etate
620 2611 764 2670 maturus,
793 2601 997 2658 sextodecimo
1028 2601 1085 2658 kal.
1116 2602 1245 2660 octobris
1261 2621 1290 2670 25

96 2688 216 2747 celestia
247 2689 374 2747 feliciter
401 2689 614 2760 conscendit³3
647 2691 844 2763 sepultusque
876 2699 921 2746 est
950 2689 979 2745 in
1011 2690 1137 2747 ecclesia
1166 2692 1244 2748 beati

98 2773 217 2833 Martini
249 2795 339 2851 quam
367 2778 434 2851 ipse
461 2795 479 2834 a
509 2777 712 2835 fundamentis
742 2787 960 2834 construxerat.
1043 2765 1176 2836 Cuidam
1207 2780 1246 2836 de

97 2863 184 2934 plebe
219 2867 258 2922 de
288 2883 382 2923 vxore
417 2867 539 2939 propria
571 2875 660 2922 natus
687 2875 734 2922 est
766 2865 846 2922 lilius
876 2865 1066 2935 miserabilia,
1092 2868 1246 2938 utriusque

98 2955 232 3022 parentis
256 2953 349 3024 dolor,
373 2953 471 3026 plebis
495 2953 660 3023 admiratio,
681 2953 859 3010 intuentium
888 2955 1001 3023 horror,
1025 2971 1115 3026 quern
1143 2963 1247 3009 contra

100 3049 235 3098 naturam
253 3049 357 3098 natura
374 3041 564 3110 formauerat,
576 3041 717 3098 omnibus
733 3042 879 3098 membris
896 3044 926 3097 in
945 3041 1127 3100 contrarium
1140 3043 1246 3102 versis.
1261 3055 1292 3104 30

102 3125 293 3185 Retrouersis
318 3147 447 3202 namque
471 3131 583 3203 pedum
608 3130 747 3197 articulis,
772 3129 823 3185 tali
848 3129 1000 3186 anterius⁸
1019 3131 1247 3202 prominebant;

102 3215 223 3272 dorsum
235 3217 327 3273 vultui
339 3216 508 3286 coherebat,
522 3216 819 3290 pectusvicinabatur
831 3217 957 3290 occipiti,
970 3219 1101 3275 curuatis
1119 3220 1247 3277 brachiis

102 3317 207 3362 manus
221 3303 326 3362 cubitis
338 3303 514 3362 insidebant.
553 3304 671 3361 lacebat
683 3305 733 3361 illa
746 3305 862 3377 efligies
875 3306 922 3361 cui
935 3307 1004 3361 data
1018 3305 1134 3364 fuerant
1151 3326 1245 3365 mem·

104 3389 152 3446 bra
177 3392 244 3450 sine
268 3409 331 3462 vsu,
353 3395 413 3450 vita
438 3392 504 3449 sine
530 3391 634 3462 fructu,
653 3395 700 3449 cui
725 3394 848 3450 artubus
874 3394 982 3450 ceteris
1006 3393 1158 3452 dissolutis
1184 3397 1247 3453 sola

103 3488 257 3550 supererat
287 3479 396 3552 lingua.
446 3478 627 3536 Deferentes
655 3498 725 3536 eum
758 3491 899 3553 parentes
927 3483 965 3538 ad
993 3483 1126 3539 tumbam
1154 3484 1293 3552 sanctiss

105 3563 231 3636 Niniani,
252 3565 410 3624 dixerunt:
443 3567 548 3624 ‘Certe
573 3585 628 3624 nos
652 3567 726 3625 fessi
750 3577 780 3624 et
804 3568 924 3640 fatigati,
949 3569 1072 3628 tristicia
1096 3571 1194 3629 affecti
1219 3582 1248 3630 et

104 3655 180 3710 tedio
206 3653 282 3722 victi,
308 3664 357 3710 tue
380 3653 471 3711 istum
492 3654 596 3727 pietati
617 3655 806 3728 exponimus.
845 3656 994 3714 Nimirum
1015 3657 1041 3714 si
1061 3677 1171 3716 munus
1193 3669 1249 3730 est,

104 3740 227 3798 debetur
236 3741 431 3799 offerentibus
443 3741 554 3815 gratia;
571 3741 597 3799 si
610 3760 695 3811 onus,
708 3752 739 3799 tu
751 3743 852 3816 vtique
863 3743 967 3800 fortior
979 3746 1016 3800 ad
1030 3746 1249 3818 sustinendum,

105 3829 148 3884 cui
172 3829 271 3902 potior
292 3828 388 3886 virtus
412 3839 459 3886 est
484 3831 522 3886 ad
548 3829 796 3887 subueniendum.
835 3829 893 3888 Hic
916 3831 1005 3904 igitur
1026 3843 1076 3888 aut
1097 3833 1249 3904 moriatur,

105 3926 152 3973 aut
172 3917 272 3988 viuat;
291 3927 343 3973 aut
360 3926 490 3985 sanetur,
509 3927 560 3974 aut
578 3921 698 3990 pereat!
735 3917 802 3975 Hec
819 3919 866 3976 vel
884 3919 992 3976 similia
1010 3937 1078 3976 cum
1096 3920 1248 3978 lachrimis
1263 3940 1296 3989 40

106 4005 285 4078 prosequuti,
311 4004 414 4062 relicto
440 4005 552 4062 ibidem
579 4015 682 4077 egroto
707 4006 873 4064 discedunt.
912 4006 950 4062 Et
974 4024 1044 4064 ecce
1069 4007 1250 4080 intempeste

107 4093 197 4149 noctis
222 4092 341 4150 silentio
367 4092 440 4149 vidit
466 4093 559 4150 miser
580 4095 791 4152 aduentantem
813 4096 851 4151 ad
874 4111 907 4151 se
928 4095 1035 4163 virum,
1058 4095 1159 4152 celesti
1182 4096 1250 4154 luce

107 4177 290 4250 choruscum,
314 4179 534 4254 pontificalibus
560 4180 698 4255 insigniis
720 4182 950 4256 prefulgentem.
987 4181 1045 4253 Qui
1072 4191 1200 4256 tangens
1222 4185 1250 4242 ei

136 4293 209 4346 ¹om.
270 4293 530 4353 ’soT.;om.inE.
595 4294 651 4346 ⁸13.
665 4295 771 4346 Rectus.
831 4295 910 4347 ‘vit
925 4303 950 4345 et
962 4297 1133 4360 postmodum.
1193 4297 1251 4352 ⁸13.

108 4361 245 4412 contendit.
312 4359 368 4411 ‘so
379 4359 418 4425 T,
433 4359 462 4410 E.
473 4360 587 4414 alterius.
