3064 4882
227 288 302 383 De
327 285 590 392 bnamma,
616 285 877 391 Βρηεβὶΰὶῦῆ,
904 291 944 373 rt
969 282 1120 373 aihta.
1185 305 1248 380 131

91 487 268 547 dominum.
322 477 489 548 Translata
507 508 581 548 vero
600 491 637 548 ad
660 489 758 548 celum
774 497 877 546 sancta
894 488 1088 562 Kyneburga,
1110 484 1178 544 offa
1198 500 1252 544 rex

91 575 303 634 Orientalium
323 579 478 636 Saxonum
498 578 716 652 Kyneswidam
734 577 883 635 affectauit
901 577 932 632 in
950 593 1094 632 uxorem:
1114 585 1143 632 et
1162 576 1252 632 minis

91 673 125 720 et
137 665 393 737 promissionibus
402 667 526 723 fratrum
535 683 658 722 suorum
668 666 789 737 coacta¹‚
798 665 957 738 gloriosam
967 663 1115 735 virginem
1125 662 1251 719 Mariam

90 752 240 825 suspiriis
261 763 291 810 et
316 753 450 810 oratione
471 754 579 826 iugiter
600 753 746 826 implorat,
768 762 798 810 et
822 753 972 825 quomodo
993 751 1070 807 hanc
1095 750 1252 808 cathenam

91 840 232 896 excutiat
251 841 408 898 consilinm
428 841 558 897 salutare
570 840 608 897 ab
621 859 657 898 ea
669 841 818 913 efflagitat
855 840 953 895 Adest
968 840 1090 895 tandem
1108 837 1138 894 in
1157 839 1283 900 extasis

91 937 186 1002 rapte
205 928 293 1002 virgo
312 928 408 984 Maria
435 929 584 985 immenso
606 928 767 1001 splendore
792 925 981 996 circumfusa,
1001 927 1121 982 dicens:
1154 925 1253 994 ‘Tuis

91 1013 205 1088 inquit,
218 1016 383 1089 angoribus
397 1033 555 1089 compassa
568 1025 598 1072 ct
610 1015 771 1083 lachrimis,
784 1015 879 1087 gratia
897 1013 1108 1070 consolationis
1120 1021 1170 1069 tue
1181 1013 1251 1070 veni

90 1103 134 1159 ad
148 1111 189 1160 te.
228 1103 342 1160 Salutis
356 1103 512 1161 consilium
529 1104 651 1170 suadeo,
668 1104 819 1160 seruande
834 1101 1012 1174 virginitatis
1029 1100 1186 1158 consilium
1204 1102 1252 1157 do.

92 1189 180 1246 Nihil
200 1191 255 1246 tibi
273 1191 424 1248 salubrius
444 1209 534 1265 quam
553 1191 584 1246 in
603 1209 662 1264 qna
687 1199 756 1247 nata
770 1207 804 1246 es
822 1191 952 1263 puritate
970 1205 1159 1261 permanere,
1178 1188 1251 1245 nihil

91 1278 260 1334 sublimius
278 1295 369 1352 quarn
388 1278 481 1336 lilium
507 1295 608 1335 meum
633 1295 779 1351 sponsum
798 1277 918 1346 habere,
937 1276 1011 1332 nihil
1029 1276 1145 1333 beatius
1162 1293 1253 1349 quam
1269 1293 1301 1330 ιο

92 1365 145 1422 hic
170 1365 375 1439 corruptionis
398 1367 477 1423 mala
501 1365 618 1423 nescire
648 1376 678 1423 et
704 1368 736 1422 in
762 1365 827 1421 celo
854 1381 994 1421 coronam
1022 1363 1252 1438 incorruptionis

93 1453 277 1526 possidere:
314 1454 363 1510 Ad
382 1453 439 1511 hec
459 1454 544 1526 virgo
567 1462 670 1510 sancta
690 1453 879 1526 respondens
898 1452 956 1510 ait:
986 1451 1127 1524 ‘Omnes,
1147 1451 1251 1526 inquit,

92 1542 185 1598 amici
212 1541 275 1598 mei
299 1544 460 1599 aduersum
483 1558 534 1598 me
559 1539 877 1614 appropinquauerunt
901 1548 931 1595 et
955 1548 1111 1610 steterunt,
1136 1549 1166 1596 et
1190 1541 1251 1597 vim

93 1627 237 1686 lecemnt
254 1630 305 1702 qui
322 1637 451 1703 querunt
467 1629 601 1686 animam
612 1645 720 1684 meam.
757 1627 819 1684 Sed
835 1636 875 1696 tu,
888 1628 1018 1695 domina,
1031 1627 1125 1684 libera
1142 1645 1252 1701 corpus

93 1733 202 1774 meum
222 1733 242 1773 a
260 1717 435 1789 perditione,
449 1718 487 1773 de
501 1717 567 1772 lacn
579 1715 701 1772 miserie
720 1716 802 1772 etde
816 1715 886 1785 luto,
898 1723 930 1772 vt
941 1731 1003 1771 non
1016 1715 1140 1788 infigam
1158 1715 1252 1772 libera
1266 1734 1297 1786 15

93 1804 234 1862 animam
260 1821 360 1861 meam
384 1805 423 1861 de
446 1805 554 1878 laqueo
578 1802 761 1872 venantium,
781 1811 813 1858 vt
836 1819 897 1858 non
918 1803 1036 1876 capiar!
1074 1803 1158 1859 Talia
1183 1820 1252 1860 cum

94 1891 283 1965 singultibus
306 1900 336 1948 et
357 1891 494 1964 suspiriis
513 1908 582 1949 cum
602 1890 741 1948 eiulando
760 1889 964 1963 profunderet,
989 1891 1097 1946 iterum
1121 1889 1253 1964 gloriosa

93 1981 184 2053 virgo
206 1978 304 2036 Maria
327 1978 355 2036 ei
375 1979 468 2036 dixit:
496 1978 589 2046 ‘Noli,
610 1979 660 2047 ait,
681 1978 797 2047 timere,
825 1977 886 2034 noli
912 1994 1047 2036 merere:
1076 1995 1133 2050 ego
1158 1977 1251 2033 lilium

93 2053 202 2125 meum
222 2067 421 2141 interpellabo
433 2085 489 2140 pro
501 2075 540 2133 te,
554 2076 583 2123 et
602 2067 667 2139 ipse
682 2067 769 2123 citius
784 2066 935 2123 adiuuablt
948 2069 994 2123 te!
1031 2066 1098 2137 Quo
1115 2067 1202 2135 dicto,
1215 2070 1252 2125 ab

93 2155 194 2212 oculis
212 2154 281 2211 eius
299 2154 429 2211 euanuit.
467 2153 547 2211 Hinc
568 2153 652 2227 virgo
671 2153 858 2228 Kyneswida
877 2153 936 2210 fide
955 2164 1078 2224 armata,
1091 2156 1129 2211 ad
1148 2173 1252 2228 regem
1267 2175 1299 2212 ao

95 2241 200 2298 Oltam
214 2241 342 2300 nuncios
355 2241 453 2300 misit:
474 2240 618 2298 rescindit
626 2241 721 2312 sedus,
732 2250 853 2314 pactum
862 2241 988 2312 abdicat,
996 2243 1141 2312 obsecrat,
1152 2244 1253 2300 obtes-

94 2337 187 2400 tatur,
213 2329 365 2386 interdicit
389 2347 446 2403 per
470 2331 661 2386 tremendum
692 2346 803 2386 nomen
833 2329 955 2400 domini,
980 2347 1019 2387 ne
1044 2330 1071 2386 ei
1093 2331 1170 2387 vltra
1190 2331 1251 2388 vim

94 2417 219 2482 inierat,
233 2435 272 2473 ne
285 2434 351 2474 eam
365 2415 485 2474 Christo
498 2416 612 2473 auferat
623 2415 672 2474 vel
685 2426 789 2474 contra
800 2417 857 2474 celi
869 2417 1024 2475 dominum
1037 2428 1158 2492 pugnet,
1171 2429 1200 2476 et
1214 2437 1252 2476 ne

94 2505 278 2578 virginitatis
291 2514 441 2562 amatores
458 2504 582 2578 angelos
599 2505 766 2576 conturbet,
780 2505 834 2562 sed
853 2507 957 2563 sedeo
976 2523 1040 2576 suo,
1053 2507 1100 2565 cui
1113 2525 1147 2564 se
1160 2510 1252 2564 deuo·

94 2593 185 2662 uerit,
207 2592 320 2649 illibata
340 2592 476 2650 libertate
498 2591 613 2650 seruire
635 2592 797 2665 permittat.
835 2592 902 2663 Quo
922 2594 1031 2664 audito,
1053 2596 1110 2652 deo
1131 2605 1252 2653 auctore
1267 2611 1298 2663 :5

95 2681 279 2754 comprobat
297 2698 351 2738 rex
370 2681 429 2738 tale
447 2679 612 2747 consilium,
631 2681 788 2736 remandat
806 2680 915 2754 virgini
940 2692 1037 2739 ratum
1060 2700 1130 2740 esse
1147 2693 1250 2741 votum

95 2785 201 2826 suum.
239 2768 290 2826 Sic
303 2785 376 2842 ergo
388 2769 529 2841 expedita
538 2768 623 2842 virgo
636 2767 757 2837 Christi,
768 2770 850 2826 omni
860 2769 1012 2842 vigilantia
1024 2771 1081 2827 deo
1094 2771 1209 2829 seruire
1222 2780 1252 2830 et

95 2865 237 2914 mentem
262 2873 348 2913 suam
373 2855 404 2911 in
428 2854 511 2912 omni
531 2855 677 2912 munditia
701 2856 851 2913 custodire
876 2857 999 2914 curauit.
1037 2857 1106 2915 Rex
1128 2860 1251 2915 tandem

95 2945 178 3013 orta,
200 2945 273 3000 dum
298 2943 391 3000 oculis
413 2944 476 3000 suis
496 2943 638 3000 sanctitas
655 2944 791 3016 prelucet
810 2946 935 3018 virginis
954 2945 1072 3017 inuicta,
1090 2947 1209 3004 diuitias
1234 2964 1252 3004 a

96 3043 209 3091 tenera
233 3031 333 3104 puella
354 3031 526 3103 repudiatas
545 3031 744 3088 erubescere'
765 3035 854 3106 cepit,
881 3035 1048 3092 subiectum
1069 3053 1103 3091 se
1128 3034 1250 3091 vanitati
1265 3051 1299 3102 30

98 3122 221 3188 dolens,
235 3127 265 3177 et
282 3137 317 3176 se
335 3135 458 3176 seruum
476 3119 561 3192 regni
580 3119 626 3176 sui
645 3129 798 3192 reputans,
817 3121 928 3179 relictis
946 3123 1086 3180 omnibus
1104 3133 1251 3197 sequutus

97 3219 145 3268 est
166 3207 333 3274 dominum,
345 3215 375 3262 et
388 3206 518 3263 Romam
537 3224 666 3280 peregre
684 3209 890 3281 proficiscens,
903 3211 934 3267 in
951 3213 1131 3269 monachum
1148 3221 1250 3268 tonso·

96 3294 205 3354 ratus⁸
216 3305 271 3351 est.
309 3293 497 3367 Kyneswida
508 3311 581 3350 vero
593 3295 702 3368 vigiliis
719 3305 749 3354 et
766 3297 950 3356 orationibus
961 3317 996 3356 ac
1009 3301 1095 3356 bonis
1108 3300 1251 3372 operibus

96 3403 197 3460 usque
210 3385 249 3442 ad
262 3393 391 3441 mortem
403 3381 511 3456 iugiter
522 3384 580 3439 deo
593 3385 740 3454 seruiens,
753 3387 791 3443 de
805 3386 940 3462 corporis
959 3389 1081 3446 tandem
1100 3389 1251 3462 ergastulo

95 3477 218 3542 educta,
244 3470 376 3530 venienti
400 3488 515 3544 sponso
538 3471 618 3528 inter
647 3472 798 3546 angelicos
828 3484 993 3533 concentus
1024 3478 1151 3534 occurrit
1182 3495 1250 3534 cum
1265 3487 1297 3540 35

95 3561 213 3636 gloria;
227 3559 296 3617 etin
307 3559 491 3616 monasterio
500 3559 613 3616 sororis
623 3577 679 3616 sue
692 3571 738 3618 est
752 3563 878 3634 sepulta.
914 3553 1011 3621 Anno
1023 3575 1123 3622 autem
1136 3566 1251 3623 domini

96 3647 261 3706 millesimo
285 3649 390 3720 quinto
412 3645 538 3720 reliquie
557 3657 728 3704 sanctarum
752 3648 938 3724 Kyneburge
960 3660 990 3709 et
1012 3651 1199 3726 Kyneswide
1220 3663 1251 3711 et

96 3737 198 3794 Tibbe
211 3735 249 3792 ad
263 3733 479 3792 monasterium
490 3735 528 3790 de
537 3735 633 3808 burgo
646 3737 739 3794 sancti
754 3736 834 3795 Petri
847 3755 916 3795 cum
929 3755 1038 3813 magno
1051 3741 1165 3797 honore
1177 3751 1249 3798 sunt

95 3823 254 3882 translate.
292 3821 364 3878 Erat
375 3831 474 3878 autem
489 3822 575 3878 beata
587 3821 684 3880 Tibba
696 3833 868 3882 sanctarum
884 3825 1034 3899 virginum
1047 3827 1249 3900 predictarum

96 3909 334 3983 consanguinea,
347 3927 406 3982 que
419 3909 521 3968 multis
533 3909 622 3967 annis
640 3910 671 3968 in
687 3929 796 3985 magna
814 3915 969 3971 sanctitate
988 3914 1119 3972 solitarie
1134 3914 1250 3984 vinens,
1264 3926 1298 3977 40

96 4001 157 4058 deo
170 3998 310 4072 spiritum
323 3997 554 4054 commendauit.
591 3998 657 4069 Que
671 4001 788 4057 cuidam
805 4011 908 4058 sancto
923 4000 986 4058 viro
999 4019 1160 4074 apparens
1173 4001 1252 4058 inter

97 4097 200 4146 cetera
224 4085 319 4142 dixit:
352 4083 433 4156 ‘Ego
457 4101 496 4141 ex
522 4101 654 4157 superna
678 4085 839 4145 lestiuitate
864 4097 966 4146 nostra
991 4089 1144 4156 descendi,
1169 4090 1249 4147 diem

97 4171 374 4248 transmigrationis
386 4189 454 4230 mee
467 4171 520 4229 tibi
533 4174 676 4232 nunciare
689 4175 767 4234 veni.
803 4175 864 4234 lsta
876 4176 957 4233 enim
969 4193 1031 4233 nox
1043 4185 1073 4234 et
1085 4177 1151 4234 dies
1163 4177 1251 4236 beate

129 4340 138 4370 ¹
156 4355 177 4390 r.
190 4343 313 4388 coartata
424 4334 435 4364 ¹
453 4335 483 4386 E.
494 4335 659 4390 erubuscere.
758 4338 768 4369 ⁸
784 4339 814 4390 T.
825 4347 990 4401 tonsoratus:
1007 4341 1036 4392 Ε.
1049 4351 1222 4396 consecratus.

655 4432 706 4474 12
