3028 4894
385 318 461 412 Dt
484 314 648 407 &tutin
672 316 954 407 tullinum.
1167 345 1242 418 449

79 519 268 595 acquisitam
286 527 407 594 gentem
425 536 511 577 sacro
529 517 707 593 baptismate
725 519 847 578 abluere
866 521 987 592 studuit,
1006 537 1062 578 nec
1080 520 1240 596 quicquam

80 611 215 682 antique
225 608 383 666 vetustatis
396 615 426 665 et
437 608 548 665 erroris
560 607 591 665 in
604 625 640 664 ea
652 623 811 666 remanere
823 608 969 681 permisit.
1033 597 1129 666 Venit
1141 619 1241 668 autem

80 698 138 754 vir
150 697 199 754 dei
211 697 250 754 ad
262 697 412 770 quandam
425 695 554 752 insulam
565 695 616 752 vbi
629 695 753 769 ydolum
764 696 915 768 quoddam
929 696 1080 754 colebatur
1091 715 1109 754 a
1121 699 1241 772 populo.

82 785 181 856 Quod
198 801 266 841 curn
281 783 346 840 zelo
362 782 432 839 fidei
448 782 654 841 comminuere
671 783 824 852 niteretur,
836 792 938 840 custos
956 784 1038 857 ydoli
1056 784 1156 843 furore
1174 803 1241 843 suc-

82 889 203 930 census
220 871 379 944 euaginato
398 870 497 944 gladio
517 871 705 928 sacerdotem
722 871 771 927 dei
791 870 961 928 interficere
983 873 1163 930 conabatur:
1183 875 1269 942 deos

82 968 193 1016 tamen
211 967 398 1032 protegente,
411 958 523 1015 nullam
543 957 690 1015 lesionem
706 958 752 1016 vir
770 967 892 1016 sanctus
910 959 1041 1017 incurrit.
1078 959 1163 1017 Tunc
1183 961 1240 1019 hiis

82 1047 142 1120 qui
154 1048 280 1104 aderant
293 1063 361 1104 cum
374 1065 410 1104 eo
423 1045 453 1101 in
467 1044 592 1120 impium
611 1054 854 1118 presumptorem
872 1045 1063 1116 irruentibus,
1075 1047 1121 1104 vir
1135 1048 1185 1105 dei
1201 1051 1241 1108 de

83 1133 232 1192 manibus
244 1150 348 1191 eorum
360 1133 496 1190 liberauit
509 1149 588 1190 eum.
616 1132 731 1190 Eodem
745 1142 846 1190 tamen
860 1133 938 1191 dien
951 1135 1080 1192 demone
1091 1145 1240 1208 arreptus,

83 1223 140 1280 die
156 1221 243 1279 tertia
258 1221 415 1279 infeliciter
433 1219 592 1294 expirauit.
663 1208 738 1279 Alio
756 1238 877 1294 quoque
896 1228 1033 1294 tempore
1050 1240 1119 1280 cum
1138 1233 1240 1282 custos

83 1318 228 1383 segetum
248 1319 384 1366 sanctum
402 1317 609 1366 transeuntem
627 1308 858 1381 blasphemaret,
874 1317 904 1366 et
923 1308 996 1366 socii
1013 1309 1070 1366 viri
1088 1310 1137 1368 dei
1155 1310 1239 1368 illum
1254 1332 1285 1370 ιο

84 1415 199 1454 necare
211 1397 330 1468 vellent,
343 1396 495 1470 prohibuit
508 1404 638 1466 sanctus,
651 1395 758 1453 nolens
771 1396 817 1453 sui
830 1413 920 1454 causa
935 1414 1117 1471 quemquam
1129 1399 1239 1472 perire,

84 1485 142 1559 qui
154 1485 281 1542 salutem
298 1484 439 1542 omnibus
450 1484 590 1542 veniebat
608 1483 781 1556 predicare:
801 1492 832 1541 et
843 1484 892 1540 via
910 1502 970 1558 qua
980 1493 1104 1542 venerat
1120 1503 1239 1561 regres-

85 1590 152 1642 sus,
165 1572 263 1630 locum
272 1572 316 1629 ire
328 1572 418 1630 dedit
443 1572 567 1629 Postera
580 1579 679 1628 autem
693 1570 742 1629 die
754 1571 861 1629 infelix
873 1572 1068 1646 blasphemus
1080 1574 1239 1647 repentina

84 1669 187 1718 morte
198 1669 359 1734 prereptus
371 1668 428 1718 est.
501 1647 588 1717 Dum
602 1659 684 1716 enim
697 1659 761 1716 loca
774 1660 913 1717 circuiret
929 1660 1086 1729 maritima,
1097 1662 1148 1720 vbi
1161 1679 1238 1736 aque

84 1757 153 1805 erat
166 1748 299 1821 penuria,
310 1747 451 1821 grauem¹
465 1747 632 1804 sustinebat
644 1746 782 1804 ardorem
793 1745 867 1805 sitis.
897 1747 988 1805 lussit
999 1747 1099 1821 itaque
1112 1766 1236 1822 paruam
1254 1773 1282 1824 ις

84 1836 200 1894 fossam
213 1836 278 1893 fieri
291 1836 368 1893 intra
382 1834 543 1892 tentorium
559 1851 655 1902 suum,
670 1844 700 1892 et
717 1834 806 1892 flexis
823 1834 952 1908 genibus
969 1835 1064 1893 orauit
1081 1836 1235 1895 dominum

82 1933 120 1980 vt
143 1924 194 1997 qui
219 1924 332 1997 populo
352 1923 446 1980 lsrael
467 1923 498 1979 in
520 1924 642 1980 deserto
663 1939 771 1995 aquam
791 1923 933 1996 produxit
954 1924 993 1980 de
1012 1932 1107 1997 petra,
1129 1926 1235 1982 eadem

84 2010 291 2068 misericordia
303 2011 400 2069 seruis
413 2010 476 2068 suis
489 2011 527 2068 de
539 2027 666 2068 arenosa
677 2019 758 2068 terra
770 2027 877 2084 aquam
891 2011 1079 2084 produceret.
1116 2012 1154 2069 Et
1167 2031 1237 2070 ecce

11 2164 17 2173 Ι
83 2099 155 2156 fons
163 2099 314 2172 limpidus,
323 2097 437 2156 cunctis
444 2097 615 2155 videntibus
627 2107 657 2155 et
669 2099 761 2155 deum
769 2097 799 2154 itt
809 2107 913 2155 sancto
926 2115 982 2155 suo
993 2099 1235 2172 glorificantibus,

84 2188 126 2244 de
145 2195 225 2244 terra
242 2186 378 2259 protinus
397 2203 537 2243 emanare
554 2185 642 2260 cepit.
715 2173 929 2244 Occurrerunt
941 2195 1041 2243 autem
1054 2187 1119 2244 viro
1132 2199 1236 2246 sancto
1251 2211 1283 2248 ro

83 2273 145 2331 iter
156 2277 255 2347 agenti
268 2274 426 2330 duodecim
440 2273 536 2347 egeni,
549 2273 737 2347 postulantes
751 2275 789 2330 ab
807 2292 843 2331 eo
860 2273 972 2346 aliquid
990 2273 1048 2332 sibi
1067 2275 1139 2332 dari.
1176 2275 1235 2346 Qui

82 2362 222 2436 precepit
243 2361 379 2418 ministro
404 2362 476 2418 dare
501 2363 546 2418 eis
572 2361 734 2419 flasconem
761 2360 874 2434 optimo
893 2361 965 2419 vino
988 2362 1122 2436 plenum.
1167 2363 1235 2435 Quo

83 2457 218 2522 accepto,
230 2465 325 2522 vsque
337 2450 376 2505 ad
389 2449 555 2507 satietatem
568 2465 675 2506 omnes
687 2449 843 2507 biberunt:
863 2459 894 2506 et
908 2448 967 2506 illis
984 2450 1161 2509 abeuntibus
1172 2469 1235 2520 vas,

82 2547 117 2595 vt
129 2537 222 2610 prius,
236 2536 359 2609 plenum
372 2536 433 2593 fuit
495 2524 590 2594 Venit
601 2536 763 2610 aliquando
776 2535 907 2594 inuisere
920 2538 1134 2595 monasterium
1147 2555 1235 2597 suum

83 2624 145 2697 (vir
168 2624 249 2696 dei)²
269 2633 299 2681 et
323 2633 391 2697 post
413 2624 564 2681 orationes
588 2634 618 2680 et
643 2623 836 2681 salutationes
860 2623 984 2681 fratrum
1009 2625 1132 2683 circuire
1156 2628 1235 2700 cepit
1249 2641 1279 2691 ²⁵

82 2711 261 2782 habitacula,
273 2712 380 2769 volens
391 2713 494 2769 videre
506 2711 531 2768 si
549 2711 620 2784 quid
637 2711 668 2768 in
685 2711 743 2768 illis
758 2713 981 2769 emendandum
998 2711 1081 2770 foret.
1117 2714 1235 2772 Accidit

82 2809 186 2857 autem
198 2809 229 2858 vt
242 2799 392 2857 cellarium
406 2800 546 2857 intraret:
565 2799 616 2857 vbi
629 2799 708 2856 dolio
725 2808 844 2872 reperto
860 2817 928 2856 curn
945 2800 1063 2857 modico
1074 2801 1154 2871 vino,
1169 2801 1235 2860 fusa

82 2889 124 2944 ad
136 2889 226 2944 deum
239 2905 338 2962 prece,
352 2886 567 2944 benedictionis
577 2886 588 2919 ⁸
600 2887 738 2945 baculum
751 2887 831 2944 misit
842 2888 874 2943 in
887 2888 996 2960 ipsum.
1028 2888 1066 2944 Et
1078 2888 1234 2946 confestim

81 2975 186 3032 vinum
201 2975 231 3032 in
245 2975 324 3032 dolio
336 2977 366 3031 in
379 2984 494 3032 tanturn
507 2976 648 3042 excreuit,
660 2984 692 3031 vt
703 2975 784 3032 vasis
797 2976 964 3048 marginem
976 2978 1233 3048 superascendere

81 3063 244 3120 videretur.
319 3051 458 3121 Puellam
472 3081 490 3120 a
504 3063 645 3120 demonio
662 3072 813 3136 arreptam
833 3070 935 3120 sancta
953 3079 1007 3119 sua
1024 3063 1233 3121 benedictione
1248 3082 1279 3131 50

82 3151 203 3208 sanitati
220 3149 344 3224 pristine
362 3149 497 3208 restituit.
535 3149 685 3223 Pipinurn,
703 3161 820 3223 patrem
836 3150 934 3208 Caroli
952 3151 1060 3223 magni,
1073 3150 1233 3224 baptizauit

81 3247 114 3295 et
145 3238 279 3295 omnium
308 3238 534 3313 precedentium
567 3238 747 3296 Francorum
779 3238 904 3294 ducibus
933 3238 1131 3310 potentiorem
1164 3257 1233 3296 eunt

81 3326 214 3384 futurum
228 3326 366 3400 predixit.
440 3313 516 3384 Erat
527 3335 627 3383 autem
639 3326 745 3383 beatus
756 3324 976 3382 Willebrordus
992 3327 1074 3382 omni
1090 3327 1232 3398 dignitate

82 3415 244 3488 preclarus,
257 3423 369 3471 statura
387 3415 521 3484 decorus,
535 3413 609 3471 facie
626 3424 780 3485 venustus,
796 3414 885 3470 corde
903 3414 988 3482 letus,
1008 3430 1060 3470 ore
1077 3416 1232 3484 iocunduS,

82 3502 206 3559 consilio
219 3501 341 3575 sapiens
354 3501 484 3574 (εἰηιιιί)4
496 3511 526 3560 et
539 3500 693 3575 prouidus,
708 3502 841 3557 moribus
853 3501 1043 3573 compositus,
1057 3511 1087 3558 et
1103 3502 1133 3558 in
1149 3503 1232 3559 omni
1246 3518 1276 3568 3⁵

82 3607 177 3664 opere
190 3589 239 3646 dei
251 3599 398 3646 strenuus.
422 3589 534 3646 Plenus
543 3590 666 3647 tandem
679 3589 766 3645 bonis
779 3588 920 3661 open'bus
932 3598 963 3646 et
975 3588 1057 3646 omni
1068 3591 1232 3648 sanctitatis

81 3677 235 3747 exercitio,
244 3677 372 3750 septimo
386 3676 457 3734 Idus
470 3676 660 3734 nouembn's‘
673 3676 811 3750 migrauit
823 3678 861 3734 ad
871 3677 1040 3734 dominum:
1057 3686 1088 3734 et
1100 3678 1231 3750 positum

81 3773 129 3822 est
138 3781 247 3838 corpus
256 3764 320 3822 eius
327 3766 359 3820 in
372 3764 557 3838 sarcophago
569 3781 737 3821 marmoreo
747 3764 777 3821 in
787 3764 1074 3837 monasteriotquod
1084 3765 1150 3838 ipse
1160 3785 1230 3823 con·

82 3860 231 3910 stmxerat
252 3851 283 3909 in
304 3852 416 3910 honore
436 3862 538 3910 sancte
559 3851 705 3909 trinitatis
743 3852 830 3923 Quod
852 3851 972 3924 quidem
992 3853 1230 3926 sarcophagum·

82 3939 153 4014 quia
173 3941 211 3996 ad
233 3957 342 4013 corpus
367 3941 461 3998 sancti
485 3939 670 3997 insufficiens
691 3949 722 3996 et
743 3940 835 3996 breue
854 3939 1009 3996 inuentum
1028 3949 1101 4011 erat,
1124 3940 1231 4000 fratres
1244 3965 1276 4014 ⁴0

82 4027 153 4102 quid
172 4044 264 4102 super
282 4028 338 4084 hoc
356 4036 480 4101 agerent
501 4027 686 4098 hesitabant;
710 4035 741 4083 et
758 4044 830 4084 ecce
848 4025 923 4084 miro
942 4027 1031 4084 modo
1049 4027 1089 4084 ita
1107 4028 1229 4101 longum

82 4124 234 4189 repertum
256 4125 303 4174 est
323 4115 409 4188 quasi
430 4117 468 4172 ad
490 4131 662 4172 mensuram
684 4114 816 4188 corporis
836 4113 930 4170 sancti
949 4113 1054 4172 fuisset
1074 4133 1142 4173 cum
1164 4116 1229 4172 dili-

114 4329 361 4394 ¹T.grauemeu1n
423 4329 686 4381 'virdeiom.inl'.
747 4329 1007 4394 'Sunbengratia
1069 4329 1147 4383 'om
1160 4331 1185 4381 in
1199 4332 1228 4382 T.

83 4397 94 4428 ⁸
110 4412 145 4448 sc
160 4395 315 4461 Epternaco.
413 4392 424 4425 ⁸
440 4397 469 4448 Τ.
482 4397 697 4461 sarchophagum.

117 4507 227 4550 voum
406 4513 418 4534 ·
629 4507 681 4565 og
