3012 4898
271 313 342 390 35²
585 285 1110 393 mimum

271 490 1427 565 mahnsennnqoamsnnitatemperoeptmum,netssmamentum‚n'si
1486 453 1487 498 1

272 579 473 652 Smrwnem
490 581 1137 652 primogenitummvmeeeperqoen
1154 581 1428 653 writercomoris

270 667 1079 740 emimennimmsesnsoeptnrnwdtcehne
1122 668 1428 741 Onopernnncios

270 754 1250 828 audio,tngemiscemsampmndixit:‘12m‚nisitnnor‚
1282 755 1428 829 Egiptnm

241 843 999 915 smiiqui:nonestopusmeinipsamredire
1036 842 1429 899 Potemestautemdens

270 941 458 1002 egrotantem
472 933 598 986 mnare'
634 928 1005 987 Cuilitutns¹sbbesaitt
1024 930 1428 1000 ‘anresiediciseieetei

270 1017 1428 1092 mmmteoponmmbmedemimemmpmimtnnquemerees

270 1107 393 1178 grandis
416 1109 473 1162 erit
494 1123 564 1160 cnm
588 1106 654 1170 deo,
675 1106 748 1162 dum
771 1105 823 1160 vbi
846 1105 977 1162 cumdii
999 1106 1159 1174 creuetint,
1179 1105 1357 1178 spiritualia
1382 1123 1428 1162 se·

271 1192 456 1250 minentur¹.'
493 1193 552 1262 Qui
567 1193 739 1265 respondit:
759 1191 898 1248 ‘Vtinam
910 1193 1049 1249 voluntas
1063 1193 1113 1249 dei
1129 1193 1189 1262 fist,
1206 1209 1280 1249 nam
1299 1205 1429 1266 propter

229 1282 361 1336 iodeom
385 1291 415 1336 et
440 1281 521 1336 luem
546 1282 714 1336 animarum
738 1279 898 1336 οιιιιιῑυιιεει
921 1289 1044 1354 perotus
1073 1283 1160 1338 sum?
1196 1280 1344 1354 Cumque
1374 1298 1428 1354 per

271 1379 385 1424 vastem
409 1367 602 1424 solitudinem
626 1385 696 1424 enm
719 1385 780 1424 vno
800 1367 927 1424 &cono
948 1377 1100 1440 pergeret,
1122 1367 1301 1426 horribilem
1320 1385 1426 1428 vocem

270 1457 355 1512 iuxta
376 1473 410 1512 se
431 1457 601 1512 audierunt.
636 1455 686 1512 Ob
703 1472 794 1528 qnam
812 1472 918 1512 vocem
942 1457 1120 1528 perterritus
1140 1455 1289 1514 diaconus
1311 1473 1426 1530 quum

269 1543 382 1600 dimisit
401 1553 432 1600 et
454 1543 577 1615 pallium
596 1559 686 1598 suum
707 1543 878 1616 proiiciens,
898 1542 928 1598 in
950 1543 1051 1616 sugam
1071 1561 1107 1599 se
1127 1543 1286 1600 conuertit.
1326 1545 1426 1614 Quem

269 1629 446 1688 theomeca⁵
459 1631 574 1686 hirsuta
586 1639 617 1688 et
629 1641 754 1686 cornuta
765 1647 835 1687 cum
847 1631 951 1688 iancea
962 1631 1133 1688 nisuloeta·
1145 1641 1315 1703 pervastas
1332 1633 1426 1690 siluas

228 1729 256 1778 15
270 1718 364 1774 veloci
389 1736 480 1774 mrsu
500 1719 586 1791 quasi
607 1718 737 1774 volitans
745 1716 765 1788 ²,
791 1718 977 1775 seminecem
1001 1718 1171 1792 prostmuit.
1209 1717 1327 1776 Beatus
1354 1736 1426 1776 veto

270 1805 422 1880 Sampson
444 1805 612 1878 intrepidus
631 1805 838 1880 progrediens,
853 1815 883 1862 et
901 1807 1089 1864 theomaeam
1109 1824 1127 1862 a
1145 1806 1235 1880 longe
1251 1805 1424 1880 fugientem

269 1893 429 1967 aspiciens,
446 1894 617 1950 exclamare
634 1897 732 1966 cepit:
755 1893 853 1964 ‘Quid
872 1891 958 1966 iugis,
975 1895 1101 1951 mulier?
1116 1905 1146 1950 et
1162 1911 1220 1966 ego
1239 1893 1338 1951 homo
1359 1911 1424 1952 sum

269 1981 346 2038 sicut
359 1981 410 2037 ille
419 1998 510 2053 quem
523 1981 690 2052 prostrasti.
728 1979 762 2037 Si
774 1981 806 2037 in
819 1990 967 2054 potestate
976 1983 1121 2038 tundatur
1130 1999 1206 2047 sum,
1217 1983 1424 2041 ecceassum!

269 2068 311 2124 At
329 2069 379 2126 illa
397 2087 458 2124 non
477 2069 659 2137 attendente,
672 2069 726 2125 sed
745 2085 868 2142 semper
879 2068 983 2142 fugere
1000 2069 1125 2138 nitente,
1137 2068 1246 2126 iterum
1259 2069 1422 2128 clamauit:

226 2155 410 2228 20‘1mpero
429 2156 483 2211 tibi
502 2157 533 2211 in
552 2155 674 2212 nomine
689 2155 780 2212 ihesu
793 2156 915 2226 Christi,
927 2156 965 2212 ab
980 2174 1018 2213 eo
1036 2155 1144 2212 locoin
1157 2173 1217 2228 quo
1234 2158 1330 2214 modo
1354 2169 1422 2222 stes,

269 2243 365 2300 donee
384 2243 502 2300 veniam
527 2244 566 2300 ad
588 2251 618 2300 te
636 2245 747 2316 pedem
770 2260 810 2301 ne
834 2247 974 2300 moueas’
1010 2243 1096 2300 Tunc
1121 2243 1172 2299 ilis
1194 2252 1361 2316 tremente,
1380 2244 1423 2300 sir

269 2341 391 2388 sanctus
402 2332 568 2388 adueniens
581 2331 640 2387 ait:
660 2335 667 2362 ⁴
678 2331 744 2401 Que
758 2349 801 2400 es,
814 2331 892 2388 mala
902 2333 920 2401 ⁸,
932 2331 981 2388 vel
994 2333 1128 2405 qualisi'
1154 2330 1209 2387 Illa
1221 2349 1292 2387 eum
1305 2331 1422 2406 ingenti

268 2428 400 2476 tremore
416 2419 590 2491 respondit:
610 2418 814 2476 ‘’Tbeomaca
826 2436 904 2488 sum,
916 2419 1002 2476 cuius
1013 2429 1120 2492 gentes
1133 2419 1290 2491 hucusque
1302 2422 1394 2477 uobis
1403 2419 1422 2451 ¹'

269 2507 515 2578 preumicatrices
533 2505 705 2573 extiterunt,
717 2515 748 2563 et
763 2523 843 2562 nunc
860 2507 941 2562 nulls
960 2507 997 2564 de
1016 2523 1085 2563 meo
1097 2523 1210 2579 genere
1223 2509 1377 2564 remansit
1393 2507 1421 2563 in

225 2607 255 2658 25
270 2594 324 2650 hac
343 2593 419 2650 silua
437 2593 495 2649 nisi
514 2611 579 2665 ego.
617 2593 724 2650 Habeo
742 2595 823 2651 enim
842 2603 909 2650 octo
927 2611 1049 2650 sorores
1068 2602 1099 2651 et
1118 2602 1256 2662 matrem,
1275 2611 1339 2667 que
1362 2611 1420 2651 non

206 2750 210 2761 Ι
268 2691 339 2738 sunt
358 2681 415 2749 hic,
434 2683 488 2737 sed
510 2682 541 2737 in
563 2681 694 2738 vlteriori
714 2681 790 2738 silua
808 2683 929 2755 degunt.
966 2681 1030 2754 Ego
1049 2690 1149 2738 autem
1172 2681 1280 2738 marito
1307 2681 1341 2738 in
1368 2684 1420 2739 hac

269 2769 393 2826 heremo
410 2768 519 2824 tradita
537 2785 614 2838 sum,
631 2785 727 2841 eoque
743 2768 803 2825 iam
823 2779 950 2837 mortuo,
963 2771 1107 2826 recedere
1126 2769 1237 2826 dehac
1257 2769 1339 2826 silua
1360 2787 1418 2827 non

268 2857 410 2928 possum!
448 2854 503 2912 Cui
522 2865 645 2912 sanetus
664 2855 722 2914 ait:
750 2856 911 2928 ‘Nunquid
931 2865 1017 2928 potes
1038 2855 1160 2913 fratrem
1179 2873 1272 2929 quem
1294 2875 1419 2930 percus·

269 2943 334 2999 sisti
347 2942 515 3000 rediuiuum
528 2944 647 3000 tradere
657 2943 686 3014 ¹¹,
694 2943 743 3000 vel
756 2953 837 3001 certe
850 2943 1003 3001 sollicitari
1015 2945 1054 3001 de
1067 2943 1202 3016 proiectu
1215 2943 1321 3002 anime
1331 2954 1382 3002 tue
1393 2946 1418 3002 i’

223 3046 255 3096 30
271 3030 307 3087 Et
322 3031 388 3088 illa:
410 3029 511 3099 ίΝοΙο,
524 3048 580 3087 nec
596 3031 626 3086 in
640 3031 747 3087 melius
759 3031 894 3104 reparari
906 3047 1050 3104 possum:
1070 3031 1186 3088 nullum
1202 3031 1286 3088 enim
1306 3034 1417 3090 bonum

268 3116 366 3176 facere
383 3135 517 3192 possum,
531 3119 586 3174 sed
604 3135 727 3192 semper
745 3119 783 3176 ab
795 3118 920 3176 infantia
933 3135 1000 3176 mee
1018 3118 1172 3192 hucusque
1184 3119 1224 3175 ad
1237 3119 1318 3176 mala
1332 3137 1416 3177 exer-

268 3205 355 3264 citata
373 3207 459 3262 sum!
496 3204 581 3262 Tunc
601 3215 723 3263 sanctus
744 3208 805 3264 ait:
832 3204 949 3264 ‘Deum
968 3205 1205 3279 omnipotentem
1223 3206 1359 3280 imploro
1379 3223 1415 3264 ne
1488 3209 1489 3258 1

267 3293 396 3366 amplius
414 3291 585 3350 hominibus
604 3311 723 3363 noceas,
739 3295 803 3364 sed,
818 3311 886 3351 cum
905 3293 949 3350 sis
967 3293 1206 3364 irremediabilis,
1224 3296 1264 3350 ab
1283 3295 1342 3352 hae
1359 3297 1416 3352 vita

267 3379 353 3438 citius
372 3379 527 3436 discedas!
564 3379 649 3437 Tune
668 3381 718 3438 illa
735 3381 845 3438 saltum
863 3381 1041 3455 precipitem
1054 3381 1085 3437 in
1097 3381 1190 3438 intere
1203 3381 1329 3439 sinistro
1342 3384 1415 3440 dans

222 3491 252 3542 35
267 3470 304 3528 ad
317 3477 428 3526 terrem
441 3469 551 3524 corruit
563 3477 593 3524 et
605 3468 762 3541 expirauit
789 3468 875 3526 Tunc
888 3470 925 3525 ad
938 3469 1064 3526 fratrem
1077 3469 1226 3526 iacentem
1235 3469 1416 3528 venieosvir

266 3557 324 3624 dei,
330 3565 359 3612 et
364 3554 484 3612 vitalem
492 3555 593 3612 flatum
603 3557 633 3612 in
644 3565 765 3629 pectore
774 3557 825 3614 vix
835 3565 1009 3614 manentem
1020 3557 1188 3626 inueniens,
1198 3575 1255 3629 pro
1263 3575 1301 3614 eo
1309 3557 1413 3614 orauit:

265 3653 295 3702 et
312 3641 431 3700 sanitati
444 3643 579 3700 restituit
618 3643 785 3700 ’Veniente
800 3644 850 3700 illo
868 3646 906 3702 ed
923 3655 1041 3717 patrem
1054 3661 1151 3712 suum,
1164 3643 1194 3700 in
1203 3643 1270 3701 eius
1284 3646 1413 3703 aduentu

265 3731 389 3806 gauisus
416 3739 510 3804 pater,
536 3730 662 3804 capitale
691 3731 805 3789 crimen
829 3734 909 3805 quod
934 3749 1030 3806 vsque
1059 3741 1130 3789 tunc
1160 3731 1313 3790 celsuerat
1344 3733 1413 3808 pun

266 3820 373 3889 licouit,
382 3829 412 3877 et
425 3829 513 3892 caput
524 3835 611 3876 suum
624 3821 760 3890 totondit,
771 3837 864 3878 ποτε
877 3837 931 3878 sua
941 3821 1073 3877 maxime
1082 3819 1110 3878 ei
1123 3829 1317 3894 suggerente,
1326 3830 1413 3894 atque

221 3932 253 3982 40
266 3909 402 3968 dicente:
423 3907 508 3962 ‘Non
526 3907 623 3963 solum
645 3925 701 3980 ego
716 3916 746 3965 et
758 3916 799 3978 tu,
811 3917 842 3964 vt
854 3909 942 3966 decet
956 3917 987 3966 et
1004 3908 1153 3980 conuenit,
1167 3907 1411 3976 semianimem,

266 3997 320 4056 sed
334 4007 364 4056 et
376 4005 469 4052 totam
482 3994 598 4068 prolem
611 4003 745 4053 nostram
762 3997 793 4052 in
810 3995 859 4054 dei
877 3996 1000 4055 seruitio
1013 3997 1190 4071 iungamus?
1228 3995 1411 4054 Presentotis

298 4171 307 4202 ¹
323 4171 353 4221 T.
365 4179 558 4236 suscepturum
575 4168 604 4218 E.
617 4176 787 4232 recepturum
914 4169 925 4200 ¹
941 4169 971 4220 T.
985 4170 1088 4234 eltutus,
1100 4169 1151 4220 Vnt.
1164 4168 1233 4220 Piro.
1359 4170 1370 4200 ³
1385 4167 1409 4218 t:

265 4237 403 4288 seminent.
481 4237 491 4267 ⁴
507 4237 537 4286 E.
549 4234 726 4298 omnibusque.
800 4235 810 4266 ⁸
826 4257 848 4276 ι
861 4249 931 4298 sege,
940 4237 1066 4301 venefici,
1077 4235 1125 4286 dri
1135 4233 1197 4298 pund
1210 4235 1276 4285 0εοῦ
1286 4234 1410 4298 μάχεσθαι.

266 4304 276 4333 ⁸
291 4317 322 4352 so
335 4303 389 4352 Lib.
403 4304 483 4355 Lend.
599 4299 609 4331 '
621 4301 650 4352 E.
662 4302 797 4362 volutons3
813 4301 866 4350 vit.
877 4301 1044 4354 volucritans.
1155 4302 1166 4333 ⁸
1181 4300 1234 4352 Vtt.
1245 4302 1315 4352 mals
1326 4301 1409 4354 tom

266 4369 276 4400 ⁹
292 4367 332 4422 et.
344 4367 399 4420 VB.
499 4367 518 4398 ¹⁰
530 4367 559 4418 F„
571 4367 655 4418 nobis.
753 4367 772 4399 ¹¹
788 4366 839 4418 Vtt.
852 4367 970 4419 reddere
