3008 4904
431 329 507 422 tit
530 326 694 416 sancto
720 327 893 439 uentu.
1165 353 1234 426 179

78 529 142 584 vite
155 545 229 602 erga
242 537 378 585 sanctum
387 527 590 602 Augustinum
604 529 762 603 sociosque
775 529 840 587 eius
850 528 1051 600 deuotissima,
1061 529 1235 603 frequenter

78 616 202 685 adesse,
222 633 316 686 orare,
334 616 490 672 luminaria
508 619 681 688 accendere,
698 617 864 690 opertoria¹
884 627 1055 674 sanctorum
1075 635 1234 692 corporum

79 720 159 774 pura
182 712 212 759 et
232 704 325 760 nitida
347 721 469 760 seruare
489 704 611 761 solebat.
650 704 787 775 Quadam
809 715 909 762 autem
930 707 979 763 die
1002 723 1070 762 cum
1093 706 1173 764 fessa
1196 708 1235 762 ab

79 791 220 846 oratione
236 791 367 848 dormire
384 791 537 864 inciperet,
550 809 657 849 cereus
675 794 785 850 ardens
804 810 903 849 coram
921 802 1025 850 sancto
1037 792 1234 866 Aug[ustino]

79 877 310 951 negligent[ia]¹
323 879 473 936 extinctus
486 881 622 936 nidorem
632 880 729 951 dabat,
739 881 845 937 hausta
857 881 923 937 luce
936 881 1075 937 fumabat.
1114 881 1151 937 Et
1165 899 1234 937 ecce
1250 891 1264 940 5

78 967 217 1023 videtin
235 966 301 1024 visu
324 969 444 1024 beatum
468 967 614 1024 Mellitum
637 969 678 1025 de.
698 977 891 1024 monumento
913 979 1095 1042 surgentem,
1115 977 1145 1025 et
1167 987 1235 1026 cum

79 1071 194 1127 magna
212 1054 415 1127 indignatione
433 1055 638 1128 increpantem
655 1055 736 1111 illam
754 1064 782 1112 et
799 1055 967 1112 dicentem:
988 1055 1092 1112 ‘Vnde
1108 1056 1160 1113 tibi
1180 1056 1235 1113 hec

79 1143 216 1212 audacia,
232 1151 263 1200 vt
280 1143 328 1200 hic
345 1144 485 1213 dormias,
505 1152 533 1198 et
554 1153 713 1215 patronum
731 1143 885 1200 vestrum⁸
897 1143 1099 1216 Augustinum
1118 1161 1235 1216 nosque

79 1228 149 1285 eius
171 1230 303 1303 collegas
325 1231 390 1287 sine
411 1231 485 1288 lucis
507 1231 620 1287 honore
642 1230 829 1303 relinquasl'
868 1230 904 1287 Et
924 1241 1046 1287 extenta
1066 1233 1172 1288 dextra
1190 1232 1236 1288 in-

79 1327 206 1390 gentem
225 1319 383 1374 dormienti
402 1319 519 1390 alapam
538 1318 673 1375 incussit
710 1317 759 1374 Ad
779 1320 870 1374 ictum
889 1336 962 1374 vero
981 1319 1125 1375 inssictum
1143 1319 1236 1392 euigi-
1252 1333 1282 1369 10

78 1405 160 1475 lans,
173 1405 247 1461 vidit
263 1408 375 1479 apertis
392 1406 485 1463 oculis
502 1415 639 1462 sanctum
655 1424 673 1462 a
690 1423 723 1462 se
742 1405 938 1462 redeuntem*
950 1415 980 1462 et
998 1407 1131 1463 tumbam
1149 1424 1234 1464 suam

79 1492 255 1549 intrantem.
291 1493 379 1550 Adeo
396 1493 477 1550 enim
493 1493 641 1549 rubebant
658 1493 744 1566 signa
757 1492 917 1565 digitorum
930 1503 959 1550 et
977 1494 1075 1566 palme
1092 1495 1235 1566 ferientis,

79 1597 116 1636 ac
132 1579 158 1636 si
171 1580 286 1636 recenti
299 1580 446 1654 sanguine
458 1579 598 1637 distincta
611 1590 720 1638 essent.
796 1569 914 1638 Mulier
926 1583 1064 1653 quedam,
1077 1583 1237 1656 podagrica

79 1677 111 1724 et
132 1667 277 1740 ciragrica
294 1668 465 1725 infirmitate
484 1671 613 1738 astricta,
629 1668 757 1742 pedibus
775 1669 905 1741 prodire,
918 1670 957 1724 de
976 1670 1083 1725 lectulo
1103 1687 1236 1742 surgere,

80 1771 194 1811 manus
207 1756 244 1812 ad
257 1773 292 1811 os
305 1755 405 1812 leuare
418 1772 478 1812 non
491 1756 603 1826 valens,
613 1756 680 1812 fusa
692 1757 729 1812 ad
743 1757 863 1813 beatum
878 1755 1024 1812 Mellitum
1038 1775 1136 1829 prece,
1147 1759 1236 1814 mori·
1253 1769 1282 1818 15

80 1843 187 1898 bunda
203 1843 240 1898 ad
253 1843 344 1900 vitam
361 1844 459 1900 subito
477 1843 571 1913 rediit,
585 1861 706 1900 omnem
724 1845 858 1900 dolorem
876 1845 967 1914 exuit,
985 1843 1112 1901 salutem
1131 1845 1236 1912 induit,

79 1929 132 1986 ⁵et
146 1932 184 1987 ad
198 1947 253 1987 sua
265 1933 375 2004 gratias
387 1949 481 2004 agens
494 1931 621 1988 letanter
632 1931 720 1988 rediit
730 1930 750 1988 ⁶.
801 1920 897 1988 Miles
907 1934 1027 2005 quidam
1038 1933 1121 2004 graui
1131 1935 1236 1988 morbo

81 2019 235 2089 detentus
248 2019 321 2075 vidit
335 2019 482 2075 Mellitum
495 2019 716 2092 pontificalibus
732 2019 870 2076 indutum
884 2021 939 2076 sibi
957 2028 1055 2076 astare
1072 2037 1105 2076 ac
1119 2019 1236 2078 dicere:

81 2105 155 2176 ‘Te,
171 2106 274 2180 inquit,
290 2107 348 2163 iam
367 2107 511 2180 sospitem
530 2107 567 2164 ab
585 2107 640 2163 hoc
658 2107 734 2164 lecto
752 2107 929 2180 egritudinis
948 2107 1029 2164 iubet
1047 2125 1171 2180 surgere
1191 2109 1236 2164 cui

81 2195 155 2250 data
171 2203 218 2250 est
233 2193 327 2267 gratia
344 2194 505 2252 curationis
521 2199 588 2251 tue’
625 2195 674 2251 Ad
689 2195 766 2252 hanc
778 2212 884 2252 vocem
897 2195 984 2251 miles
999 2213 1091 2252 sanus
1103 2195 1237 2268 effectus,
1254 2209 1284 2245 ²0

82 2283 154 2354 quis
167 2281 224 2338 sibi
236 2299 412 2339 succurrere
422 2282 561 2355 dignatus
575 2282 613 2340 sit
626 2282 788 2355 inquisiuit.
826 2282 863 2338 Et
876 2282 926 2339 ille
939 2303 945 2339 :
964 2282 1076 2355 ‘[lpse]
1086 2282 1104 2350 ⁶,
1111 2283 1159 2353 ait,
1169 2301 1237 2340 sum

84 2369 229 2439 mellitus,
242 2370 292 2442 qui
311 2371 397 2426 beato
410 2369 580 2443 Augustino
597 2372 628 2426 in
645 2369 819 2444 pontificatu
837 2370 970 2427 successi
988 2369 1110 2427 tertius?
1186 2359 1237 2428 Iu-

82 2458 174 2514 uenis
198 2457 319 2530 quidam
339 2457 507 2526 Cantuarie,
526 2458 656 2530 simplex
682 2466 711 2514 et
737 2459 889 2514 neminem
913 2457 1028 2528 ledens,
1048 2467 1078 2514 et
1102 2459 1140 2514 de
1166 2476 1237 2531 pos-

83 2544 226 2601 sessione
250 2562 306 2601 sua
329 2545 513 2618 pauperibus
537 2545 730 2616 distribuens,
755 2547 875 2601 beatum
902 2545 1048 2602 Mellitum
1072 2545 1103 2601 in
1129 2563 1238 2620 magna

82 2631 281 2689 veneratione
302 2632 437 2690 habebat
482 2631 611 2690 Coactus
636 2634 758 2689 demum
782 2634 820 2689 ab
844 2632 949 2690 amicis
967 2651 1093 2690 vxorem
1119 2635 1237 2706 ducere,
1254 2651 1283 2700 25

82 2737 144 2794 per
174 2727 267 2775 totam
295 2728 414 2776 noctem
439 2721 519 2777 cun's
546 2729 575 2776 et
599 2721 765 2793 questubus
795 2721 928 2776 animum
958 2719 1075 2777 affecit⁷
1099 2739 1152 2777 cur
1183 2723 1238 2779 hec

82 2806 207 2864 vincula
225 2805 371 2864 induerit⁸
383 2807 434 2880 qui
448 2806 524 2863 liber
542 2816 614 2877 erat,
627 2817 656 2864 ct
675 2809 740 2864 sine
759 2807 871 2864 domini
888 2810 934 2865 sui
951 2819 980 2864 et
995 2810 1112 2881 patroni
1133 2809 1239 2866 Melliti

83 2893 214 2952 consilio
231 2894 286 2950 hoc
304 2893 416 2952 fecerit.
455 2894 599 2951 intactam
615 2904 714 2953 autem
727 2895 875 2967 virginem
889 2895 1050 2966 dimittens,
1064 2913 1153 2953 mane
1170 2908 1238 2954 ante

84 2989 226 3039 sanctum
247 2981 395 3038 Mellitum
420 2982 523 3039 multis
548 2983 688 3055 precibus
709 2991 738 3038 et
764 2982 902 3056 suspiriis
928 2984 1056 3040 salutare
1078 2984 1170 3057 exigit
1192 3002 1239 3041 re-

83 3085 244 3142 sponsum.
276 3068 425 3142 Soporato
437 3071 559 3126 tandem
572 3079 694 3127 sanctus
707 3069 798 3126 astitit
809 3069 948 3140 Mellitus,
958 3071 1099 3141 hortatur,
1112 3073 1239 3144 imperat
1253 3088 1285 3138 30

82 3167 118 3213 vt
137 3172 282 3229 sponsam
295 3159 391 3227 suam,
403 3157 502 3214 debita
521 3159 590 3214 dote
609 3157 734 3227 reddita,
747 3157 921 3230 parentibus
939 3158 1080 3214 intactam
1096 3159 1239 3231 restituat,

83 3253 117 3301 et
142 3244 210 3316 ipse
232 3243 375 3300 castitatis
395 3247 475 3301 viam
497 3262 591 3317 vsque
616 3245 647 3300 in
673 3245 766 3300 finem
789 3254 893 3301 tenere
919 3247 1045 3302 studeat.
1084 3246 1239 3320 Euigilans

85 3340 191 3388 autern
213 3329 338 3400 iuuenis,
363 3333 442 3404 quod
469 3332 585 3388 iussum
608 3331 712 3402 suerat,
734 3332 905 3404 quantotius
929 3333 1055 3405 implere
1080 3334 1239 3392 festinauit.

88 3407 168 3476 Post
182 3427 301 3474 centum
315 3419 394 3476 enirn
410 3419 502 3475 lustra
514 3419 657 3475 translato
670 3436 795 3492 corpore
811 3421 905 3476 sancti
919 3420 1080 3493 Augustini
1097 3431 1127 3477 et
1144 3423 1239 3478 socio·

84 3523 157 3564 rum
173 3506 246 3572 eius,
259 3506 380 3578 quidam
398 3505 494 3575 mileS,
508 3507 592 3563 cuius
609 3505 727 3562 oculum
745 3507 944 3564 carbunculus
962 3511 1146 3582 possederat,
1161 3509 1240 3567 inter
1254 3527 1284 3579 35

84 3596 203 3651 densos
228 3610 340 3650 cuneos
366 3593 520 3650 brachium
546 3593 705 3666 protendit,
726 3602 893 3651 extremam
918 3605 1035 3669 partem
1059 3599 1154 3654 vectis
1179 3616 1239 3671 quo

84 3680 168 3739 beati
185 3679 290 3736 Melliti
310 3679 453 3738 feretrum
471 3681 651 3753 portabatur,
670 3681 797 3738 summis
814 3681 914 3754 digitis
931 3684 1060 3755 contigit,
1080 3683 1239 3757 ipsumque

86 3778 203 3827 tactum
223 3768 308 3842 quasi
333 3767 479 3825 collirium
505 3777 535 3825 et
556 3769 702 3841 optimum
722 3778 908 3842 unguentum
930 3771 1066 3827 morbido
1088 3771 1173 3826 oculo
1195 3772 1239 3827 in-

84 3855 207 3916 fricuit:
228 3864 257 3913 et
275 3857 374 3912 statim
392 3857 493 3912 sanies
510 3855 653 3930 pestifera
665 3855 799 3925 defluxit,
813 3865 841 3912 et
858 3874 980 3912 omnem
994 3857 1128 3914 dolorem
1142 3858 1240 3914 subita

84 3945 182 4013 salus,
194 3951 226 4000 vt
245 3943 296 3999 lux
312 3944 461 4013 tenebras,
474 3942 625 4016 effugauit.
663 3942 734 3999 Post
751 3945 911 4001 missarum
923 3961 996 4000 vero
1009 3945 1239 4003 celebrationem
1253 3960 1286 4011 40

84 4031 292 4104 adiunguntur
304 4029 473 4103 Augustino
493 4030 574 4102 digni
592 4032 771 4102 sacerdotes,
785 4031 867 4105 prior
883 4031 1061 4088 laurentius
1080 4049 1098 4088 a
1115 4034 1239 4105 dextris,

85 4119 242 4179 secundus
256 4117 387 4176 Mellitos
399 4135 418 4175 a
430 4118 568 4175 sinistris.

119 4267 179 4317 ιΕ.
192 4267 356 4329 opertorium.
477 4266 533 4316 ¹T.
546 4265 574 4318 E.
588 4265 756 4328 negligenter.
872 4267 928 4316 Ἐ
943 4275 1067 4317 nostrum.
1182 4267 1239 4318 ΙΕ.

85 4335 242 4451 ἷζὲἶιιὲηὲὶω.
318 4332 348 4370 ⁵³
364 4332 397 4384 al.
408 4331 477 4382 viu„
553 4329 608 4382 ‘'l'.
623 4331 697 4394 lpse;
715 4333 743 4382 E.
759 4332 822 4395 Ego.
898 4331 1061 4384 'Eeffecit
1137 4333 1192 4386 ⁸1.
1208 4335 1242 4416 E.

638 4508 689 4548 Μ
