3052 4896
292 309 367 386 554
726 283 929 388 tppmm
957 288 1009 362 1¹·

289 507 355 546 vere
367 489 456 546 credit
469 489 515 563 qui
528 499 638 547 exercet
650 489 795 562 operando
808 487 885 562 quod
897 487 1004 544 credit!
1041 486 1108 544 iliis
1120 503 1245 560 quoque
1258 489 1361 546 modis
1373 488 1458 561 quoad

289 572 354 629 fidei
368 591 417 629 seu
434 573 607 630 credulitatis
622 571 836 628 obseruanciam
854 573 1010 628 monachus
1027 571 1080 628 iste
1096 570 1224 626 feliciter
1237 572 1325 628 vixit.
1364 575 1396 628 ln
1412 590 1457 642 spe
1502 581 1503 612 ³

289 673 356 712 vero
368 655 457 724 fortis,
470 658 594 727 paciens,
606 655 776 728 longanimis
788 665 816 712 et
829 671 1014 726 perseuerans
1027 653 1080 711 iste
1095 656 1264 710 monachus
1283 657 1351 712 fuit.
1388 658 1458 710 Nam

289 755 359 794 sana
380 740 559 796 consciencia
580 739 655 794 intus
678 739 706 794 in
728 740 824 794 animo
845 739 917 794 adeo
938 739 1062 794 narnitus
1083 738 1185 806 extitit,
1207 749 1244 794 vt
1271 741 1359 795 nulla
1376 737 1459 811 potuit

261 822 462 888 saduersitate
483 823 582 894 frangi,
604 823 681 878 nulla
704 831 815 878 terrena
838 821 970 878 felicitate
994 837 1012 876 a
1035 823 1111 876 bono
1137 833 1293 892 concepto
1320 822 1460 894 preposite

289 904 393 974 seduci,
406 906 488 962 auelli
501 909 545 961 vel
559 905 669 974 mutari,
682 917 724 961 set
741 905 884 976 pacienter
901 915 929 961 et
947 902 1142 975 longanimiter
1158 904 1189 958 in
1208 907 1374 977 proposito
1390 907 1459 961 bono

289 999 318 1046 et
341 989 473 1060 precipue
495 988 671 1056 monachico,
690 989 766 1061 quod
786 989 823 1044 ab
846 987 930 1043 inicio
948 989 1086 1059 pmfessus
1104 997 1158 1054 est,
1178 988 1460 1044 incommutabiliter

289 1073 428 1144 usquead
444 1082 563 1129 mortem
582 1071 780 1144 perseuerauit,
793 1087 845 1126 nec
858 1072 915 1126 vllo
932 1071 1017 1126 modo
1034 1071 1186 1141 desperare
1204 1073 1309 1142 potuit
1329 1075 1370 1129 de
1386 1070 1458 1127 retr'e

289 1155 409 1212 bucione
427 1155 566 1212 felicitatis
584 1165 688 1212 eterne.
726 1155 879 1210 Caritatem
892 1171 959 1210 vero
977 1155 1133 1210 monachus
1152 1154 1208 1209 iste
1229 1173 1308 1226 erga
1329 1157 1415 1212 deum
1433 1165 1458 1208 et

246 1261 278 1299 ro
289 1239 388 1296 fratres
400 1257 466 1295 suos
478 1249 640 1296 constanter
652 1239 759 1294 tenuit:
780 1239 857 1292 Nam
869 1248 1022 1293 creatorem
1035 1255 1114 1293 suum
1131 1237 1159 1292 in
1177 1248 1299 1294 tantum
1315 1240 1458 1298 dilexerat
1502 1279 1503 1282 η

289 1323 368 1378 cuius
386 1323 471 1380 solius
489 1322 577 1378 amori
597 1339 708 1393 semper
726 1323 853 1379 inherere
873 1322 1012 1392 cupiebat,
1025 1331 1054 1376 vt
1072 1323 1109 1376 ob
1126 1320 1189 1378 eius
1209 1320 1458 1394 integer[r]imam

289 1405 473 1461 dileccionem
486 1407 627 1462 seculares
645 1406 766 1461 honores
784 1405 924 1477 quoslibet
943 1405 1055 1476 penitus
1073 1404 1213 1470 deuitans,
1226 1423 1387 1477 nusquam
1404 1417 1457 1460 tote

289 1497 415 1560 ternpore
424 1488 481 1544 vite
491 1507 541 1545 sue
554 1489 627 1546 curis
635 1487 783 1544 velolliciis
797 1489 973 1544 interioribus
980 1490 1024 1543 vel
1037 1487 1220 1544 exterioribus
1232 1489 1458 1560 quomodolibet

289 1572 376 1628 uoluit
400 1572 547 1644 implicari,
565 1585 608 1628 set
626 1573 821 1628 tantummodo
840 1589 904 1626 cum
923 1579 1063 1626 conuentu
1082 1569 1157 1627 etin
1177 1582 1332 1627 mouentur
1354 1573 1456 1626 diuinis

246 1679 257 1718 ι
261 1681 276 1734 5
289 1655 441 1727 obsequiis,
454 1666 482 1712 et
495 1657 524 1713 in
537 1656 652 1712 fratrum
667 1673 780 1712 suorum
793 1655 926 1711 oneribus
940 1653 1146 1726 subponendis,
1159 1655 1304 1710 continue
1316 1666 1350 1710 et
1364 1656 1456 1710 inlati·
1502 1677 1503 1694 ¹

289 1739 418 1811 gabiliter
430 1739 584 1810 permansit
596 1749 758 1810 occupatus,
772 1739 819 1795 vbi
832 1739 963 1794 omnibus
975 1738 1161 1793 confratribus
1173 1737 1233 1792 suis
1246 1739 1455 1803 humillimum

289 1823 555 1890 mansuetissimum,
578 1823 663 1894 pium,
685 1823 855 1890 modestum,
878 1822 1065 1892 tranquillum,
1093 1820 1246 1892 placidum,
1278 1822 1455 1892 pacientem,

289 1907 476 1974 obedientem,
506 1907 650 1974 deuotum,
680 1918 708 1963 et
734 1907 866 1977 precipue
899 1905 1077 1960 caritatiuum
1115 1904 1305 1973 semetipsum
1340 1921 1456 1976 semper

289 1991 421 2046 exhibuit.
459 1990 575 2046 Solebat
588 2005 710 2060 namque
724 1989 879 2044 monachus
891 1988 945 2043 iste
957 1987 1102 2044 nocturnis
1115 1987 1246 2058 precipue
1260 1989 1453 2058 temporibus,
1502 2031 1503 2060 ,

245 2097 277 2134 ao
290 2075 358 2130 dum
379 2083 534 2128 conuentus
555 2090 586 2128 se
605 2073 692 2144 quieti
712 2071 846 2140 dedisset,
869 2073 967 2128 relicto
986 2081 1075 2126 stratu
1097 2089 1149 2126 suo
1170 2072 1207 2126 de
1228 2071 1406 2126 dormitorio
1428 2073 1454 2126 in

290 2157 438 2213 ecclesiam
451 2157 571 2212 latenter
582 2156 753 2212 descendere
766 2167 794 2211 et
807 2157 843 2210 ad
856 2155 944 2212 altare
953 2157 1035 2210 beate
1049 2155 1140 2210 Maris
1153 2165 1181 2210 et
1194 2165 1295 2211 sancte
1312 2157 1452 2211 Katerine

291 2240 413 2296 martiris
430 2240 544 2296 caucius
561 2257 686 2310 pergere,
700 2255 737 2294 ne
755 2238 970 2309 inuestigaretur
988 2239 1024 2294 ab
1042 2237 1144 2309 aliquo,
1156 2249 1184 2293 et
1203 2237 1252 2306 ibi,
1265 2237 1336 2308 quia
1356 2241 1450 2293 locrnn

290 2323 383 2394 ipsum
402 2325 549 2394 reputabat
569 2323 796 2389 secretissimum,
809 2322 838 2376 in
850 2321 1027 2378 oracionibus
1040 2339 1070 2376 se
1083 2333 1234 2392 prostrare,
1246 2332 1276 2375 et
1290 2331 1450 2391 prostratus

288 2407 396 2462 orando
404 2407 527 2477 vigilare,
536 2423 680 2477 vsquequo
690 2406 812 2460 sonitum
824 2405 932 2462 audiret
945 2405 1091 2460 cuiusdam
1104 2404 1287 2459 tintinnabuli
1301 2405 1332 2459 in
1342 2404 1448 2460 dormi·

246 2511 275 2562 ²⁵
289 2489 371 2558 torio,
384 2507 440 2560 quo
458 2489 557 2545 frames
577 2489 668 2544 solent
686 2505 705 2543 a
723 2505 843 2559 sompno
860 2488 993 2556 excitari3
1014 2505 1070 2560 quo
1088 2505 1156 2543 vero
1174 2488 1272 2558 agnito
1291 2497 1321 2543 et
1340 2489 1448 2552 audita

289 2572 392 2627 lectum
408 2571 544 2642 [repetere
552 2577 592 2641 et]
604 2571 613 2604 ¹
624 2572 704 2643 qussi
717 2589 781 2627 cum
793 2572 855 2628 aliis
868 2571 999 2627 fratribus
1013 2582 1080 2627 tunc
1092 2573 1182 2642 primo
1195 2571 1375 2639 surrexisset,
1389 2569 1448 2626 sic¹

289 2671 353 2710 cum
363 2654 471 2710 eisdem
481 2667 597 2726 paratus
607 2657 644 2711 ad
653 2655 776 2710 officium
787 2655 913 2712 diuinum
922 2655 1113 2726 peragendum
1123 2655 1152 2709 in
1161 2654 1315 2710 ecclesiam
1325 2655 1446 2711 descen-

290 2738 365 2805 dere,
378 2755 466 2808 vsque
483 2738 520 2792 ad
535 2738 727 2809 expletionem
740 2739 941 2794 matutinorum
954 2749 1111 2794 moratums
1124 2738 1240 2794 ibidem.
1278 2739 1319 2793 Et
1331 2739 1374 2794 sic
1384 2753 1447 2794 rare

289 2819 417 2876 velnulla
425 2821 550 2876 noctium
559 2831 687 2892 tempora
696 2818 1060 2893 pertransiemnt⁸quenon
1068 2821 1146 2876 duxit
1156 2821 1313 2892 peruigilet
1321 2823 1446 2890 insomp

244 2921 277 2972 3⁰
289 2905 342 2960 nis.
365 2905 402 2959 Et
412 2904 609 2961 nichilominus
622 2905 651 2960 in
664 2905 807 2976 obsequiis
815 2903 918 2960 diuinis
927 2903 1090 2961 exercendis
1097 2917 1156 2960 tarn
1165 2905 1203 2960 de
1211 2914 1298 2960 nocte
1307 2923 1398 2977 quam
1410 2908 1445 2961 de

290 2987 344 3056 die,
352 2997 380 3044 et
388 3004 439 3058 pro
449 3005 479 3043 se
488 2988 549 3058 ipso
558 2999 586 3044 et
595 2986 786 3060 profratribus
796 2988 1023 3058 suispmmptus
1031 2988 1326 3058 paratusetassiduus
1334 3006 1445 3059 semper

288 3071 349 3127 fuit.
387 3073 463 3126 Nam
476 3071 602 3143 quolibet
614 3071 660 3126 die
672 3081 721 3126 aut
737 3069 854 3126 missam
871 3069 994 3140 gloriose
1006 3070 1123 3141 virginis
1142 3070 1243 3139 Marie,
1256 3083 1307 3128 aut
1327 3073 1444 3129 missam

289 3153 490 3219 matutinalem,
512 3165 561 3209 aut
580 3171 721 3208 summam
740 3154 865 3222 missam,
885 3155 929 3208 vel
950 3155 1050 3209 saltem
1071 3153 1187 3209 missam
1207 3154 1353 3224 priuatam
1373 3156 1444 3211 cele·

289 3235 400 3305 braret;
420 3247 546 3308 preterea
564 3246 612 3292 aut
629 3237 780 3307 epistolam
791 3238 836 3292 vel
855 3235 1032 3306 euangelium
1050 3237 1078 3291 in
1097 3253 1208 3293 summa
1219 3238 1309 3294 missa
1322 3241 1445 3310 legeret⁴

244 3337 276 3388 3⁵
290 3319 392 3374 cotidie
411 3321 570 3376 reuestitus.
614 3321 716 3377 Grauis
738 3337 861 3392 namque
880 3337 952 3392 pena
974 3320 1027 3375 sibi
1048 3321 1109 3389 fuit,
1127 3321 1151 3376 si
1172 3321 1332 3392 cuiuspiam
1352 3323 1443 3378 fratris

288 3417 359 3458 onus
372 3413 431 3458 tam
444 3403 504 3474 [de]
520 3404 566 3460 die
578 3421 663 3476 quam
676 3405 712 3460 de
726 3414 808 3460 nocte
820 3403 936 3459 minime
950 3403 1045 3460 subire
1060 3403 1214 3474 potuissem
1234 3415 1262 3460 et
1275 3422 1293 3459 e
1305 3423 1443 3463 conuerso

289 3501 423 3555 magnum
447 3487 593 3542 videbatur
619 3487 672 3543 sibi
702 3487 838 3543 solacium
862 3487 1023 3558 contigisse,
1050 3505 1115 3542 curn
1138 3505 1157 3543 a
1180 3503 1325 3559 quoquam
1360 3489 1444 3546 fratre

288 3568 450 3638 regulariter
462 3571 490 3626 in
504 3571 629 3626 tabulata
641 3571 694 3626 sibi
707 3568 915 3641 iniungeretur⁸
926 3571 1002 3627 vices
1014 3587 1080 3626 suas
1093 3581 1274 3642 supportare;
1291 3573 1335 3628 sic
1348 3575 1442 3644 procnl

289 3653 385 3720 dubio,
409 3663 439 3708 vt
470 3654 493 3708 si
518 3653 652 3724 possibile
676 3654 782 3724 fuisset,
803 3663 891 3710 totum
915 3655 1080 3726 obsequium
1105 3654 1232 3710 diuinum
1256 3655 1394 3712 diumurn
1417 3667 1442 3710 et

243 3755 277 3805 4ο
288 3745 455 3792 nocturnum
469 3738 545 3792 solus
558 3738 619 3808 ipse
631 3737 814 3794 libentissime
831 3755 882 3808 pro
894 3737 1026 3793 fracibus
1037 3738 1094 3793 suis
1105 3738 1294 3792 sustinuisset.
1322 3742 1334 3804 ΙΙ
1359 3742 1443 3794 Nunc

289 3837 357 3890 ergo
374 3819 441 3876 libet
457 3819 556 3876 intueri
574 3823 724 3891 quomodo,
738 3822 857 3892 qualiter
869 3831 897 3876 et
910 3821 956 3876 vbi
970 3823 1126 3876 monachus
1139 3821 1192 3876 iste
1204 3821 1276 3876 cibis
1288 3831 1318 3878 et
1331 3823 1441 3892 potibus

289 3905 360 3960 solet
371 3903 498 3959 recreari.
520 3905 553 3958 ln
563 3903 668 3973 primis,
677 3906 814 3960 veraciter
823 3905 877 3961 dici
888 3915 980 3975 potest
993 3905 1068 3976 quod
1078 3903 1245 3973 aprimitiua
1257 3906 1442 3962 conuersioue

290 4003 341 4042 sua
353 4004 440 4058 usque
452 3989 551 4042 horam
562 3987 637 4042 illam
650 4003 706 4058 qua
718 3987 829 4056 interiit,
837 4003 974 4058 nusquam
985 3997 1063 4042 extra
1072 3987 1248 4042 refectorium
1258 3990 1442 4044 manducauit

290 4072 333 4126 vel
347 4070 425 4137 bibit,
438 4081 480 4126 set
493 4087 604 4141 semper
615 4070 692 4126 horis
705 4071 860 4141 prandendi
873 4070 917 4126 vel
931 4070 1045 4126 bibendi
1058 4070 1170 4126 statutis
1184 4081 1302 4141 paratus
1314 4072 1367 4127 fuit
1378 4089 1440 4128 mm

244 4165 277 4215 ts
291 4163 429 4210 conuentu
447 4165 476 4210 et
493 4154 522 4209 in
538 4165 677 4210 conuentu
694 4155 807 4224 qualem
825 4154 878 4209 sibi
897 4153 1002 4225 placuit
1020 4163 1199 4225 percepturus
1216 4169 1370 4209 annonam
1410 4157 1440 4210 ln

290 4235 370 4292 cuius
388 4237 489 4293 haustu
512 4237 573 4293 siue
594 4246 677 4308 gustu
696 4237 749 4293 sibi
769 4237 823 4307 ipsi
841 4237 925 4292 nimis
944 4253 1044 4308 parcus
1065 4237 1203 4293 extiterat.
1239 4236 1328 4294 Omni
1346 4249 1439 4294 tamen

307 4347 385 4400 ¹om.
419 4347 500 4400 ¹M8·
511 4355 538 4400 et
548 4349 594 4400 sic.
628 4349 707 4401 ⁸Ms.
719 4351 910 4414 pertransierat.
943 4349 1026 4401 ‘MS
1035 4349 1138 4416 legerat.
1169 4348 1437 4417 ‘blaperungeretun
