3012 4898
418 332 493 427 ma
517 327 681 421 &aaut
706 329 906 433 mantuo.
1165 335 1234 424 283

83 531 189 589 niuem
202 541 231 588 et
245 531 339 606 frigus
353 533 391 590 ab
405 533 593 591 hominibus!
631 533 740 606 Magus
756 532 814 592 ait:
835 533 922 590 ‘Non
940 549 1064 607 possum
1081 531 1235 605 deponere

83 637 182 692 vsque
198 637 265 678 cras
282 621 313 676 in
329 621 383 677 hac
401 623 492 678 hora’
530 621 676 678 Patricius
693 621 785 680 dixit:
806 621 914 679 ‘Potes
932 621 1043 679 malum
1059 620 1167 684 sacere,
1180 620 1235 676 sed

83 723 146 763 non
167 707 298 764 bonum'
336 707 373 765 Et
395 709 512 766 eleuata
532 727 623 766 manu
644 709 798 768 benedixit
818 725 975 782 campum:
1002 717 1032 765 et
1051 707 1151 765 statim
1169 707 1236 763 sine

82 794 189 867 pluuia
201 803 232 851 et
243 803 334 852 vento
347 799 468 852 euanuit
481 795 542 854 nix.
580 796 617 853 Et
630 798 835 854 clamauerunt
847 814 954 854 omnes
967 805 997 852 et
1008 793 1144 852 admirati
1157 803 1235 852 sunt

82 881 173 938 Tunc
186 882 304 939 induxit
317 900 423 955 magus
436 883 633 941 densissimas
645 885 786 941 tenebras
799 902 891 958 super
902 894 1031 942 terram:
1051 891 1160 940 etcum
1174 899 1235 938 non
1249 887 1263 938 ⁵

82 979 190 1042 posset
201 987 254 1026 eas
266 971 422 1044 repellere,
431 981 535 1029 orante
546 981 648 1029 sancto
657 972 786 1029 Patricio
797 971 930 1045 expulsis
940 971 1074 1028 tenebris
1086 971 1131 1027 sol
1144 987 1237 1042 super

81 1067 199 1114 terram
222 1057 347 1114 refulsit.
384 1058 422 1114 Et
444 1059 650 1116 clamauerunt
673 1076 780 1116 omnes
797 1069 827 1116 et
845 1061 954 1132 gratias
973 1067 1107 1132 egerunt.
1151 1058 1237 1114 Tunc

81 1143 160 1200 inito
180 1144 306 1201 consilio
324 1153 356 1202 vt
373 1147 512 1203 venirent
531 1146 619 1203 simul
639 1165 745 1221 magus
763 1157 792 1204 et
811 1165 886 1222 puer
900 1146 1018 1203 Patricii
1032 1147 1186 1218 Benignus
1205 1145 1236 1202 in

81 1249 177 1287 vnam
191 1233 323 1300 domum,
334 1243 364 1289 et
376 1243 544 1290 statuerunt
554 1243 585 1291 vt
598 1236 706 1292 domus
718 1235 769 1292 illa
781 1237 994 1292 accenderetur
1006 1236 1083 1308 igne,
1094 1242 1124 1290 et
1136 1233 1238 1290 casula

84 1317 209 1376 Patricii
222 1329 305 1377 esset
317 1321 397 1377 circa
409 1339 539 1394 magum,
552 1332 582 1379 et
596 1322 696 1379 casula
711 1323 788 1396 magi
802 1325 882 1380 circa
893 1339 1020 1397 puerum
1035 1321 1160 1378 Patricii.
1199 1320 1236 1376 Et
1253 1333 1283 1370 10

84 1405 188 1464 missis
207 1407 266 1462 illis
284 1408 315 1464 in
328 1408 439 1481 ignem,
453 1427 545 1482 rogus
558 1426 679 1483 magum
693 1413 879 1484 consumpsit
891 1421 921 1467 et
933 1409 1104 1467 dimidiam¹
1119 1417 1236 1482 partem

85 1495 204 1562 domus,
218 1503 249 1552 et
267 1496 399 1552 casulam
420 1497 538 1554 Patricii
553 1498 632 1570 ignis
646 1515 707 1554 non
724 1499 836 1571 tetigit;
856 1515 984 1572 puerum
997 1515 1069 1554 vero
1087 1498 1152 1554 eius
1168 1511 1236 1552 cum

87 1581 205 1653 [altera]
223 1582 344 1640 dimidia
365 1593 451 1657 parte
467 1584 575 1640 domus
596 1584 717 1641 llamma
741 1603 802 1641 non
822 1585 994 1655 combussit,
1013 1585 1113 1641 casula
1134 1591 1235 1640 tamen

85 1669 168 1742 magi
187 1669 267 1726 circa
285 1688 354 1728 eum
371 1680 478 1728 exusta
494 1680 548 1730 est.
589 1672 627 1728 Et
639 1673 733 1729 iratus
745 1683 792 1730 est
804 1691 859 1730 rex
871 1691 926 1746 pro
939 1681 1034 1729 morte
1048 1671 1126 1745 magi
1140 1673 1194 1740 sui,
1208 1679 1237 1728 et

85 1765 225 1812 sanctum
248 1757 385 1815 occidere
406 1758 517 1816 voluit:
546 1761 599 1817 sed
620 1769 700 1816 terra
721 1761 837 1834 aperuit
861 1778 896 1816 os
920 1777 1010 1818 suum
1031 1768 1061 1818 et
1083 1758 1236 1816 deuorauit
1252 1769 1281 1819 1⁵

85 1859 230 1916 magnam
243 1854 359 1917 partem
373 1847 412 1903 de
425 1846 553 1919 populo;
573 1855 603 1904 et
620 1847 707 1920 pauci
724 1857 917 1906 remanentes
934 1849 971 1904 ad
989 1846 1080 1904 fidem
1097 1845 1237 1903 conuersi

85 1940 168 1988 sunt.
212 1932 299 1990 Tunc
318 1950 372 1990 rex
392 1935 499 1990 timore
518 1938 695 2008 perterritus
719 1936 857 2009 promisit
881 1936 960 2008 quod
980 1934 1080 1991 omnia
1098 1952 1157 2006 que
1179 1934 1236 1990 sibi

87 2019 237 2077 Patricius
249 2020 370 2091 diceret,
383 2021 541 2094 impleret:
561 2024 616 2079 sed
629 2031 730 2080 tamen
744 2024 886 2096 baptizari
900 2025 1005 2080 renuit
1044 2022 1099 2078 Cui
1115 2029 1236 2078 sanctus

84 2107 127 2164 ait
140 2126 147 2162 :
167 2106 250 2180 ‘Ego
263 2109 431 2181 relinquam
439 2118 469 2166 te
482 2110 604 2166 arbitrio
613 2118 672 2181 tuo,
681 2111 750 2183 quia
758 2113 768 2143 ²
776 2112 863 2168 valde
874 2110 1005 2170 restitisti
1015 2110 1149 2166 doctrine
1159 2126 1237 2178 mee,

84 2203 117 2250 et
130 2193 282 2252 afflixisti³
295 2212 353 2253 me.
392 2196 498 2254 Nullus
511 2198 549 2254 de
562 2197 679 2254 semine
691 2207 742 2254 tuo
757 2198 892 2272 regnabit
909 2207 977 2272 post
990 2207 1019 2254 te
1035 2200 1066 2253 in
1080 2197 1236 2253 eternum!
1251 2211 1283 2246 ιο

87 2285 209 2358 Regina
217 2303 291 2342 vero
303 2285 429 2344 credidit
437 2286 556 2344 Christo
569 2296 599 2344 et
611 2288 757 2361 baptizata
770 2297 825 2345 est.
898 2276 982 2346 Cum
994 2295 1094 2344 autem
1103 2285 1236 2342 venisset

85 2372 237 2430 Patricius
248 2375 287 2430 ad
300 2373 486 2445 Conaldum⁴
498 2374 621 2431 fratrem
636 2375 790 2448 Leogaire,
803 2375 948 2432 conuertit
957 2392 1026 2431 eum
1042 2375 1079 2430 ad
1092 2373 1193 2441 fidem,
1206 2380 1237 2429 et

85 2462 212 2517 domum
237 2462 309 2517 eius
348 2461 387 2518 Et
407 2462 512 2518 obtulit
534 2462 660 2518 Patricio
682 2479 803 2519 omnem
823 2464 946 2519 domum
968 2479 1053 2519 suam
1074 2469 1104 2518 et
1125 2459 1236 2516 habita·

85 2548 198 2619 culum,
219 2557 249 2605 et
270 2548 344 2605 dixit
366 2549 410 2606 ei:
439 2549 515 2607 ‘Fac
539 2550 592 2608 tibi
616 2549 764 2608 ciuitatem
789 2552 828 2608 de
853 2551 909 2607 hoc
931 2549 1106 2618 habitaculo,
1125 2557 1155 2604 et
1179 2564 1236 2620 ego

85 2635 197 2692 faciam
217 2635 289 2692 mihi
309 2637 388 2692 aliud
403 2637 603 2694 habitaculum
619 2655 675 2710 pre
691 2638 804 2695 foribus
822 2638 949 2695 ciuitatis
965 2640 1033 2694 tue!
1071 2636 1109 2692 Et
1125 2635 1235 2692 sactum
1251 2651 1281 2703 ²5

85 2732 136 2779 est
149 2723 198 2778 ita
237 2722 275 2778 Et
287 2723 328 2779 ait
342 2723 505 2782 Patricius:
525 2724 577 2781 ‘In
592 2725 648 2782 hoc
661 2726 829 2782 habitaculo
846 2726 919 2798 [tuo]
933 2725 1018 2782 multi
1034 2741 1123 2796 reges
1139 2730 1237 2791 erunt,

84 2819 118 2866 et
128 2811 160 2865 in
170 2827 207 2867 eo
218 2811 341 2883 sanguis
354 2829 414 2867 non
428 2811 599 2869 effundetur
611 2832 619 2882 ;
637 2821 667 2869 et
677 2822 708 2869 tu
722 2813 782 2871 eris
794 2814 978 2882 benedictus,
989 2821 1019 2868 et
1031 2812 1138 2868 solium
1151 2819 1236 2865 tuum

85 2897 211 2956 firmum
225 2897 256 2953 in
269 2906 425 2968 eternum3
445 2907 476 2955 et
491 2917 595 2957 semen
609 2900 733 2959 sratrum
747 2909 866 2956 tuorum
883 2899 991 2957 semini
1008 2907 1059 2955 tuo
1077 2897 1188 2954 seruiet
1205 2897 1235 2952 in

84 2988 243 3044 etemuml
311 2974 387 3044 Post
400 2987 456 3044 hec
472 2988 564 3045 voluit
578 2988 722 3046 Patricius
735 2989 779 3046 ire
792 2990 829 3045 ad
837 2989 976 3062 regiones
989 2985 1187 3044 Connactie⁵:
1206 2995 1236 3042 et

85 3073 209 3146 reliquit
222 3073 253 3130 in
263 3091 318 3130 sua
328 3073 445 3132 ciuitate
459 3076 551 3132 altare
564 3093 652 3132 suum
665 3076 824 3150 lapideum,
832 3085 864 3133 vt
873 3085 954 3132 esset
967 3074 1024 3131 illic
1037 3075 1074 3130 ad
1085 3074 1236 3131 sanandos
1251 3091 1282 3140 30

85 3163 251 3233 languores
263 3161 403 3235 plebium.
442 3162 479 3219 Et
492 3181 560 3220 cum
572 3172 720 3236 pergeret,
734 3182 803 3221 ecce
822 3163 894 3220 illud
913 3163 1007 3219 altare
1023 3170 1093 3235 post
1111 3179 1145 3218 se
1162 3161 1236 3217 exiit

85 3249 118 3304 in
141 3249 229 3316 viam,
250 3250 357 3307 nolens
381 3267 398 3306 a
424 3267 479 3307 suo
504 3251 624 3306 domino
649 3253 794 3324 separari.
830 3251 946 3308 Videns
970 3259 1071 3307 autem
1091 3247 1236 3305 Patricius

85 3336 190 3404 altare,
201 3354 359 3409 regressus
371 3347 417 3397 est
430 3338 547 3395 iterum.
587 3337 633 3395 Ex
646 3338 696 3395 illo
708 3348 808 3395 autern
820 3339 869 3395 die
882 3338 996 3394 stabilis
1008 3336 1066 3393 illic
1078 3344 1237 3409 permanet

86 3425 167 3498 lapis
185 3425 244 3494 ille,
257 3426 294 3480 ad
307 3425 474 3498 profectum
492 3425 634 3498 plebium,
646 3443 742 3499 vsque
756 3427 785 3482 in
799 3426 977 3483 hodiernum
991 3425 1079 3482 diem.
1152 3410 1236 3483 Cum

86 3521 190 3569 autem
209 3511 326 3569 videret
344 3511 490 3570 Patricius
508 3514 632 3585 ydolum
651 3514 731 3588 regis
751 3514 895 3587 Leogaire
914 3531 953 3570 ex
972 3530 1044 3570 auro
1062 3520 1092 3569 et
1111 3520 1236 3585 argento
1250 3529 1281 3584 ³5

87 3608 302 3669 constructum,
314 3599 409 3656 orauit
422 3601 460 3656 ad
473 3601 627 3658 dominum
640 3621 646 3658 :
666 3611 695 3658 et
708 3601 806 3658 statim
820 3601 1036 3658 comminutum
1049 3608 1104 3656 est.
1167 3587 1236 3671 Ap-

86 3687 312 3762 propinquante
332 3687 459 3744 Patricio
478 3688 515 3744 ad
534 3690 673 3761 regiones
692 3689 862 3757 Connacfie,
879 3689 1036 3745 audierunt
1055 3686 1165 3744 samam
1184 3687 1237 3742 ad·

87 3784 199 3833 uentus
218 3774 283 3831 eius
302 3775 361 3831 duo
379 3774 467 3849 magi,
485 3775 592 3832 iratres
610 3775 681 3833 dicti
699 3776 799 3849 regis:
819 3785 849 3832 et
867 3777 1070 3849 cogitauerunt
1089 3773 1236 3846 impedire

87 3880 159 3923 eum
182 3881 221 3920 ne
243 3861 312 3919 illuc
338 3863 450 3920 intrare
471 3873 583 3936 posset,
610 3872 640 3920 et
661 3865 850 3921 adduxerunt
873 3864 1014 3920 tenebras
1038 3861 1237 3918 densissimas

87 3967 184 4025 super
200 3958 295 4006 totum
311 3967 451 4024 campum
468 3951 567 4007 tribus
583 3951 689 4008 diebus
707 3960 739 4007 et
757 3951 852 4008 tribus
871 3951 1015 4007 noctibus.
1052 3949 1113 4006 Sed
1131 3957 1236 4004 orante
1249 3971 1283 4021 40

88 4037 218 4098 Patricio
241 4046 271 4094 et
295 4037 455 4107 ieiunante,
476 4039 602 4096 tenebre
622 4039 672 4096 ille
697 4039 797 4112 fugate
821 4047 900 4095 sunt.
939 4037 1113 4094 Nutrierunt
1135 4044 1236 4092 autem

87 4126 168 4200 magi
182 4125 223 4181 illi
236 4126 312 4182 duas
324 4125 401 4182 illias
413 4125 494 4198 regis
507 4125 671 4198 Leogaire:
690 4143 749 4200 que
762 4143 850 4184 mane
863 4135 1010 4182 exeuntes
1025 4125 1061 4181 ad
1074 4123 1237 4180 leuandum

86 4215 125 4272 ad
151 4214 274 4281 sontem,
294 4213 433 4272 viderunt
459 4211 618 4270 Patricium
642 4230 710 4270 cum
736 4213 799 4270 suis
823 4213 1042 4284 ambulantem
1073 4211 1182 4285 quibus
1206 4217 1237 4266 et

119 4319 130 4350 ¹
145 4318 207 4368 TE.
220 4318 338 4368 mediam.
453 4317 464 4348 ¹
481 4318 554 4380 Colg.
567 4319 614 4368 sed
626 4321 694 4382 quia,
706 4326 766 4384 etc„
778 4319 871 4382 nullus,
885 4325 935 4370 etc.
1051 4319 1062 4348 ⁸
1079 4317 1108 4370 E.
1123 4315 1237 4368 minisci

87 4387 97 4416 ⁰
113 4387 146 4438 al.
161 4384 306 4437 connitum.
406 4383 417 4452 ἒ
433 4383 462 4436 Ε.
476 4384 605 4436 conaccie.
