3052 4896
271 293 342 386 518
579 289 711 376 mous
736 285 927 390 immun
951 280 1102 390 annu.

268 487 426 562 loquutus·
463 487 567 563 ltaque
579 505 651 562 rege
664 487 807 562 profecto,
821 495 850 544 et
863 487 1014 561 aliquanto
1026 496 1163 560 tempore
1175 483 1294 559 elapso,
1307 481 1430 544 voeauit

268 593 377 634 seruus
403 577 452 634 dei
481 577 637 634 dominum
662 577 732 632 ville
762 575 908 645 eiusdem,
933 583 963 632 et
987 575 1046 631 ait:
1078 575 1166 632 ‘Rex
1197 574 1347 631 hesterna
1379 575 1429 631 die
1513 643 1514 650 ἵ

269 673 405 722 mortuus
418 673 483 722 est:
503 673 535 720 tu
548 663 617 721 vide
629 663 701 737 quid
719 665 809 737 agas!
848 663 942 720 Porro
955 662 1048 719 milite
1060 663 1306 734 obstupescente,
1320 671 1353 718 et
1373 662 1429 717 im·

269 762 395 826 perante
412 751 563 809 silentium
575 771 582 822 ;
603 753 611 782 ‘
622 751 705 821 Mihi,
718 751 766 820 ait,
780 750 870 808 silere
883 750 1025 823 perfacile
1037 757 1092 817 est,
1105 751 1160 806 sed
1173 749 1204 804 in
1217 750 1365 820 proximo
1382 759 1429 805 est

242 853 257 904 a
270 847 301 897 vt
309 857 416 896 omnes
426 839 602 912 loquantur.'
632 837 771 911 Denique
781 837 850 911 quia
863 837 1099 894 misericordiam
1111 854 1168 892 rex
1180 847 1429 907 consequutunis

270 935 352 984 esset
374 943 391 984 a
411 927 542 996 domino,
561 943 598 984 eo
619 926 700 999 quod
721 925 788 998 paci
807 933 837 982 et
857 923 973 980 iusticie
997 923 1153 981 militasset
1172 922 1204 980 in
1223 923 1285 980 vita
1308 941 1378 990 sua,
1400 932 1430 980 et

270 1014 394 1071 domum
418 1016 457 1072 de
484 1013 639 1086 Radinges
670 1013 761 1086 regali
789 1011 992 1070 munificentia
1018 1011 1196 1080 edificasset‚
1221 1011 1430 1082 prophetauit

270 1089 366 1160 Venit
382 1103 421 1158 ad
434 1101 530 1158 virum
543 1101 592 1158 dei
604 1117 708 1158 comes
723 1101 906 1173 Stephanus,
918 1098 968 1173 qui
987 1107 1093 1171 postea
1112 1097 1248 1170 regnauit
1268 1099 1299 1153 in
1314 1099 1432 1171 Anglia

270 1199 300 1246 et
314 1189 373 1246 iam
386 1197 466 1256 tunc,
480 1205 548 1245 cum
562 1189 642 1260 regis
659 1196 803 1260 cognatus
820 1196 909 1256 esset,
923 1186 1024 1243 multis
1041 1195 1071 1242 et
1088 1185 1206 1258 magnis
1223 1185 1432 1258 possessioni·

227 1277 328 1332 robus
347 1276 378 1331 in
401 1275 512 1348 Anglia
534 1275 733 1353 habundabat.
770 1273 860 1330 Venit
881 1282 981 1330 autem
1007 1281 1037 1329 et
1061 1272 1152 1330 frater
1176 1271 1242 1330 eius
1270 1273 1432 1330 Henricus
1515 1280 1516 1356 ]

272 1361 496 1420 wintoniensis
508 1364 670 1436 episcopus
687 1379 755 1419 cum
773 1379 818 1418 eo.
857 1361 1037 1433 Respiciens
1055 1359 1154 1434 itaque
1172 1359 1202 1415 in
1222 1359 1370 1416 comitem
1383 1361 1433 1418 vir
1515 1397 1516 1424 2

271 1458 393 1508 sanctus
418 1449 478 1506 ait:
510 1449 621 1506 ‘Salue
652 1452 723 1506 rex.’
773 1449 835 1506 lllis
860 1450 898 1505 ad
923 1449 1097 1504 alterutrum
1128 1447 1374 1519 respicientibus,
1401 1459 1432 1505 et

271 1537 465 1609 opinantibus
478 1553 517 1594 ne
530 1536 608 1594 sorte
620 1535 666 1593 vir
679 1545 801 1594 sanctus
814 1536 944 1592 humane
957 1534 1107 1607 opinionis
1122 1534 1277 1591 falleretur
1290 1535 1431 1592 incerto:

273 1623 357 1680 ‘Tibi
375 1623 451 1694 dico,
467 1623 529 1696 [ait]
540 1623 558 1693 ¹,
570 1643 589 1680 o
609 1623 773 1698 Stephane,
787 1624 870 1680 salue
883 1640 945 1679 rex.
965 1622 1100 1678 Tradidit
1112 1621 1194 1680 enim
1207 1623 1287 1678 deus
1296 1639 1432 1696 regnum

227 1725 259 1778 15
272 1709 383 1784 Anglie
395 1710 426 1766 in
440 1728 530 1768 manu
544 1721 610 1768 tua:
624 1720 656 1767 tu
669 1711 736 1784 paci
748 1719 779 1767 et
792 1709 933 1784 equitati¹
945 1708 1104 1767 intendere
1116 1711 1212 1778 stude,
1220 1719 1250 1766 et
1263 1709 1432 1766 ecclesiam

272 1798 321 1855 dei
334 1801 411 1856 tueri
425 1808 455 1856 et
467 1798 664 1856 honorificare
679 1801 798 1855 curato!
837 1797 932 1871 Igitur
950 1814 1018 1854 cum
1038 1797 1213 1869 Stephanus
1232 1807 1388 1868 regnaret,
1400 1807 1433 1854 et

273 1885 339 1942 aliis
352 1903 479 1958 regnum
498 1885 720 1958 requirentibus
733 1886 771 1942 de
786 1901 877 1942 manu
895 1884 968 1952 eius,
982 1901 1041 1956 pax
1059 1883 1234 1940 omninode
1246 1884 1364 1956 Anglia
1376 1903 1432 1942 ex·

272 1973 389 2030 turbata
402 1973 481 2030 suut
518 1973 617 2043 Quam
630 1973 750 2046 quidem
764 1971 962 2030 turbationem
976 1971 1021 2028 vir
1035 1982 1157 2028 sanctus
1170 1972 1431 2044 prophetauerat;

273 2069 303 2116 et
322 2063 362 2117 ait
380 2060 517 2117 eiusdem
535 2061 605 2116 ville
623 2060 765 2118 domino:
788 2059 877 2116 ‘Rex
897 2059 1071 2132 Stephanus
1090 2059 1220 2116 crastina
1238 2060 1288 2115 die
1307 2059 1433 2116 dabitur

229 2145 303 2202 eoin
335 2164 442 2204 manus
472 2147 660 2204 inimicorum
690 2163 822 2214 suorum,
849 2155 880 2204 et
910 2147 1045 2218 captiuus
1075 2147 1217 2215 ducetur;
1250 2147 1432 2204 liberabitur

273 2243 382 2302 tamen,
401 2244 432 2292 et
456 2235 507 2308 qui
532 2235 661 2307 captiuat
682 2252 752 2292 eum
777 2242 996 2306 consequenter
1020 2235 1059 2290 de
1080 2235 1188 2290 eodem
1209 2233 1303 2290 calice
1327 2235 1429 2291 bibee'

274 2321 432 2378 Postremo
442 2321 574 2379 venienti
583 2322 698 2379 adeum
708 2320 785 2394 regi⁴
797 2321 960 2394 Stephano,
968 2330 1037 2393 post
1047 2321 1270 2394 obiurgationes
1278 2322 1430 2393 plurimas

274 2417 304 2464 et
323 2408 547 2466 exhortationes
567 2407 742 2480 salutiferas,
762 2409 818 2466 hoc
841 2409 919 2466 inter
937 2419 1036 2466 cetera
1058 2409 1230 2481 repromisit
1252 2411 1334 2481 quod
1356 2427 1430 2466 eum

274 2504 427 2568 oporteret
446 2497 593 2570 regnare⁶
611 2497 709 2570 quoad
727 2497 859 2566 viueret;
878 2513 1042 2569 regemque
1060 2495 1214 2554 cuiusdam
1234 2497 1352 2568 peccati
1372 2498 1430 2564 sui,

230 2603 261 2654 ⁸5
275 2582 458 2655 quodetiam
472 2583 683 2640 nominetenus
698 2583 857 2656 expressit,
871 2583 1066 2656 penitentiam
1078 2601 1168 2656 agere
1180 2585 1359 2642 exhortatus
1371 2597 1430 2654 est,

273 2669 417 2726 adiiciens
436 2671 544 2743 [quia]⁸
557 2688 713 2744 quousque
730 2670 879 2744 peniteret
896 2669 1082 2743 impossibile
1100 2681 1164 2728 erat
1183 2671 1297 2728 firmari
1316 2673 1429 2730 solium

273 2757 339 2816 eius
357 2766 387 2814 et
405 2775 511 2831 pacem
530 2761 620 2816 rebus
639 2759 712 2815 dari.
749 2758 866 2828 Quibus
877 2758 986 2815 auditis
999 2777 1053 2816 rex
1066 2759 1193 2815 ubertim
1207 2758 1281 2816 llere
1293 2761 1385 2832 cepit,
1399 2771 1430 2817 et

274 2845 390 2918 peccati
422 2845 558 2902 eiusdem
589 2847 810 2902 consessionem
841 2863 880 2902 ex
911 2845 1010 2904 animo
1041 2847 1161 2916 faciens,
1187 2845 1366 2920 percutienti
1398 2859 1430 2905 et

275 2933 454 3006 conspuenti
468 2934 615 3007 prophete
628 2933 780 2990 maxillam
797 2933 888 2992 dedit.
962 2921 1045 2992 Cum
1064 2934 1145 2990 enim
1164 2951 1262 2991 annus
1281 2934 1310 2990 ei
1321 2935 1371 2991 vel
1391 2953 1430 2991 eo

229 3046 263 3096 30
276 3021 406 3092 amplius
425 3021 521 3076 adhuc
541 3029 715 3092 superesset
734 3021 772 3076 ad
785 3021 884 3090 vitam,
897 3021 1013 3077 sedenti
1027 3023 1155 3094 quadam
1168 3020 1218 3078 die
1230 3021 1261 3078 in
1274 3022 1351 3078 cella
1364 3040 1429 3094 sua,

274 3107 365 3164 lorica
377 3108 414 3165 ab
428 3107 560 3164 humeris
572 3107 715 3164 diuinitus
727 3107 841 3164 dissuta
859 3109 898 3164 ad
913 3126 1011 3180 genua
1023 3109 1120 3166 subito
1132 3109 1268 3178 concidit,
1283 3119 1313 3166 et
1325 3109 1428 3166 statim

274 3194 396 3252 loricam
410 3196 447 3252 ad
460 3195 597 3267 scapulas
610 3195 758 3252 reducens
777 3195 911 3268 corrigiis
925 3213 992 3253 eam
1007 3195 1177 3253 fortioribus
1190 3197 1351 3270 recollegit.
1389 3198 1429 3254 Et

275 3299 345 3338 ecce
364 3299 475 3354 corpus
493 3283 559 3339 eius
576 3299 667 3340 omne
685 3283 794 3340 vesicis
812 3294 985 3357 turgescere
1004 3283 1091 3356 cepit,
1109 3292 1139 3340 et
1158 3301 1228 3342 caro
1247 3286 1337 3356 paulo
1357 3295 1429 3342 ante

275 3368 371 3426 ferrea
383 3387 422 3425 ex
435 3369 541 3442 spiritu
555 3370 611 3440 dei,
624 3369 682 3426 iam
696 3388 734 3426 ex
748 3371 848 3443 seipsa
861 3387 930 3427 caro
943 3370 1064 3427 inuenta
1076 3379 1131 3428 est
1168 3371 1219 3428 Sic
1232 3371 1324 3428 lorica
1336 3373 1428 3428 simul

231 3479 262 3532 35
276 3465 306 3514 et
325 3473 403 3526 caro,
423 3457 512 3514 simili
530 3457 670 3530 presagio
689 3458 793 3515 militie
811 3475 865 3514 sue
884 3467 1006 3531 tempus
1026 3459 1182 3531 impletum
1202 3459 1431 3532 presignabant.

276 3542 439 3617 'Dixitque
462 3545 601 3602 Osberno
620 3545 804 3618 presbitero:
832 3545 944 3615 ‘Hora
962 3546 1067 3619 inquit,
1087 3545 1248 3602 vocationis
1267 3564 1335 3604 mee
1354 3549 1429 3616 est⁸,

275 3640 306 3688 et
328 3631 377 3689 die
398 3631 512 3688 sabbati
534 3632 565 3689 in
587 3649 715 3706 vespere
735 3643 871 3706 paratum
888 3650 937 3690 me
956 3651 1025 3690 esse
1044 3643 1168 3706 oportet.
1206 3633 1270 3705 Ego
1288 3635 1371 3692 enim
1390 3637 1428 3692 ad

275 3719 431 3776 dominum
450 3737 551 3776 meum
569 3722 648 3778 vado
666 3719 712 3777 cui
731 3720 851 3788 seruiui,
866 3729 896 3778 et
915 3721 981 3778 dies
999 3739 1058 3793 que
1076 3739 1157 3778 nunc
1175 3720 1273 3790 instat,
1292 3724 1360 3779 dies
1379 3723 1429 3780 illa

275 3817 323 3866 est
353 3825 444 3880 quarn
474 3807 544 3864 olim
575 3809 762 3865 desideraui!
801 3807 895 3881 Igitur
924 3809 998 3865 hora
1024 3827 1083 3882 qua
1114 3809 1295 3882 predixerat,
1320 3810 1429 3870 iunctis

228 3915 263 3968 40
276 3895 455 3968 directisque
479 3895 509 3952 in
534 3895 631 3951 celum
656 3895 802 3966 manibus,
825 3895 963 3968 migrauit
985 3897 1022 3952 ad
1046 3897 1210 3966 dominum,
1229 3913 1310 3954 anno
1334 3901 1429 3972 gratie

275 3983 434 4042 millesimo
446 3984 610 4040 centesimo
623 3983 870 4057 quinquagesimo
882 3993 996 4057 quarto,
1008 3983 1125 4042 decimo
1138 3984 1275 4042 kalendis
1288 3987 1403 4044 marcii.

309 4121 383 4173 ¹oua
396 4123 422 4171 in
435 4123 465 4172 E.
532 4122 587 4174 'E
603 4123 725 4186 equitate.
792 4121 980 4174 ’Vitluisset
1050 4123 1101 4176 ⁴13.
1114 4139 1185 4186 rege
1250 4123 1303 4174 Ἐ
1317 4129 1428 4189 regnari.

275 4184 286 4283 ζ
301 4189 443 4306 ἓοωᾏοΐ.
457 4190 483 4239 in
496 4189 525 4241 E.
634 4187 644 4218 ¹
662 4189 777 4254 Supply:
797 4189 895 4240 Diebus
906 4191 961 4240 suis
973 4191 1023 4240 iam
1035 4191 1222 4254 propemodum
1234 4191 1341 4254 exactis,
1352 4193 1428 4242 dixit.
