3012 4898
255 319 329 392 ³30
565 297 696 385 mont
721 292 912 398 [manto
934 293 1087 398 annua.

254 494 330 552 solet
352 495 442 553 etiam
463 494 642 570 sapientum
679 494 801 553 Inerant
823 495 971 569 siquidem
993 495 1022 552 ei
1045 493 1254 552 inenarrabilis
1276 493 1410 567 equine,

255 582 383 640 affabilis
396 583 573 657 benignitas,
586 586 723 641 modesta
737 582 921 655 simplicitas,
934 583 1064 656 simplex
1077 582 1238 653 humilitas,
1251 582 1411 654 ceterique

255 670 406 743 tranquilli
424 687 525 728 mores
543 679 573 728 et
586 681 680 728 actus.
710 670 891 728 Constanter
902 669 993 728 etiam
1004 679 1035 727 et
1048 672 1300 744 perseueranter¹
1316 671 1411 727 beato
1501 659 1502 668 ¹

258 757 417 815 Edmundo
430 757 460 814 in
473 758 537 816 suis
549 758 797 828 tribulationibus,
805 767 867 814 tarn
880 759 911 814 in
923 757 1078 831 prouincia
1090 775 1146 815 sua
1158 775 1248 832 quam
1260 757 1291 814 iu
1304 756 1411 824 exilio,

227 863 244 924 5Ι
257 845 390 916 adhesit;
411 863 471 902 non
487 846 611 919 ignarus
628 847 710 919 quod
722 845 772 918 qui
791 845 910 904 luerunt
926 844 1000 902 socii
1017 846 1192 918 passionum
1209 844 1299 902 simul
1316 855 1411 902 erunt

257 941 287 990 et
300 932 521 1005 consolationis,
530 942 559 991 et
569 933 619 1006 qui
629 933 852 1006 compatiuntur
863 933 952 990 simul
966 933 1142 1006 regnabunt
1174 931 1293 988 Mortuo
1301 941 1410 989 autem

256 1021 344 1078 beato
357 1021 526 1092 Edmundo,
540 1020 710 1078 Richardus
727 1021 842 1078 solutus
859 1028 921 1077 tarn
934 1038 951 1078 a
964 1021 1045 1077 curie
1057 1037 1148 1093 quarn
1161 1037 1179 1076 a
1191 1037 1261 1076 cure
1274 1019 1412 1076 solicitu-

256 1109 336 1176 dine,
348 1109 386 1165 ad
399 1107 597 1182 theologiam¹
610 1126 644 1166 se
657 1108 781 1166 contulit
792 1107 964 1165 Aurelianis
980 1107 1010 1164 in
1024 1109 1114 1165 domo
1131 1107 1254 1164 fratrum
1267 1109 1412 1180 predica·

255 1205 355 1253 torum
369 1195 593 1254 addiscendam.
633 1196 701 1252 Non
719 1205 751 1252 vt
769 1195 914 1269 plerique,
932 1195 983 1268 qui
1002 1195 1126 1252 auribus
1146 1195 1271 1252 audiunt
1291 1203 1323 1252 et
1345 1213 1412 1252 non
1501 1225 1502 1244 .

209 1307 244 1356 ao
257 1282 424 1358 intelligunt
436 1303 443 1354 ;
463 1285 518 1341 sed
536 1282 661 1341 audiens
677 1283 820 1353 exterius,
832 1283 946 1340 audiuit
958 1282 1101 1353 interius;
1119 1292 1151 1339 vt
1163 1281 1311 1340 efficatius
1325 1293 1413 1356 post·

257 1371 380 1427 modum
403 1371 599 1444 perimpleret
621 1372 701 1444 quod
719 1370 840 1427 audiuit
875 1370 913 1427 Et
925 1379 957 1426 vt
973 1387 1028 1443 pro
1044 1387 1136 1444 grege
1154 1368 1286 1427 domini⁸
1305 1369 1412 1427 Patr-1⁴

257 1457 351 1514 filiurn
363 1457 540 1528 immolaret,
554 1460 591 1516 ad
605 1475 724 1516 sacrum
738 1457 954 1532 presbiteratus
965 1457 1103 1516 ordinem
1117 1475 1151 1516 se
1164 1457 1233 1514 iecit
1249 1457 1324 1513 inibi
1338 1475 1413 1531 pro·

258 1545 382 1602 moueri.
413 1546 442 1602 A
455 1546 585 1618 suscepti
598 1555 698 1604 autern
712 1545 826 1603 ordinis
839 1545 1032 1602 sacerdotalis
1044 1553 1190 1618 tempore,
1200 1553 1327 1602 ornatus
1339 1563 1413 1602 ves·

258 1631 332 1689 tium
350 1633 419 1706 plus
437 1633 539 1690 habuit
551 1633 735 1690 humiliores.
773 1632 811 1689 Et
828 1649 896 1690 curn
909 1631 1019 1689 ibidem
1033 1649 1119 1690 sacre
1134 1633 1283 1705 scripture
1299 1633 1413 1705 pocula

214 1749 243 1802 ¹⁵
258 1720 539 1778 suauialuculenter
551 1720 710 1790 hausisset,
718 1721 756 1777 ad
766 1721 914 1794 agendam
923 1737 1026 1777 curam
1034 1719 1252 1793 proximorum,
1264 1719 1322 1776 ad⁵
1335 1739 1414 1777 oues
1501 1771 1502 1778 ,

258 1808 397 1882 proprias
404 1809 572 1882 pascendas
582 1808 711 1866 accedit:
725 1809 763 1864 ad
772 1807 890 1864 vnicam
898 1807 1046 1881 siquidem
1055 1807 1160 1878 solam,
1168 1824 1258 1880 quam
1269 1809 1414 1878 habebat,

259 1895 430 1967 parochiam
448 1895 619 1966 reuertitur,
636 1905 668 1952 vt
687 1896 718 1953 in
737 1896 786 1951 illa
805 1895 1012 1968 pusillanimes
1030 1896 1202 1952 consoletur
1219 1903 1249 1951 et
1267 1895 1414 1969 corripiat
1501 1939 1502 1960 ,

260 1983 416 2057 inquietos.
470 1983 683 2057 Cupiensque⁸
707 1993 775 2056 post
806 1985 861 2040 hec
891 1981 1071 2040 venerabilis
1110 1991 1196 2055 pater
1227 1981 1413 2050 Bonilacius,

259 2069 502 2144 cantuarliensis]
521 2071 649 2127 ecclesie
673 2079 742 2127 tunc
765 2070 887 2140 electus,
909 2086 1066 2128 successor
1086 2069 1165 2126 beati
1187 2068 1351 2141 Edmundi,
1374 2071 1414 2127 ad

216 2185 247 2222 20
259 2159 450 2215 commodum
463 2157 628 2232 discipline,
639 2158 797 2215 iocundum
811 2156 1053 2216 cohabitationis⁷
1063 2166 1125 2214 tarn
1137 2156 1263 2230 graciosi
1277 2157 1414 2216 hominis

259 2246 400 2319 experiri,
419 2246 519 2320 ipsum
538 2247 576 2303 ad
595 2245 726 2303 officium
745 2245 915 2319 pristinum,
931 2244 1070 2302 videlicet
1086 2245 1262 2302 cancellarie
1282 2245 1414 2304 ecclesie

259 2333 509 2406 Cantu[ariensis]
518 2333 634 2392 uocauit
646 2333 779 2390 inuitum.
804 2332 844 2390 Et
855 2343 959 2406 postea
971 2350 1028 2406 per
1038 2341 1166 2390 mortem
1178 2332 1361 2406 Rad[ulph]i
1374 2335 1414 2390 de
1501 2351 1502 2397 ς

261 2422 395 2490 Neuelle,
402 2423 554 2496 quondam
564 2420 690 2479 ecclesie
700 2421 914 2493 cicestren[sis]
926 2420 1070 2494 episcopi,
1078 2418 1143 2494 ipsa
1153 2421 1281 2478 ecclesia
1289 2420 1415 2478 viduata

260 2508 314 2565 suit
327 2518 456 2582 pastore.
493 2508 582 2567 Vnde
595 2509 729 2566 canonici
743 2509 822 2566 dicte
840 2508 974 2580 ecclesie,
987 2507 1106 2564 licentia
1121 2509 1159 2565 ab
1173 2507 1310 2567 Henrico
1322 2511 1415 2566 tertio

217 2627 247 2682 ,²⁵
262 2613 334 2670 rege
346 2596 457 2670 Anglie
475 2595 561 2670 prius
580 2596 680 2653 habita
693 2605 780 2670 prout
800 2597 896 2654 moris
914 2605 968 2666 est,
982 2596 1134 2669 quendam
1153 2595 1300 2652 aulicum⁸
1319 2597 1415 2670 regis,
1500 2609 1501 2626 ¹

261 2684 437 2742 canonicum
457 2683 546 2742 etiarn
564 2683 699 2741 eiusdem
718 2683 854 2752 ecclesie,
867 2683 898 2741 in
918 2683 1093 2757 episcopum
1113 2683 1269 2756 elegerunt
1278 2683 1298 2740 ⁹.
1344 2685 1415 2756 Que

261 2772 383 2848 quidem
396 2771 512 2840 electio,
524 2771 608 2828 iuxta
624 2788 773 2828 canonum
792 2770 858 2826 iura
875 2788 931 2844 per
946 2771 1057 2828 dictum
1072 2769 1256 2826 Bonisacium
1273 2779 1305 2827 et
1320 2788 1416 2844 quos·

261 2859 331 2915 dam
349 2859 556 2932 suffraganeos
573 2875 653 2926 suos,
665 2857 746 2916 viros
758 2858 859 2932 vtique
871 2858 931 2915 vite
948 2867 978 2914 et
994 2857 1117 2914 scientie
1133 2856 1417 2917 eminentis—inter

261 2964 338 3021 quos
355 2946 452 3004 dictus
469 2946 649 3003 venerabilis
662 2955 749 3019 pater
761 2945 909 3016 Groshed,
922 2954 993 3002 tunc
1006 2943 1237 3018 lincoln[iensis]
1249 2946 1416 3019 episcopus

217 3063 250 3114 30
261 3051 341 3092 vnus
353 3033 601 3092 extitit-cassata
613 3032 675 3103 suit,
688 3051 725 3090 eo
737 3034 817 3106 quod
830 3031 926 3090 dictus
938 3032 1099 3090 canonicus
1118 3032 1241 3100 electus,
1258 3033 1388 3090 scientia
1397 3034 1417 3065 ¹⁹

262 3131 292 3180 et
305 3123 439 3179 moribus
451 3120 593 3180 inuentus
606 3130 652 3178 est
665 3121 766 3178 minus
779 3119 903 3178 habilis:
923 3120 1079 3194 dictusque
1094 3119 1264 3177 Richardus
1276 3137 1317 3176 ex
1329 3138 1417 3178 com-

262 3209 346 3266 muni
359 3226 510 3266 consensu
522 3208 655 3266 omnium
668 3208 830 3281 episcopus
846 3217 892 3264 est
904 3207 1023 3265 electus
1061 3205 1149 3278 Quod
1158 3207 1177 3239 ¹¹
1190 3224 1259 3264 cum
1271 3208 1311 3263 ad
1323 3225 1417 3266 aures

263 3296 362 3370 regias
381 3297 516 3366 innotuit,
528 3306 560 3354 et
572 3296 619 3353 sui
637 3295 735 3353 clerici
744 3295 765 3328 ¹⁸
783 3305 898 3352 cassata
911 3293 1027 3364 electio,
1040 3303 1070 3350 et
1091 3295 1137 3351 sui
1149 3293 1416 3370 inimici—quippe

263 3384 314 3458 qui
327 3385 414 3441 beato
435 3383 593 3441 Edmundo
613 3383 644 3441 in
657 3383 719 3440 suis
732 3383 839 3453 causis,
851 3399 927 3456 quas
939 3393 1043 3440 contra
1055 3399 1158 3455 regem
1172 3381 1280 3448 habuit,
1292 3383 1418 3442 adhesit
1500 3401 1501 3452 3

219 3499 250 3554 3⁵
264 3471 376 3529 —t'acta
393 3471 542 3544 prouisio;
561 3488 616 3528 rex
633 3471 723 3528 nitriis
740 3468 940 3544 indignatus¹³
952 3471 1031 3526 bona
1049 3468 1265 3542 cicestren[sis]
1284 3470 1417 3529 ecclesie

220 3557 223 3564 ’
263 3559 399 3634 precepit
423 3559 588 3617 confiscari.
635 3559 745 3616 Beatus
770 3567 871 3615 tamen
897 3556 1076 3626 Richardus,
1100 3558 1139 3614 de
1164 3556 1288 3614 consilio
1315 3560 1417 3631 prela-

263 3656 363 3704 torum
374 3647 393 3680 ·¹
406 3647 618 3720 predictorum,
631 3663 699 3704 curn
712 3645 817 3702 litteris
836 3646 962 3719 predicti
971 3643 992 3678 ¹⁶
1008 3645 1093 3702 electi
1106 3643 1360 3717 Cantuar[iensis]
1379 3648 1418 3704 ad

264 3753 369 3810 regem
393 3735 600 3808 proficiscitur,
625 3734 781 3808 postulans
808 3733 910 3790 omnia
933 3733 1108 3806 temporalia
1137 3733 1176 3790 ad
1206 3731 1419 3806 episcopatum

164 3841 168 3850 ·
265 3822 446 3898 pertinentia
470 3840 504 3880 ac
526 3823 605 3880 bona
629 3839 684 3880 sua
709 3821 765 3879 sibi
789 3819 926 3878 liberari:
955 3822 1035 3894 quod
1060 3819 1142 3876 nullo
1166 3820 1256 3876 modo
1277 3820 1419 3880 obtinere

219 3944 252 3994 40
265 3912 369 3986 potuit,
383 3912 437 3970 sed
450 3911 555 3985 longas
572 3908 759 3983 fatigationes
776 3917 806 3966 et
823 3907 983 3983 obprobria
1000 3908 1092 3964 multa
1108 3907 1272 3978 sustinens,
1284 3909 1324 3966 ad
1342 3909 1418 3969 illud

264 4008 434 4058 extremum
447 4008 516 4072 post
528 3999 619 4056 deum
632 3996 781 4072 refugium
794 3995 823 4052 in
833 3999 889 4052 hoc
899 3997 1021 4067 mundo,
1031 3997 1137 4054 sedern
1149 3996 1256 4069 loquor
1263 3995 1285 4028 ¹⁸
1293 4007 1419 4070 aposto-

299 4172 308 4203 ¹
325 4181 352 4222 et
363 4188 387 4235 p.
401 4187 450 4224 om.
464 4171 491 4221 in
502 4171 570 4222 Boll.
667 4169 678 4200 ¹
695 4169 725 4222 E.
737 4170 915 4232 theologicam.
1008 4169 1019 4200 ⁸
1035 4169 1066 4220 E.
1078 4171 1164 4220 deum.
1262 4169 1272 4200 ⁸
1290 4169 1321 4221 F„
1334 4179 1418 4234 pater.

264 4237 275 4268 ⁸
292 4239 358 4288 Boll.
369 4247 403 4290 et
479 4237 490 4268 ⁴
506 4237 573 4287 lioll
585 4251 637 4287 om.
647 4251 706 4300 que.
802 4235 812 4266 ¹
829 4236 894 4286 Boll.
907 4237 1042 4286 iocundam
1052 4235 1281 4286 cohabitacionem.
1360 4237 1372 4266 ⁸
1390 4240 1419 4288 F.

264 4303 384 4356 Allicurn.
463 4303 474 4334 ⁹
493 4302 522 4353 E.
534 4303 670 4365 eligerunt.
747 4300 767 4332 ¹0
784 4300 813 4352 E.
820 4302 936 4353 scientie.
1010 4299 1029 4331 ¹¹
1047 4301 1113 4352 Bcll.
1125 4301 1220 4362 Quare.
1297 4299 1319 4330 ¹'
1335 4302 1367 4354 ἱ
1378 4313 1420 4354 eet

265 4370 305 4419 sui
317 4375 355 4420 ct.
420 4367 440 4398 ¹⁸
458 4367 547 4421 E.iud.
557 4375 605 4420 est.
670 4367 690 4399 ¹⁴
707 4367 911 4432 speratarum.
977 4366 996 4397 ¹⁸
1012 4366 1175 4418 miuBoll.
1241 4365 1261 4398 ¹⁸
1277 4367 1420 4433 [inqut.
