3036 4878
119 239 181 292 us.
194 239 313 292 unu-1³·
327 255 349 291 2·
362 240 398 307 u
499 220 603 310 ura
620 221 680 312 ὓ.
698 220 899 319 buhun.
1199 243 1269 322 715

197 449 363 519 Qurmrnn
382 461 580 508 rnrrnurrus
598 461 656 507 ssr
673 463 793 508 auarus
812 452 1013 519 Gurumcus,
1028 461 1073 506 ur
1089 462 1132 506 oa
1150 461 1203 506 sur

509 551 733 596 nnmnrrronn
750 551 890 594 sacanrr.

188 655 297 724 Empus
314 665 376 710 erat
393 665 423 710 ut
442 655 593 727 deponeret
612 656 752 712 sarcinam
769 657 862 712 carnis
879 673 964 727 quam
981 666 1059 713 tanto
1074 664 1103 712 et
1119 665 1177 711 tam
1189 656 1273 724 longo

221 756 274 793 usu
294 738 409 795 domare
427 741 578 795 studuerat.
614 741 738 795 Venerat
756 741 815 795 dies
835 750 865 796 ut
882 741 918 794 de
936 741 1043 794 mundo
1061 740 1199 807 transiret,
1218 756 1274 810 quo

116 821 247 878 mundus
267 832 403 877 nouerat
424 821 534 892 dignus,
556 839 640 894 quem
661 839 692 878 se
711 823 829 894 dignum
849 822 947 878 mundi
967 821 1098 878 dominus
1119 823 1272 893 reputabat.

119 905 197 961 Cum
222 903 306 973 igitur
330 905 453 975 quadam
477 905 524 962 die
546 905 674 976 spiritum
695 898 824 963 suumin
843 907 970 962 oratione
991 906 1073 975 longe
1092 906 1224 961 humilius
1246 916 1273 961 et

118 987 283 1043 sernencius
296 988 379 1044 solito
392 988 544 1058 effirdisset,
557 988 713 1059 egritudine
724 989 877 1060 repentina,
886 999 986 1061 quarta
998 989 1067 1045 seria
1078 999 1145 1044 ante
1157 989 1272 1058 pascha,
1287 1005 1301 1056 5

119 1081 271 1142 correptus
296 1082 357 1140 est;
388 1083 474 1144 atque
499 1075 646 1129 Beccelmo
670 1073 753 1128 unico
777 1072 978 1128 contuberniali
1002 1090 1054 1128 suo
1081 1071 1273 1127 indubitanter

121 1155 277 1210 denunciat
291 1156 365 1226 quod
379 1166 480 1211 octauo
492 1156 539 1212 die
550 1157 588 1212 ad
601 1157 748 1212 dominum
760 1157 795 1212 de
808 1157 861 1211 hac
875 1156 1036 1228 plorationis
1049 1155 1120 1211 ualle
1133 1154 1272 1210 transiret.

106 1249 109 1256 “
122 1241 254 1309 Cumque
272 1238 316 1294 ille
333 1238 361 1293 in
378 1239 512 1296 eiulatum
528 1249 556 1296 et
571 1241 701 1296 lacrimas
718 1239 908 1312 prorupisset:
927 1239 1021 1306 ‘Noli
1034 1239 1132 1310 inquit,
1145 1238 1220 1306 llere,
1234 1237 1272 1292 fili

120 1321 174 1376 mi.
209 1322 256 1377 Ad
275 1322 403 1378 laborum
420 1340 548 1379 meorum
566 1323 707 1396 stipendia
724 1325 815 1392 uado;
840 1325 945 1380 bonum
958 1333 1001 1380 est
1014 1322 1099 1378 michi
1112 1321 1226 1378 dissolui
1245 1331 1273 1376 et

122 1422 188 1460 esse
201 1422 265 1459 curn
280 1405 401 1461 Christo.
438 1407 504 1462 Scio
517 1407 592 1461 enim
605 1407 649 1463 cui
662 1407 778 1473 credidi,
791 1417 819 1462 et
836 1417 928 1462 certus
941 1424 1003 1462 sum
1016 1405 1083 1477 quia
1095 1404 1217 1476 reposita
1229 1415 1272 1460 est
1289 1425 1319 1463 ιο

121 1487 211 1543 michi
224 1505 329 1544 corona
342 1487 458 1544 iusticie.
495 1489 525 1546 Si
538 1490 649 1561 depono
662 1491 716 1546 hoc
728 1507 829 1560 corpus
843 1489 1020 1560 corruptibile
1033 1499 1060 1546 et
1073 1489 1201 1556 mortale,
1214 1489 1272 1544 scio

121 1571 193 1642 quia
204 1571 290 1626 michi
303 1572 427 1642 reposita
439 1583 482 1628 est
494 1589 599 1640 corona
611 1573 879 1644 incorruptibilitatis
891 1575 1002 1628 eterne?
1028 1574 1136 1641 Quarto
1149 1589 1215 1626 nero
1228 1571 1273 1626 die

123 1672 176 1710 sue
194 1654 357 1724 egritudinis
376 1657 546 1712 celebratum
564 1667 607 1712 est
625 1657 740 1727 pascha
778 1658 842 1727 Ipse
867 1666 963 1711 autem
984 1655 1065 1727 quasi
1086 1655 1210 1725 corporis
1231 1653 1273 1709 sui

120 1759 240 1813 compos
259 1760 293 1797 ac
311 1741 401 1798 tocius
420 1743 589 1798 infirmitatis
606 1743 718 1812 oblitus,
736 1742 876 1814 paschalis
894 1742 980 1799 misse
998 1741 1194 1813 solempnitate
1212 1759 1273 1812 pre·

120 1824 221 1892 missa,
233 1836 262 1881 et
273 1826 375 1881 uiatico
388 1836 483 1882 nostre
496 1826 594 1883 salutis
606 1837 731 1897 accepto,
745 1827 903 1894 Beccelmo,
915 1825 963 1896 qui
976 1825 1001 1881 ei
1014 1826 1043 1881 in
1056 1842 1154 1880 mensa
1167 1823 1272 1879 domini
1291 1842 1318 1893 ¹5
1337 1873 1340 1878 .

122 1907 340 1976 ministrauerat,
349 1910 420 1964 tanti
430 1910 501 1965 sacri
511 1909 639 1982 eloquin]
650 1921 679 1966 et
688 1909 883 1980 mysteriorum
891 1908 1075 1980 spiritualium
1085 1907 1273 1979 profunditate

121 2008 192 2046 usus
204 2001 255 2061 est,
268 2003 299 2048 nt
311 1993 357 2048 ille
369 1993 446 2063 loqui
456 1995 553 2064 pocius
565 1995 695 2063 angelum
708 2010 793 2066 quarn
804 1993 949 2048 hominem
960 1992 1111 2048 estimaret.
1150 1992 1183 2045 ln
1196 1991 1273 2046 calce

122 2084 219 2130 autem
232 2073 274 2130 sui
291 2076 428 2131 sermonis
443 2077 592 2132 Beccelmo
610 2076 726 2132 iniunxit
738 2087 768 2133 ut
781 2077 807 2132 ei
821 2093 944 2132 sororem
960 2093 1048 2143 suam,
1062 2076 1175 2145 Pegmn,
1187 2074 1273 2128 affec·

123 2157 232 2214 tuosius
251 2159 395 2226 salutaret,
413 2159 492 2214 cuius
513 2171 658 2230 aspectum
677 2177 789 2230 semper
807 2159 1004 2226 declinauerat,
1022 2157 1089 2230 quia
1107 2157 1164 2224 diu,
1187 2155 1274 2211 immo

121 2241 284 2298 eternaliter
299 2259 363 2297 eam
383 2241 518 2312 ingloria
536 2243 632 2299 uidere
650 2251 827 2314 prenouerat.
863 2243 902 2298 Et
920 2242 1043 2297 adiecit:
1061 2241 1107 2294 ‘A
1124 2257 1186 2295 mee
1205 2256 1272 2294 con·
1288 2259 1320 2294 ro

122 2323 262 2380 uersionis
275 2323 359 2380 inicio
371 2342 517 2396 nunquam
528 2325 602 2380 lineo
615 2325 737 2397 tegmine
752 2342 819 2380 usus
835 2342 907 2390 sum,
919 2325 970 2380 sed
985 2341 1036 2395 pro
1049 2323 1098 2394 pio
1114 2321 1273 2378 deuotionis

122 2407 225 2464 affectu
247 2424 332 2479 quem
351 2418 450 2464 sancta
470 2409 549 2479 virgo
572 2411 705 2479 Egburga
724 2409 809 2465 michi
825 2407 957 2476 exhibuit,
978 2408 1024 2463 illa
1042 2407 1170 2478 syndone
1188 2422 1274 2477 quam

122 2490 209 2546 michi
227 2491 379 2547 transmisit
397 2491 502 2548 inuolui
518 2493 642 2564 precipio
655 2511 757 2565 corpus
775 2493 885 2550 meum?
923 2494 1086 2548 Beccelmus
1099 2500 1194 2546 autem
1207 2506 1274 2544 con·

124 2574 254 2630 siderans
274 2574 302 2628 in
321 2575 394 2630 facie
416 2577 505 2632 sancti
527 2577 580 2632 uiri
600 2577 675 2648 quod
694 2577 830 2633 terminus
851 2594 900 2632 sue
924 2574 1117 2630 dissolutionis
1141 2573 1273 2638 instabat,

125 2656 199 2728 cepit
209 2657 362 2713 instancius
375 2658 412 2713 ab
425 2676 459 2714 eo
471 2675 588 2730 querere
606 2661 681 2732 quod
696 2676 839 2730 nunquam
858 2660 1027 2728 interrogare
1043 2665 1272 2728 presumpserat:
1288 2678 1318 2729 ²5

125 2740 249 2795 ‘Adiuro
267 2750 305 2807 te,
327 2741 425 2812 inquit,
445 2752 534 2812 pater,
552 2759 604 2813 per
619 2742 839 2798 misericordiam
862 2741 976 2808 Christi,
995 2751 1026 2796 ut
1044 2739 1129 2795 michi
1147 2738 1272 2808 apertius

123 2824 249 2879 reuelare
261 2823 385 2894 digneris
397 2824 464 2896 quid
478 2825 514 2880 sit
527 2825 602 2896 quod
614 2843 632 2880 a
643 2825 734 2896 prima
746 2823 954 2880 cohabitatione
970 2841 1055 2896 quam
1068 2832 1161 2876 tecum
1178 2821 1272 2889 habui,

125 2907 242 2977 singulis
267 2907 365 2964 diebus
389 2925 474 2964 mane
498 2919 527 2964 et
550 2925 667 2978 uespere
691 2918 719 2963 te
743 2925 810 2962 curn
830 2907 887 2963 alio
913 2909 1082 2978 loquentem,
1106 2913 1273 2975 mutuosque

125 3008 270 3047 sermones
282 2991 387 3061 audiui,
400 3003 429 3047 et
447 3009 512 3047 curn
529 3009 586 3064 qno
603 2991 690 3048 uerba
704 2991 811 3046 faceres
827 2990 971 3062 ignoraui:
1007 2988 1063 3044 Dei
1079 3005 1146 3042 uero
1165 2985 1272 3043 amicus

127 3085 261 3130 consueta
276 3084 304 3129 et
322 3075 418 3150 innata
434 3075 608 3145 benignitate
624 3075 787 3145 respondit:
807 3076 926 3143 ‘Instat
943 3073 1043 3144 inquit,
1059 3071 1097 3126 fili
1115 3069 1272 3138 karissime,
1286 3093 1319 3142 30

126 3157 295 3214 nouissimus
313 3157 373 3212 dies
391 3157 486 3226 michi,
500 3176 552 3214 nec
568 3159 680 3214 mentiri
697 3158 782 3212 michi
799 3175 874 3212 nunc
891 3156 1011 3228 expedit,
1027 3154 1074 3226 qui
1092 3171 1110 3208 a
1131 3153 1273 3225 primitiua

128 3241 310 3296 conuersione
322 3257 386 3296 mea
399 3258 482 3297 omne
494 3241 672 3297 mendacium
681 3240 828 3296 declinaui.
852 3241 933 3298 Scias
942 3251 1037 3295 autem
1046 3238 1122 3310 quod
1130 3254 1164 3292 ex
1172 3237 1272 3308 quoad

127 3326 271 3380 heremum
283 3324 356 3380 banc
368 3341 414 3380 ine
427 3325 540 3392 contuli,
554 3343 665 3396 semper
676 3343 760 3380 mane
772 3335 801 3380 et
815 3341 930 3396 uespere
948 3324 1078 3392 angelum
1097 3337 1160 3376 mee
1172 3337 1272 3375 conso·

126 3407 237 3462 lationis
249 3405 344 3475 habui,
357 3407 405 3478 qui
418 3408 529 3464 labores
541 3418 570 3464 et
582 3408 784 3478 temptationes
799 3425 877 3464 meas
894 3405 989 3463 celesti
1007 3405 1108 3462 solatio
1121 3404 1272 3470 releuabat,

127 3491 290 3562 predicebat
307 3491 408 3557 lutura,
427 3491 639 3547 demonstrabat
656 3491 799 3559 absencia,
817 3501 846 3546 et
867 3491 991 3548 archana
1011 3490 1127 3546 celestia
1146 3505 1201 3560 que
1219 3505 1272 3544 nec
1285 3511 1316 3562 35

127 3573 192 3629 licet
217 3590 270 3629 nec
293 3574 404 3644 expedit
427 3574 513 3630 michi
537 3575 612 3645 loqui
636 3575 735 3630 celitus
754 3574 906 3630 indicabat.
943 3575 1006 3629 Hec
1027 3585 1130 3642 autem,
1151 3571 1197 3638 fili,
1219 3571 1272 3627 sub

127 3656 241 3714 silencio
262 3657 370 3725 claude,
389 3674 442 3712 nec
463 3667 613 3728 attemptes
631 3675 667 3714 ea
687 3658 817 3730 cuiquam
836 3657 1004 3724 mortalium,
1023 3656 1079 3710 nisi
1099 3655 1185 3710 sorori
1209 3671 1272 3710 mee

128 3741 201 3809 Pege
214 3749 243 3796 et
255 3740 379 3809 Egberto
392 3740 562 3810 anachorite,
574 3742 631 3798 ullo
643 3757 767 3812 unquam
780 3753 906 3812 tempore
917 3739 1056 3796 reuelare’

181 3919 232 3974 Dn
249 3930 409 3975 raausrru
426 3930 518 3974 enarr
537 3919 715 3983 Gurumcr,
734 3929 774 3972 ur
791 3929 835 3972 nu
852 3927 983 3974 marona
1000 3926 1100 3983 nucis,
1119 3926 1159 3970 rrr
1177 3927 1221 3970 on

496 4013 651 4058 aouuuru
669 4012 801 4057 sononrs
819 4013 901 4057 urus

179 4120 243 4174 hne
256 4118 374 4190 suspiria
384 4129 412 4175 et
425 4119 631 4190 singultusque
644 4117 735 4174 solent
748 4133 812 4174 esse
824 4116 977 4188 preambuli
990 4115 1097 4184 mortis,
1108 4114 1164 4170 iam
1174 4123 1271 4185 pectus

214 4203 290 4258 beati
303 4201 355 4257 uiri
368 4219 435 4272 sepe
447 4213 663 4268 concusserunt;
682 4203 765 4257 aede
779 4218 827 4256 ore
842 4201 930 4272 ipsius
944 4209 1024 4256 tanta
1039 4197 1133 4254 odoris
1146 4197 1270 4255 suauitas
1285 4208 1317 4258 40

126 4285 274 4356 exhalauit,
286 4301 321 4342 ac
333 4285 357 4342 si
370 4285 471 4357 aliquis
483 4284 565 4342 flores
578 4284 703 4340 roscidos
716 4285 863 4357 sparsisset
879 4293 927 4341 aut
942 4284 1100 4339 balsamum
1116 4281 1270 4338 effudisset.
