3054 4904
274 327 344 398 ¹24
581 306 712 393 liuta
737 301 927 406 [mima
952 301 1104 405 {inglu

270 503 347 560 stille
364 503 471 561 iniuria
487 503 589 562 illesus
608 521 731 578 semper
747 504 844 561 extitit
861 513 891 560 et
909 504 1045 562 intactus.
1083 503 1217 576 ldipsum
1230 503 1319 559 etiam
1332 503 1421 558 turba
1520 557 1521 568 ,

269 591 482 664 discipulorum
506 609 628 649 suorum
650 593 680 649 in
705 594 771 648 eius
796 592 949 665 presentia
970 595 1032 648 suis
1054 591 1168 648 meritis
1190 590 1349 663 sepissime
1372 601 1421 646 est

269 689 402 752 experta.
461 667 598 753 Contigit
611 681 755 753 reginam,
765 680 988 752 pulchritudine
998 679 1152 736 cuiusdam
1166 678 1267 735 militis
1280 677 1420 745 illectam,

271 766 450 824 adulterium
459 767 656 836 commisisse,
664 777 694 824 et
704 767 873 840 preciosum
885 769 1035 840 quendam
1046 768 1177 834 anulum,
1187 767 1226 823 ob
1236 767 1420 821 immensum
1520 809 1521 824 ,

241 871 405 925 μιῃιοτειη
431 853 488 910 sibi
512 873 530 910 a
555 873 626 928 rege
651 855 903 922 commendatum,
926 857 1024 912 eidem
1048 855 1132 911 militi
1152 854 1322 910 contulisse.
1360 851 1421 921 Qui

269 942 392 998 anulum
406 941 498 1014 digito
514 943 733 1015 imprudentius
752 943 909 1015 imposuit;
929 953 959 999 et
976 960 1030 999 rex
1048 961 1103 1016 per
1118 941 1312 1000 secretarium
1328 957 1420 995 suurn
1520 937 1521 1008 ξ

269 1029 326 1085 hoc
344 1030 515 1100 aduertens,
527 1039 558 1086 et
577 1030 651 1086 iram
672 1031 875 1099 dissimulans
894 1029 987 1086 accito
1006 1031 1097 1088 milite
1115 1038 1257 1087 venatum
1276 1028 1422 1101 perrexit.
1520 1023 1521 1028 ’

271 1115 471 1190 Discopulatis
490 1117 621 1187 canibus,
638 1128 667 1174 et
686 1117 776 1174 sociis
795 1135 851 1190 per
868 1117 933 1174 loca
951 1117 1071 1174 diuersa
1089 1118 1243 1190 dispersis,
1263 1133 1317 1172 rex
1336 1116 1422 1170 solus

269 1221 337 1260 cum
351 1204 443 1261 milite
453 1205 536 1260 iuxta
546 1207 642 1278 ripam
652 1204 784 1262 fluminis
798 1205 883 1272 Cliid,
894 1205 924 1260 in
938 1205 1056 1262 feruore
1067 1205 1125 1261 diei
1138 1204 1255 1278 soporis
1265 1221 1299 1260 ac
1310 1203 1421 1274 quietis

227 1311 257 1348 ιο
269 1294 363 1364 gratia
381 1291 438 1348 iter
456 1291 573 1348 direxit.
612 1293 764 1365 Fatigatus
782 1302 882 1348 autern
902 1293 998 1362 miles,
1010 1303 1040 1349 et
1060 1293 1133 1348 nihil
1152 1291 1221 1348 mali
1240 1289 1422 1362 suspicatus,

270 1389 397 1436 extenso
411 1379 531 1435 brachio
544 1380 675 1436 dormire
688 1380 774 1452 cepit
807 1379 977 1452 Conspecto
987 1381 1086 1453 itaque
1099 1382 1130 1436 in
1140 1379 1232 1453 digito
1242 1379 1308 1435 eius
1321 1378 1422 1444 anulo,

270 1483 326 1522 rex
343 1467 479 1524 turbatus
492 1467 542 1523 vix
561 1485 668 1524 manus
686 1486 703 1524 a
720 1468 819 1540 gladio
838 1477 868 1524 et
885 1468 924 1523 ab
940 1467 1086 1525 effusione
1104 1466 1258 1540 sanguinis
1273 1465 1338 1522 eius
1351 1483 1423 1521 con-

269 1553 379 1623 tinens,
391 1555 511 1610 anulum
529 1557 568 1610 de
587 1555 677 1628 digito
696 1555 828 1612 suauiter
844 1557 980 1623 extraxit,
996 1556 1027 1612 in
1044 1555 1157 1611 flumen
1174 1553 1307 1627 proiecit,
1319 1562 1350 1609 et
1368 1571 1423 1608 ex-

270 1640 357 1696 citato
370 1641 462 1698 milite
475 1643 513 1698 ad
524 1659 595 1698 suos
607 1643 702 1699 rediit.
732 1643 868 1715 Cumque
877 1644 961 1699 vultu
970 1643 1078 1699 minaci
1089 1644 1186 1698 minas
1196 1651 1226 1698 et
1238 1642 1423 1714 improperia

227 1741 255 1791 15
270 1727 403 1784 inserens
425 1730 546 1786 anulum
566 1747 583 1786 a
602 1732 706 1803 regina
724 1739 890 1803 expeteret,
909 1739 938 1787 et
959 1730 1017 1800 illa,
1033 1741 1149 1788 secrete
1169 1730 1253 1786 militi
1275 1729 1423 1784 inuanum

271 1818 400 1886 mittens,
414 1816 444 1872 in
458 1819 592 1873 medium
603 1818 738 1890 prolerre
751 1835 812 1874 uon
825 1827 944 1890 posset;
958 1819 1104 1875 triduanis
1114 1819 1235 1874 indutiis
1244 1834 1262 1873 a
1271 1817 1423 1872 nobilibus

270 1903 321 1960 vix
329 1904 505 1976 impetratis,
515 1907 627 1962 carceri
637 1904 831 1978 mancipatur.
857 1905 1271 1978 Reginaautemlachrimosis
1279 1905 1423 1977 precibus

271 2008 336 2047 rem
349 2002 465 2064 gestam
479 2001 582 2049 sancto
595 1992 780 2064 Kentigerno
794 2010 850 2066 per
863 1993 1005 2049 nuncium
1018 1993 1166 2065 exposuit,
1179 2001 1209 2048 et
1221 1993 1259 2048 ab
1272 1992 1324 2047 illo
1333 1991 1423 2047 vnieo

270 2078 465 2151 propitiatore
491 2097 545 2136 suo
570 2079 697 2136 salutem
722 2089 752 2136 et
779 2080 923 2137 auxilium
947 2081 1118 2153 postulauit
1162 2081 1292 2137 Sanctus
1321 2089 1423 2135 autem

228 2189 259 2226 ao
271 2166 406 2238 pontifex
425 2175 495 2223 ante
514 2168 678 2224 aduentum
697 2169 796 2224 nuncii
815 2177 909 2224 totum
929 2185 1106 2241 agnoscens,
1120 2168 1228 2224 nuncio
1245 2183 1313 2223 cum
1332 2167 1424 2222 hamo

271 2253 309 2308 ad
323 2253 419 2326 ripam
433 2253 564 2311 lluminis
574 2255 649 2311 Cliid
662 2255 805 2312 festinare
815 2255 958 2328 precepit,
967 2265 996 2312 et
1009 2257 1123 2329 piscem
1133 2257 1232 2328 primo
1244 2264 1424 2323 extractum,
1521 2247 1522 2272 ³

272 2338 383 2398 scilicet
399 2341 535 2413 ysicium,
549 2345 599 2415 qui
616 2352 645 2398 et
664 2343 759 2398 salmo
771 2343 888 2412 dicitur,
900 2345 937 2399 ad
955 2361 989 2400 se
1007 2353 1170 2417 reportare.
1207 2342 1275 2413 Quo
1292 2341 1379 2410 lacto,
1392 2352 1424 2396 et

271 2439 455 2498 exenterato,
474 2431 596 2486 anulum
615 2430 645 2486 in
664 2441 770 2487 ventre
789 2431 881 2504 piscis
903 2443 1055 2505 repertum
1076 2432 1179 2505 regine
1198 2429 1374 2496 transmisit,
1393 2441 1425 2484 et

272 2515 322 2571 illa
337 2516 400 2588 regi
416 2533 483 2572 cum
500 2519 680 2574 exultatione
696 2519 807 2574 obtulit.
845 2520 1044 2577 contristatus
1063 2537 1117 2576 rex
1137 2536 1191 2592 pro
1210 2517 1298 2573 illatis
1318 2517 1425 2588 regine

228 2627 258 2678 ²5
273 2605 395 2675 iniuriis,
416 2615 445 2662 et
464 2607 581 2663 veniam
602 2608 689 2665 ilexis
711 2609 838 2680 genibus
860 2619 975 2681 petens,
994 2608 1204 2683 grauissimam
1224 2607 1369 2664 ultionem
1392 2605 1423 2660 in

272 2694 421 2750 delatores
443 2711 476 2750 se
496 2694 646 2751 illaturum
667 2697 781 2752 iurauit.
819 2697 874 2752 Cui
895 2697 1016 2768 regina:
1043 2695 1155 2765 ‘Absit
1174 2695 1278 2766 inquit,
1299 2694 1424 2749 domine

272 2779 322 2850 mi,
335 2791 366 2838 vt
382 2782 441 2837 mei
458 2799 548 2838 causa
565 2783 722 2856 quicquam
740 2784 809 2840 mali
826 2783 983 2857 quisquam
1000 2787 1147 2859 patiatur:
1167 2784 1220 2840 sed
1238 2782 1290 2838 tibi
1303 2799 1343 2838 ex
1359 2790 1423 2838 toto

272 2871 362 2926 corde
380 2869 528 2944 indulgeo,
545 2875 569 2928 si
589 2889 711 2929 omnem
730 2891 886 2930 rancorem
905 2874 997 2930 animi
1015 2874 1067 2942 tui,
1085 2875 1161 2929 sicut
1178 2889 1243 2943 ego,
1256 2872 1423 2927 accusatori

272 2975 341 3014 meo
354 2960 505 3016 remittas!
543 2959 666 3017 Cunctis
679 2977 751 3032 ergo
765 2962 868 3034 regine
879 2961 1069 3018 clementiam
1083 2960 1307 3028 admirantibus,
1317 2969 1424 3015 vocato

228 3065 260 3112 30
274 3045 467 3119 Kentegerno
485 3046 535 3102 illa
553 3058 668 3103 reatum
689 3048 836 3118 confessa,
851 3051 942 3105 vitam
962 3067 1048 3106 suam
1067 3052 1105 3105 de
1125 3049 1239 3120 reliquo
1257 3048 1425 3103 emendare
1522 3029 1523 3066 ³

272 3136 393 3192 curauit.
465 3124 537 3191 Rex
548 3135 669 3206 quidam
679 3135 834 3206 Hibernie,
843 3137 943 3193 audita
955 3137 1036 3210 regis
1047 3135 1231 3207 Rederec[lr]
1244 3134 1424 3190 liberalitate

272 3231 301 3278 et
324 3222 535 3290 munificentia,
554 3223 746 3280 ioculatorem
766 3225 796 3280 in
819 3235 884 3281 arte
906 3243 960 3282 sua
978 3226 1107 3298 peritum
1126 3223 1256 3293 mittens,
1275 3231 1425 3294 temptare

272 3309 363 3366 voluit
386 3311 413 3366 si
437 3311 516 3367 same
540 3311 598 3368 late
624 3311 731 3368 diffuse
753 3317 865 3369 veritas
889 3314 1096 3386 responderet.
1142 3312 1278 3383 Cumque
1302 3321 1426 3383 peracta

273 3399 400 3470 quadam
421 3399 631 3471 solempnitate
650 3416 776 3456 munera
797 3402 933 3474 speciosa
955 3401 982 3457 ei
1004 3419 1057 3458 rex
1077 3400 1235 3470 conferret,
1254 3407 1284 3455 et
1304 3398 1356 3453 ille
1376 3415 1424 3454 ac·
1522 3447 1523 3458 ,

229 3502 259 3552 35
273 3485 374 3558 cipere
394 3503 534 3554 renuens,
554 3487 622 3542 talia
642 3486 672 3542 in
692 3498 771 3544 terra
793 3505 846 3545 sua
867 3505 902 3546 se
923 3491 996 3545 satis
1016 3489 1127 3545 habere
1145 3505 1236 3560 posse
1254 3495 1424 3554 assereret,

273 3573 435 3646 requisitus
459 3574 530 3646 quid
556 3575 646 3632 vellet
673 3577 819 3650 accipere,
844 3577 902 3634 ait:
936 3577 985 3633 ‘Si
1009 3577 1065 3647 vis,
1089 3576 1191 3648 inquit,
1215 3583 1248 3632 vt
1272 3575 1352 3630 bene
1377 3591 1425 3630 re·

273 3670 448 3718 muneratus
463 3665 611 3731 recedam,
625 3666 713 3721 detur
731 3665 802 3721 mihi
815 3666 916 3722 discus
933 3668 1025 3722 moris
1039 3664 1208 3722 recentibus
1221 3663 1347 3736 plenus!
1388 3661 1426 3718 Et

272 3747 383 3805 timens
402 3767 457 3807 rex
479 3769 517 3808 ne
540 3751 645 3808 honori
666 3755 731 3809 eius
755 3763 786 3808 et
810 3753 890 3810 same
915 3753 1110 3826 derogaretur
1134 3751 1159 3810 si
1184 3751 1327 3807 inculator
1352 3749 1427 3806 irre-

273 3849 448 3895 muneratus
468 3839 574 3910 abiret,
594 3849 701 3896 cuncta
720 3841 819 3897 retulit
842 3843 984 3915 episcopo
1009 3851 1121 3898 sancto.
1159 3839 1205 3910 Et,
1222 3855 1291 3894 curn
1313 3838 1427 3895 hiemis

228 3941 260 3990 40
273 3933 393 3998 tempus
416 3935 505 3993 esset,
524 3928 562 3984 ad
587 3929 678 3984 deum
702 3946 810 4000 preces
830 3929 876 3986 vir
898 3929 945 3986 dei
968 3928 1043 3986 fudit
1062 3937 1091 3986 et
1114 3929 1237 3984 domurn
1259 3926 1354 3984 moris
1377 3944 1427 3984 re-

272 4013 408 4070 centibus
432 4015 556 4086 plenum
581 4017 718 4072 ostendit
769 4016 807 4072 Et
831 4018 939 4073 tollens
967 4019 1084 4074 discum
1109 4026 1139 4072 et
1163 4017 1256 4071 moris
1283 4015 1426 4086 implens,

272 4101 426 4158 ioculatori
448 4104 538 4160 dedit.
576 4104 643 4173 Quo
661 4105 726 4161 viso
745 4105 897 4176 miraculo,
916 4115 985 4178 post
1007 4123 1120 4178 paucos
1141 4105 1216 4173 dies,
1234 4103 1340 4160 relicta
1361 4117 1427 4164 arte

273 4206 328 4246 sua
352 4189 484 4247 melioris
504 4193 563 4247 vite
587 4193 666 4247 viam
689 4191 871 4264 ingrediens,
890 4193 992 4249 diuino
1012 4211 1047 4250 se
1069 4192 1249 4264 mancipauit
1270 4193 1428 4266 obsequio.

275 4265 410 4336 Sanctus
424 4277 577 4348 Columba,
590 4279 642 4351 qui
660 4280 697 4335 ab
710 4279 820 4352 Anglis
834 4281 1031 4338 Columkillus
1044 4289 1173 4350 vocatur,
1187 4279 1217 4336 in
1234 4279 1286 4336 illo
1298 4283 1428 4338 cenobio

228 4377 260 4428 45
273 4366 353 4439 quod
371 4364 401 4422 in
420 4364 519 4424 insula
538 4365 591 4424 Hii
608 4378 815 4428 construxerat
830 4369 988 4428 virtutibus
1007 4370 1113 4440 clarus,
1127 4367 1222 4426 sancti
1238 4367 1294 4424 viri
1313 4367 1427 4428 samam
