3064 4888
442 291 517 386 Dr
541 289 706 380 &carm
730 289 945 382 mutant.
1194 311 1265 386 5²3

115 507 188 552 cum
207 492 259 550 diu
281 491 440 564 reluctans,
459 491 668 566 cogitationem
687 501 824 549 auertere
848 508 909 548 non
931 497 1044 564 posset,
1064 487 1266 546 iuramentum

114 582 156 637 ad
169 580 381 652 sacram[enta]
392 581 401 613 ¹
414 598 472 653 que
486 579 629 636 tractabat
643 579 719 650 iecit,
734 579 815 636 nullo
832 596 866 636 se
882 578 1011 651 amplius
1027 586 1114 650 pacto
1126 576 1156 632 id
1169 593 1266 649 genus

115 668 176 726 cibi
200 685 415 728 comessumm.
452 667 609 741 Completa
634 685 706 724 vero
729 669 830 737 missa,
854 666 1027 739 impransus
1051 666 1090 722 ad
1114 663 1267 738 negotium

116 755 265 813 discessit.
312 755 421 813 Seculo
445 757 569 813 tandem
591 755 703 824 relicto,
724 756 755 811 in
781 754 963 811 monasterio
984 752 1186 826 wigorniensi,
1206 768 1267 823 quo

115 853 205 916 pater
217 861 291 900 suus
307 843 461 914 seruierat,
480 843 646 900 monachus
664 841 797 908 effectus,
811 859 867 914 per
884 841 984 898 omnia
1002 858 1081 913 pene
1100 839 1155 896 loci
1169 839 1294 907 efficias

115 931 259 1004 gradiens
284 932 322 988 ad
345 932 510 1004 prioratum
531 929 674 987 ascendit.
731 928 862 998 Ieiuniis,
887 928 1004 1002 vigiliis,
1029 936 1059 984 et
1084 926 1267 984 orationibus

115 1017 227 1091 iugiter
250 1018 395 1089 indulsit3
425 1035 517 1092 super
541 1034 698 1076 scamnum
722 1017 753 1073 in
778 1016 911 1085 ecclesia,
932 1015 1007 1072 libro
1030 1017 1143 1087 inquo
1165 1016 1268 1070 orabat

117 1106 208 1178 capiti
230 1107 394 1179 supposito,
414 1105 543 1162 donnire
568 1106 732 1162 consueuit.
813 1092 915 1161 Nocte
939 1104 1019 1161 enim
1044 1104 1174 1176 quadam
1198 1111 1267 1158 ante

116 1194 211 1250 altare
224 1195 254 1249 in
267 1193 393 1250 ecclesia
410 1211 509 1262 orans,
521 1194 690 1262 demonem,
703 1194 741 1249 ad
761 1193 869 1250 luctam
879 1209 956 1264 ‚eum
975 1193 1143 1264 importune
1160 1207 1267 1262 prouo-

116 1289 246 1350 cantem,
259 1281 415 1353 quamuis⁹
429 1280 569 1353 passione
579 1280 718 1353 fatigatus
730 1289 778 1336 ter
789 1280 993 1353 complectens
1007 1277 1177 1352 prostrauit.
1202 1277 1266 1350 Ap·
1283 1301 1313 1338 ιο

116 1369 216 1440 paruit
232 1377 333 1426 autem
344 1367 386 1424 illi
405 1368 436 1423 in
455 1367 552 1424 forma
567 1367 729 1424 sentientis
745 1368 900 1424 cuiusdam
918 1369 956 1424 de
975 1369 1065 1436 curia,
1078 1383 1168 1439 quem
1187 1372 1267 1438 post-

116 1456 242 1512 modum
255 1455 394 1529 quotiens
401 1455 559 1512 Wlstanus
572 1455 688 1512 videret
699 1455 851 1528 expalluit,
864 1455 901 1511 ad
915 1463 1014 1512 cetera
1026 1471 1150 1527 semper
1161 1453 1267 1510 timore

116 1559 240 1600 vacuus.
284 1542 464 1600 Affirmabat
485 1543 567 1600 enirn
591 1561 626 1600 se
650 1545 767 1600 nescire
786 1543 857 1616 quid
879 1552 961 1600 esset
982 1544 1078 1609 timor,
1101 1541 1195 1614 [qui]⁸
1212 1557 1268 1614 pro

116 1627 248 1686 fractura
260 1630 360 1702 pontis
373 1647 483 1704 equum
498 1647 652 1703 nunquam
665 1630 848 1700 descendit⁴,
861 1629 934 1704 quin
950 1629 1039 1688 etiarn
1053 1629 1084 1686 in
1097 1628 1268 1686 summitate

117 1715 299 1773 fabricamm
311 1727 505 1790 angustarum
519 1735 644 1775 securus
657 1717 819 1776 incederet.
876 1706 977 1776 ”Cum
990 1726 1125 1774 matrona
1137 1717 1267 1788 quedam
1284 1741 1312 1792 15

117 1803 329 1876 pulcherrirna,
342 1804 450 1861 nobilis
467 1821 501 1861 ac
520 1805 615 1872 diues,
628 1805 659 1860 in
676 1805 948 1878 concupiscentiam
965 1805 1030 1862 eius
1047 1805 1153 1861 insano
1165 1820 1267 1861 amore

117 1907 153 1948 ac
172 1890 272 1948 illicito
290 1892 415 1965 decepta
433 1893 463 1948 in
483 1902 598 1949 tanturn
617 1904 777 1950 vexaretur
792 1903 824 1949 vt
840 1893 1028 1966 temptationi
1047 1892 1188 1948 resistere
1206 1908 1267 1948 non

118 1979 243 2046 valeret,
256 1979 441 2036 desiderium
455 1997 543 2037 suum
556 1981 584 2036 ei
596 1981 701 2054 aperit,
714 1981 895 2054 suspirando
912 1990 996 2052 rogat
1009 1988 1038 2035 et
1051 1987 1116 2035 orat
1127 1986 1159 2034 vt
1171 1977 1267 2034 cubile

118 2081 218 2136 suum,
243 2066 396 2139 paululum
419 2067 516 2140 rigore
536 2068 708 2141 proposito⁶
729 2067 871 2137 inssexoi,
895 2068 1076 2140 dignaretur.
1122 2065 1176 2122 llle
1194 2083 1267 2122 vero

118 2171 225 2212 vocem
245 2154 393 2211 funestam
415 2155 539 2212 vlterius
558 2173 619 2212 non
641 2155 751 2226 serens,
772 2156 826 2211 sed
849 2172 989 2212 sermone
1011 2153 1160 2227 loquentis
1179 2153 1268 2210 inter·
1284 2175 1314 2212 20

118 2251 217 2316 rupto,
237 2251 268 2299 et
287 2240 364 2299 sacto
383 2243 472 2299 fronti
494 2245 590 2300 crucis
611 2243 765 2317 signaculo
785 2243 878 2302 dixit:
910 2243 953 2298 ‘F
954 2259 1021 2315 uge,
1045 2241 1149 2313 inquit,
1172 2241 1268 2297 fomes

118 2329 249 2399 lasciuie,
263 2331 367 2387 mortis
385 2331 454 2400 filia,
467 2348 520 2387 vas
539 2332 697 2402 sathane’3
717 2333 894 2405 alapamque
911 2330 1085 2388 muliercule
1103 2338 1186 2386 tanto
1199 2330 1267 2386 nisu

118 2417 259 2491 impegit⁸
270 2419 351 2490 quod
364 2417 496 2492 crepitus
509 2417 585 2476 illise
603 2420 702 2493 palme
714 2420 946 2493 circumquaque
958 2419 1057 2476 audita
1069 2418 1132 2475 suit.
1157 2417 1268 2491 Sicque

118 2505 195 2562 alter
223 2505 333 2579 loseph
364 2506 542 2563 muliebrem
569 2507 723 2564 lasciuiam
747 2509 846 2565 animo
876 2524 1035 2582 respuens,
1066 2523 1157 2562 manu
1187 2523 1268 2562 com·

119 2592 270 2665 pescebat.
344 2580 472 2652 Solebat
484 2603 583 2650 autem
601 2596 704 2652 sedula
719 2596 878 2653 deuotione
896 2595 977 2652 omni
995 2595 1144 2651 dominica
1156 2594 1268 2666 populo
1284 2615 1312 2666 ²5

118 2681 245 2738 verbum
258 2681 306 2738 dei
319 2681 492 2754 predicare:
506 2699 596 2755 quern
607 2683 699 2740 frater
710 2683 847 2757 quidam⁹
856 2684 1024 2757 increpans,
1035 2683 1128 2739 solius
1140 2681 1269 2738 asseruit

120 2785 192 2826 esse
217 2768 365 2841 pontificis
389 2769 556 2842 predicare,
582 2771 730 2829 monacho
760 2771 912 2828 silentium
944 2779 973 2828 et
1002 2770 1164 2827 claustrum
1190 2785 1268 2826 com·

119 2865 232 2930 petere.
278 2856 332 2914 Cui
356 2867 478 2916 sanctus
503 2859 677 2932 respondit:
709 2858 859 2916 ‘Verbum
881 2857 929 2914 dei
953 2867 1080 2914 nonest
1105 2856 1268 2928 alligatum,

118 2944 253 3017 nihilque
279 2945 336 3001 deo
360 2944 474 3018 gratius
498 2964 588 3020 quam
614 2946 767 3004 Christum
792 2945 974 3002 annunciare
1001 2945 1206 3017 populumque
1229 2944 1268 3000 ab

117 3049 223 3090 errore
247 3033 295 3089 vie
324 3051 379 3091 sue
409 3038 589 3106 reuocare';
620 3037 747 3108 ideoque
777 3051 812 3092 se
843 3051 903 3090 non
934 3031 1123 3089 omissurum.
1173 3031 1267 3089 Nocte
1281 3058 1313 3107 30

117 3129 266 3193 sequente
288 3120 379 3178 irater
404 3121 454 3178 ille
474 3124 511 3178 ad
532 3123 660 3180 tribunal
682 3123 774 3197 ignoti
795 3122 900 3180 iudicis
921 3121 952 3177 in
970 3119 1084 3177 visione
1103 3120 1218 3190 ductus,
1237 3129 1267 3177 et

118 3224 173 3266 cur
185 3225 309 3265 seruum
327 3227 415 3266 suum
433 3210 620 3283 obiurgasset
638 3211 823 3283 redargutus,
837 3210 867 3266 in
885 3209 1089 3282 pauimentum
1102 3208 1202 3262 iussus
1221 3215 1267 3264 est

117 3295 214 3354 sterni
233 3305 262 3353 et
281 3297 355 3354 cedi.
400 3297 559 3356 Lachrime
578 3299 659 3356 enim
678 3298 709 3355 in
728 3298 866 3364 maxillis,
885 3308 914 3354 et
933 3297 1043 3354 liuores
1062 3296 1218 3353 euidenter
1235 3295 1266 3352 in

117 3383 251 3456 scapulis
273 3385 443 3458 euigilantis
465 3395 678 3459 apparuerunt.
723 3386 815 3443 Cuius
840 3385 1007 3442 calamitate
1031 3392 1130 3440 motus
1151 3383 1198 3440 vir
1218 3383 1267 3441 dei

118 3471 359 3530 benedictionem
380 3474 407 3530 ei
426 3475 516 3543 dedit,
535 3483 565 3530 ct
584 3475 683 3530 statim
702 3475 815 3530 sanitas
835 3474 862 3530 ei
882 3473 969 3530 rediit
987 3489 1136 3545 omneque
1155 3472 1266 3528 doloris
1280 3489 1311 3540 35

117 3559 277 3630 vestigium
291 3560 468 3633 conquieuit.
541 3549 625 3620 Cum
638 3562 759 3635 quidam
774 3564 813 3619 de
830 3560 989 3634 campanili
1009 3576 1137 3634 preceps
1157 3567 1266 3629 meret,

118 3644 277 3704 Wlstanus
299 3647 416 3704 eminus
437 3657 521 3706 stans
542 3659 572 3706 et
591 3648 713 3706 intuens
734 3648 885 3707 condoluit
904 3657 933 3706 et
954 3649 1073 3721 signum
1095 3646 1192 3704 crucis
1213 3665 1266 3719 op-

117 3734 236 3808 posuit:
251 3751 398 3807 casusque
411 3753 471 3793 non
485 3737 582 3794 solum
597 3736 730 3809 [corpus]
743 3737 764 3769 ¹⁰
776 3737 892 3795 ruentis
908 3754 970 3794 non
983 3735 1104 3804 attriuit,
1118 3735 1172 3790 sed
1186 3732 1267 3788 nec¹¹

117 3821 263 3892 animum,
285 3820 411 3895 frigente
433 3825 586 3896 sanguine,
608 3834 639 3881 vt
660 3825 745 3892 solet,
766 3825 903 3882 ebetauit.
941 3822 1078 3880 Surrexit
1101 3820 1266 3888 incolumis,

118 3927 174 3968 sue
200 3919 343 3982 reputans
368 3911 526 3968 temeritati
550 3913 630 3984 quod
656 3911 770 3981 cecidit,
795 3921 824 3970 et
849 3910 980 3968 Wlstani
1011 3907 1158 3966 sanctitati
1185 3907 1266 3980 quod
1279 3925 1312 3977 40

117 3997 223 4056 euasit.
309 3985 427 4055 Tribus
448 4001 479 4055 in
501 3999 668 4057 ebdomada
689 4001 796 4058 diebus
816 3999 915 4056 omnis
936 3998 993 4055 cibi
1013 3997 1177 4064 abstinens,
1197 4013 1266 4067 per·

118 4093 211 4158 petuo
236 4084 370 4154 linguam
391 4086 522 4144 cohibuit
546 4087 681 4145 silentio:
706 4087 831 4161 reliquis
853 4087 947 4143 tribus
968 4101 1076 4158 porros
1097 4084 1144 4142 vel
1166 4083 1266 4140 caules

152 4207 207 4258 ¹T.
222 4207 371 4262 Essemus.
455 4209 512 4260 ΙΤ.
523 4209 552 4259 Ε.
564 4212 679 4273 quamuis
691 4211 770 4260 illum.
847 4207 925 4258 ’om
938 4207 964 4257 in
976 4207 1005 4258 T.
1019 4207 1048 4258 E.
1147 4206 1264 4257 ⁴th

119 4271 294 4326 descenderit.
450 4275 460 4305 ⁸
477 4275 516 4326 ct.
528 4275 588 4326 Vita
599 4279 650 4326 and
663 4277 696 4326 H.
849 4275 859 4304 ⁸
875 4275 926 4325 Vit.
938 4273 1071 4338 prepositi,
1086 4273 1120 4323 l·l.
1132 4273 1265 4336 propositi.

119 4337 177 4390 'so
188 4340 257 4398 Vit.;
275 4340 340 4392 Boii.
350 4341 396 4404 rig.
408 4342 550 4404 postposito
562 4342 670 4403 ingredi.
714 4339 831 4404 ⁸s0H.,
844 4341 893 4393 vit.
906 4339 1018 4404 infregit.
1059 4337 1115 4392 'sc
1128 4339 1265 4390 winricus.

119 4403 287 4458 ”ominE
356 4407 622 4469 ul'..nou;l'.nec.
