3052 4896
292 321 364 412 564
722 311 925 413 flttmnlt
953 313 1004 390 11·

289 513 387 572 stridet
406 513 485 586 quasi
501 513 621 571 tridente
639 514 786 570 confossus
802 525 830 572 et
845 516 940 572 statim
959 515 1091 588 expandit
1111 532 1142 571 se
1159 517 1345 574 moriturum.
1369 523 1381 586 l
1402 521 1445 576 Set

288 609 317 654 et
329 599 381 654 hec
394 599 519 654 eiusdem
527 599 614 653 virtus
624 599 738 668 egregia
746 616 803 654 non
813 611 857 655 est
866 601 1052 670 pretereunda
1065 599 1181 654 narrari.
1221 603 1304 656 Nam
1313 621 1383 657 cum
1392 605 1445 674 qui·

288 681 354 736 dam
368 682 462 738 ouium
472 692 568 752 pastor
580 682 626 753 qui
640 683 835 752 appellabatur
846 684 1023 739 Wedmonus
1036 685 1088 738 sub
1098 684 1171 738 duce
1183 700 1237 738 suo
1251 686 1446 755 Quonetbedo

287 781 402 836 gregem
415 782 496 821 suum
509 766 537 820 in
554 765 667 835 pascuis
686 766 762 821 iuxta
780 765 881 821 siluam
899 777 1036 838 pasceret,
1049 768 1143 823 subito
1155 784 1205 822 aer
1218 768 1314 823 densa
1328 771 1447 839 caligine

260 863 274 914 s
287 850 471 905 conturbatus
484 848 585 904 ictibus
603 849 702 904 crebro
713 848 852 904 fulmineis
865 849 993 906 intonare
1009 849 1091 920 cepit.
1127 851 1341 908 obtenebratis
1355 854 1447 925 itaque

288 950 338 1004 per
362 932 507 988 circuitum
532 931 670 997 omnibus,
694 943 790 1002 pastor
813 942 921 988 tantam
948 951 1005 988 non
1029 933 1151 1004 perferre
1175 936 1278 990 valens
1309 937 1389 992 aeris
1410 939 1446 992 irs

287 1016 479 1084 clemenciam,
503 1025 615 1071 cecatus
638 1014 676 1070 ad
700 1025 803 1070 terram
825 1017 1010 1086 prosternitur
1033 1016 1159 1088 pauidus.
1212 1019 1324 1074 Custos
1353 1031 1447 1075 autem

287 1101 427 1172 pecudum
440 1098 496 1154 iarn
514 1109 597 1154 nocte
615 1099 710 1153 omnia
728 1109 840 1168 tegente
859 1101 974 1171 quando
992 1100 1021 1155 in
1040 1117 1070 1154 se
1088 1099 1180 1170 capite
1197 1113 1300 1156 erecto
1317 1121 1446 1159 reuersus

288 1193 340 1251 cst,
362 1201 430 1239 oues
449 1182 540 1237 nullas
559 1181 611 1236 nisi
631 1181 712 1252 lupos
731 1199 782 1252 pro
801 1183 855 1238 illis
874 1183 949 1237 circa
968 1199 998 1237 se
1014 1183 1186 1252 glomeratos
1204 1183 1290 1239 vidit.
1339 1187 1446 1256 Magno
1506 1247 1507 1250 Ἴ

245 1281 276 1318 ro
288 1266 381 1338 itaque
394 1265 494 1320 timore
506 1281 666 1331 concussus,
676 1265 715 1318 ait
730 1283 736 1320 :
756 1265 878 1320 ‘Sancte
890 1265 936 1320 dei
949 1265 1112 1334 Winwaloe,
1121 1282 1167 1333 ne,
1176 1267 1313 1333 obsecro,
1323 1269 1446 1325 rurum

287 1349 387 1404 horum
400 1358 498 1404 contra
511 1364 557 1402 me
569 1347 693 1403 dimittas
706 1350 866 1419 preualere.’
889 1350 940 1404 Set
953 1366 1006 1403 nec
1018 1349 1135 1404 multum
1144 1349 1188 1403 vir
1199 1349 1247 1404 dei
1261 1351 1447 1422 imprecatus,

286 1447 370 1502 opem
390 1448 446 1487 non
467 1429 573 1486 distulit
591 1431 663 1486 ferre
682 1431 817 1501 poscenti.
854 1433 930 1486 Nam
953 1432 1025 1486 inter
1046 1449 1077 1486 se
1096 1442 1125 1487 et
1142 1433 1213 1487 alios
1233 1433 1317 1489 visus
1336 1436 1402 1502 tirit,
1420 1449 1448 1491 ct

286 1525 384 1586 postea
401 1515 548 1582 referebat,
567 1531 654 1585 vsque
671 1531 753 1570 mane
770 1523 844 1570 stare
863 1525 977 1570 sanctus
994 1515 1193 1570 winwaloeus.
1240 1519 1335 1573 Mane
1351 1532 1447 1576 autern

285 1597 368 1666 lacto,
389 1597 543 1668 intrepidus
562 1597 694 1667 lugitiuas
716 1599 823 1669 absque
843 1599 899 1652 vllo
921 1597 1081 1654 discrimine
1102 1609 1259 1669 congregat
1282 1613 1314 1656 et
1336 1605 1446 1660 reducit

244 1681 430 1746 15vniuersas
454 1681 600 1748 bidentes;
628 1697 662 1736 ac
687 1681 789 1747 statim,
813 1697 914 1753 pecore
938 1680 1080 1749 derelicto,
1101 1681 1228 1751 graditur
1249 1683 1288 1738 ad
1314 1699 1447 1742 sanctim

286 1763 332 1820 dei
345 1764 556 1831 Winwaloeum,
568 1780 686 1819 narrans
703 1764 728 1819 ei
741 1765 836 1819 omnia
850 1781 904 1834 que
923 1781 973 1834 per
990 1781 1055 1820 eum
1071 1764 1124 1819 sibi
1137 1764 1165 1818 in
1179 1775 1265 1821 nocte
1277 1767 1359 1824 facta
1372 1781 1446 1826 strnt

288 1849 351 1904 Hec
370 1848 414 1904 uir
431 1847 477 1904 dei
499 1865 517 1902 a
538 1847 642 1902 rustico
661 1847 788 1912 audiens,
809 1865 887 1903 more
906 1847 990 1902 solito
1010 1847 1119 1902 aulerre
1138 1865 1156 1902 a
1177 1865 1208 1903 se
1227 1850 1350 1906 laudem
1371 1854 1446 1908 hanc
1506 1873 1507 1896 l

286 1932 394 1988 virtutis
415 1931 572 1987 nitebatur:
600 1940 643 1985 set
663 1930 783 1986 rusticus
801 1947 877 1986 nunc
897 1930 1026 1986 laudibus
1051 1929 1192 1999 insistens,
1213 1949 1291 1988 nunc
1314 1952 1383 1989 cum
1407 1937 1446 1991 in-

286 2015 458 2086 crepacione,
481 2014 558 2069 illum
578 2013 622 2068 dei
642 2013 766 2068 misteria
787 2014 879 2068 celare
898 2012 1058 2084 cupientem
1076 2030 1192 2081 arguere
1209 2031 1269 2069 non
1292 2018 1412 2073 desinit.
1433 2025 1443 2084 l

243 2113 275 2150 ιο
288 2099 418 2172 Quadam
432 2097 478 2153 die
497 2097 565 2151 dum
586 2095 711 2150 ¹ludicra
731 2097 803 2152 inter
822 2099 980 2151 Fracanum
1000 2097 1059 2151 eius
1077 2096 1232 2166 genitorem
1250 2109 1282 2154 et
1301 2101 1444 2157 Riwalum
1506 2121 1507 2132 ¹

286 2179 471 2237 domnonice²
487 2179 576 2250 partis
593 2181 630 2235 de
644 2179 793 2235 velocitate
809 2196 943 2250 equorum
959 2197 1072 2235 suorum
1086 2191 1149 2234 orta
1164 2182 1318 2237 contencio
1336 2185 1443 2252 suisset,

285 2265 441 2320 conuencio
465 2263 587 2318 condicti
610 2263 674 2332 diei,
697 2262 725 2318 in
750 2279 806 2334 qua
830 2261 960 2334 quisnam
985 2280 1080 2318 eorum
1105 2263 1245 2332 pernicior
1271 2266 1354 2322 fieret
1379 2285 1442 2338 pro

285 2349 406 2414 baretur,
421 2347 569 2404 amborum
588 2362 726 2401 consensu
744 2347 820 2401 iacta
838 2356 890 2401 est.
927 2347 965 2401 At
979 2357 1047 2401 tunc
1066 2345 1192 2415 plurimis
1213 2357 1275 2402 tam
1299 2351 1442 2406 nobilibus

285 2447 370 2501 quam
383 2429 553 2500 ignobilibus
569 2428 607 2483 ad
625 2429 816 2499 spectaculum
829 2428 905 2488 istud
920 2428 1105 2499 congregatis,
1118 2427 1254 2484 leuissimi
1272 2435 1366 2502 pueri,
1379 2435 1440 2489 erti-

242 2535 271 2586 ²5
286 2514 462 2569 ficiosissime
491 2514 529 2568 ad
559 2514 726 2568 currendum
755 2513 858 2581 edocti,
887 2530 975 2584 equos
1005 2513 1198 2568 ascenderunt.
1249 2515 1440 2572 Plurimorum

285 2597 369 2667 igitur
386 2613 522 2667 equorum
543 2613 625 2652 cursu
646 2605 791 2666 concepto,
814 2596 905 2651 cuntis
923 2613 979 2651 vna
1001 2613 1032 2651 se
1053 2596 1179 2651 certatim
1202 2599 1388 2656 mouentibus
1407 2601 1440 2656 de

284 2681 346 2736 loco
373 2680 481 2750 agonis,
507 2679 582 2734 solus
610 2679 731 2734 Fracani
756 2679 880 2734 caballus
907 2689 973 2735 ante
998 2695 1096 2734 omnes
1121 2679 1251 2734 cucurrit.
1299 2683 1352 2738 Set
1378 2701 1439 2739 cum

284 2765 356 2820 serre
377 2763 512 2834 impetum
537 2762 674 2818 currentis
697 2763 762 2832 equi
783 2780 853 2833 puer
875 2779 931 2817 non
952 2763 1048 2829 valuit,
1069 2779 1137 2817 casu
1161 2761 1235 2817 inter
1258 2765 1439 2821 acutissimas

285 2858 379 2920 petras
398 2846 528 2902 concidit.
566 2847 652 2901 Cuius
670 2845 765 2900 statim
783 2845 987 2915 corpusculum,
1006 2845 1140 2900 membris
1162 2863 1212 2915 per
1230 2848 1329 2903 omnia
1345 2849 1438 2904 tinais

241 2953 273 3004 50
285 2943 313 2989 et
331 2929 527 2986 miserabiliter
544 2929 648 2984 collisis
656 2925 675 2995 ³,
689 2930 730 2984 sui
748 2938 917 2999 acceperunt
933 2936 1082 2996 mortuum,
1095 2937 1179 2998 atque
1195 2929 1293 2984 omnia
1312 2935 1438 2986 membra

286 3014 471 3087 particulatim
491 3013 719 3083 recompaginare
737 3011 866 3080 nitentes,
887 3011 1009 3066 studium
1031 3012 1166 3080 gerebant
1185 3011 1338 3069 incassum.
1378 3017 1436 3070 Plo·

285 3101 365 3155 rabat
388 3097 518 3169 precipue
540 3097 692 3162 Fracanus,
710 3095 788 3150 cuius
807 3105 885 3150 reatu
904 3094 999 3148 omnia
1017 3111 1071 3165 que
1088 3093 1258 3150 accidissent
1276 3098 1356 3152 mala
1372 3115 1436 3153 con·

285 3184 380 3253 tigisse
404 3179 563 3250 fereba[n]t,
584 3190 612 3235 et
636 3188 712 3234 totus
736 3179 858 3249 vndique
882 3177 1033 3248 promiscui
1057 3195 1138 3232 sexus
1157 3178 1267 3248 ploratu
1290 3197 1357 3234 curn
1381 3183 1436 3235 alto

284 3267 389 3336 gemitu
397 3276 426 3320 et
435 3265 537 3320 eiulatu
550 3265 669 3334 repletur
681 3279 737 3317 aer.
763 3262 892 3317 Tandem
904 3279 968 3316 cum
981 3260 1149 3316 sufficienter
1160 3261 1277 3316 modum
1291 3263 1436 3320 dedissent

241 3368 270 3419 ³⁵
286 3349 378 3405 fletui:
398 3348 518 3402 ‘Tollite
535 3347 610 3412 hinc,
628 3346 782 3416 inquiuunt,
795 3362 860 3400 eum
876 3345 914 3400 ad
933 3344 1144 3415 sepeliendum:
1170 3344 1227 3399 iam
1248 3345 1338 3401 nichil
1360 3347 1435 3402 aliud

285 3433 401 3488 debetur
426 3441 535 3486 mortuo
556 3429 609 3484 nisi
632 3429 806 3500 sepulcrum.¹
851 3427 893 3483 llli
919 3439 1012 3484 autem
1033 3427 1080 3498 qui
1105 3427 1182 3498 prius
1203 3441 1334 3484 sanctum
1356 3431 1436 3485 Win-

286 3515 420 3569 waloeum
433 3514 579 3568 audierant
592 3524 676 3583 atque
689 3521 835 3580 nouerant,
849 3512 997 3567 dicebant:
1018 3511 1114 3578 ‘Vere
1127 3511 1248 3566 simodo
1261 3513 1309 3567 hic
1322 3527 1436 3570 sanctus

285 3599 357 3654 lilius
376 3608 438 3653 tuus
457 3597 648 3652 Winwaloeus
664 3597 785 3665 adesset,
798 3595 965 3651 reuiuiscere
982 3595 1112 3666 equidem
1132 3595 1184 3649 iste
1203 3598 1337 3665 puerulus
1354 3609 1436 3667 potu·

285 3682 368 3738 isset.¹
406 3682 478 3736 Cum
496 3681 549 3734 hec
561 3679 728 3747 dicerentur,
741 3678 795 3734 deo
807 3689 908 3748 agente
921 3687 1035 3732 sanctus
1049 3678 1129 3732 adest
1142 3678 1344 3734 Winwaloeus.
1381 3679 1435 3750 Qui
1506 3671 1507 3676 ἵ

240 3789 273 3840 40
284 3783 349 3822 mox
373 3765 472 3820 videns
496 3763 606 3818 illorum
637 3764 730 3818 uultus
761 3761 964 3817 mestissimos:
997 3761 1156 3827 ‘Recedite
1181 3761 1281 3832 inquit,
1304 3780 1363 3818 non
1394 3773 1435 3818 est

284 3861 408 3906 mortuus
429 3865 505 3919 puer,
527 3858 569 3902 set
590 3864 655 3916 eger
677 3845 765 3900 iacet'
809 3845 868 3900 Illis
888 3843 1018 3900 omnibus
1042 3845 1173 3899 recedere
1196 3846 1329 3915 pusillum
1353 3846 1435 3900 iussis

285 3941 313 3986 et
336 3929 448 3999 globum
474 3928 503 3983 in
528 3927 643 3981 circuitu
667 3927 705 3980 ad
729 3924 883 3979 uidendum
904 3922 972 3994 quid
991 3933 1086 3993 ageret
1104 3923 1289 3981 iacientibus:
1318 3943 1384 3981 mor
1404 3937 1433 3979 rt

285 4012 368 4066 fidem
382 4010 490 4064 illorum
509 4004 734 4062 ardentissimam
753 4003 869 4074 aspexit,
883 4003 1025 4058 dexteram
1041 4003 1166 4060 detineri
1184 4007 1433 4075 comprehendens,

287 4094 453 4162 ‘Dominus,
472 4092 570 4163 inquit,
593 4091 691 4146 lhesus
715 4089 851 4156 Christus,
871 4086 917 4158 qui
937 4098 1047 4143 tecum
1067 4105 1123 4142 non
1143 4106 1208 4143 eras
1226 4089 1385 4159 plasmauit‚
1403 4097 1432 4142 et

239 4205 270 4255 45
285 4195 398 4234 carnem
411 4193 524 4232 sumens
537 4193 571 4231 ex
583 4175 689 4244 virgine
703 4173 871 4228 inmaculata
883 4171 940 4242 pati
954 4189 1004 4242 pro
1020 4181 1047 4227 te
1060 4188 1116 4226 non
1130 4171 1277 4238 dubitauit,
1288 4171 1431 4226 resuscitet

285 4263 329 4318 te.¹
366 4264 404 4316 At
420 4271 486 4315 tunc
504 4275 572 4329 puer
590 4257 638 4329 qui
655 4267 780 4312 mortuus
800 4256 897 4323 luerat,
911 4255 992 4326 quasi
1010 4273 1028 4310 a
1045 4272 1166 4326 sompno
1184 4255 1319 4310 excitatus
1337 4255 1429 4310 statim
1506 4289 1507 4300 .

377 4376 386 4407 ¹
403 4375 457 4427 MS.
468 4374 598 4426 contencio
610 4373 626 4426 l.
757 4374 767 4405 ¹
783 4372 837 4423 MS.
850 4371 1003 4423 demuonice.
1137 4371 1147 4401 ⁸
1163 4371 1218 4422 MS
1230 4371 1339 4423 collisus
