3028 4894
413 278 489 373 Dc
513 275 677 367 &antu
703 277 920 370 wistano.
1163 287 1235 378 465

85 487 117 536 et
135 478 165 535 in
183 495 238 537 suo
254 479 438 536 monasterio
455 479 610 538 Tauraco¹
623 480 767 554 sepultus,
780 480 931 548 miraculis
942 481 1057 538 crebris
1073 482 1238 540 choruscat

88 567 113 623 F
114 566 202 624 loruit
218 577 317 624 autem
333 567 412 626 circa
427 585 540 626 annum
555 568 668 626 domini
686 569 1013 642 quadringentesimum
1031 569 1239 644 quinquagesi-

87 671 172 711 mum
184 672 297 712 nonum
306 655 325 714 ¹.

582 759 747 819 Nominat

126 869 271 957 Quedam
292 883 399 940 ancilla
421 882 470 940 dei
491 893 521 940 et
541 885 626 956 virgo
651 893 762 954 sancta,
782 882 994 940 abstinentiam
1018 903 1128 942 nouem
1152 884 1240 943 annis

88 970 270 1037 custodiens,
283 988 301 1027 a
315 971 446 1043 quodam
462 979 583 1028 cantore
600 971 745 1028 solicitata
761 980 808 1028 est
825 980 855 1028 et
871 981 1019 1045 corrupta.
1056 973 1124 1044 Que
1140 974 1240 1032 statim
1255 988 1269 1040 5

88 1057 273 1131 concipiens,
286 1067 372 1132 partu
390 1057 538 1132 explicito,
554 1059 647 1114 nimio
666 1059 768 1116 dolore
787 1058 952 1132 penitentie
971 1077 1059 1117 mens
1078 1061 1143 1117 eius
1161 1079 1241 1118 com·

88 1155 201 1218 puncta
220 1154 275 1214 est,
293 1145 323 1202 in
342 1155 466 1214 tantum,
485 1156 516 1203 vt
535 1145 613 1203 lame
632 1145 826 1219 semetipsam
845 1147 936 1204 vellet
955 1148 1109 1218 occidere;
1135 1147 1241 1206 lachri-

89 1233 185 1290 mosis
212 1233 351 1306 precibus
381 1235 471 1291 deum
502 1233 610 1307 iugiter
634 1233 829 1308 interpellans
856 1252 890 1291 ac
918 1235 1041 1292 dicens:
1073 1235 1135 1292 ‘Tu
1166 1237 1241 1293 deus

90 1337 228 1394 magnus,
250 1320 300 1394 qui
321 1320 412 1378 totius
433 1321 537 1378 mundi
558 1321 706 1378 maliciam
728 1330 848 1396 portare
870 1322 1070 1380 consueuisti:
1099 1323 1170 1396 quia
1190 1333 1242 1380 tua

88 1408 230 1464 voluntas
244 1417 291 1464 est
307 1418 431 1466 cunctos
448 1408 566 1475 saluari,
580 1426 628 1466 me
647 1427 765 1483 quoque
784 1410 931 1483 perditam
951 1409 981 1466 in
1001 1411 1057 1467 hoc
1076 1413 1203 1469 ostende
1216 1411 1242 1468 si
1259 1429 1289 1465 ro

90 1495 179 1553 saluti
198 1495 346 1566 restituas,
364 1506 397 1553 vt
415 1498 494 1569 quod
514 1513 552 1553 ex
573 1497 687 1569 peccati
706 1497 766 1554 mei
787 1498 955 1572 perditione
978 1508 1111 1556 creatum
1129 1509 1185 1570 est,
1203 1517 1243 1556 ex

91 1584 147 1640 hac
166 1583 232 1639 luce
250 1583 378 1640 celerius
393 1584 489 1652 tollas,
509 1602 547 1641 ne
565 1585 690 1641 forsitan
706 1594 757 1641 aut
775 1585 882 1658 laqueo
898 1595 948 1642 aut
967 1585 1125 1658 precipitio
1143 1586 1244 1660 perire

90 1669 271 1744 compellar!
307 1671 476 1744 Statimque
492 1681 578 1746 partu
595 1671 737 1729 diuinitus
754 1682 849 1729 morte
868 1675 1027 1744 subtracto,
1041 1673 1091 1730 illa
1108 1691 1142 1731 se
1158 1673 1243 1747 peni-

90 1759 185 1816 tentie
196 1758 324 1816 summis
334 1760 480 1834 angustiis
489 1760 617 1831 tradidit,
627 1769 657 1818 et
668 1761 881 1834 elephantiosis
894 1761 1069 1818 mulieribus
1082 1779 1138 1835 per
1147 1779 1244 1819 annos

89 1845 212 1920 triginta
224 1846 356 1904 seruiuit.
393 1847 485 1905 Cuius
497 1847 627 1906 humiles
640 1867 747 1922 preces
760 1849 931 1907 misericors
944 1851 1019 1906 deus
1036 1866 1096 1905 non
1115 1849 1242 1922 repulit:
1261 1863 1289 1914 ¹5

90 1952 162 1991 narn
176 1934 295 1991 cuidam
308 1944 411 1993 sancto
424 1935 591 2009 presbitero
604 1937 749 1994 reuelauit
765 1937 885 1994 dicens:
906 1935 977 1992 ‘llla
988 1937 1072 2010 virgo
1090 1937 1158 2010 plus
1171 1935 1244 1994 mihi

91 2023 202 2096 placuit
224 2022 255 2079 in
274 2022 439 2096 penitentia
456 2041 546 2098 quam
564 2023 595 2081 in
616 2023 786 2098 virginitate
808 2027 878 2082 sua’
924 2023 990 2081 Hec
1012 2023 1189 2082 Vincentius
1212 2026 1244 2081 in

91 2110 232 2184 Speculo.

291 2287 385 2361 ttDe
403 2316 519 2357 saucro
537 2287 697 2358 Wrsrnuo
718 2287 811 2358 Reor
829 2317 866 2357 ar
885 2317 1023 2357 unnrrnr
1031 2299 1050 2358 ⁴.

94 2413 353 2544 SAnctissimus
366 2423 396 2472 et
408 2414 536 2473 eximius
547 2415 658 2473 Christi
672 2417 777 2473 martir
789 2416 947 2474 Wistanus
957 2417 1049 2490 regali
1063 2415 1245 2474 Merciorurn

186 2520 224 2558 ex
244 2503 385 2576 prosapia
403 2503 499 2560 extitit
516 2503 670 2575 oriundus,
690 2521 761 2577 rege
774 2504 939 2562 Wimundo
957 2514 987 2562 et
1008 2504 1123 2562 Ellleda
1142 2504 1293 2577 reginaro

91 2590 271 2663 parentibus
283 2589 467 2664 progenitus.
504 2591 562 2662 Qui
575 2593 606 2648 in
620 2591 747 2664 pueritia
759 2591 937 2649 constitutus
947 2609 1037 2666 quam
1050 2593 1127 2648 bone
1137 2591 1247 2648 indolis

91 2676 185 2733 suerit
209 2677 388 2751 quantisque
413 2679 532 2752 pietatis
557 2679 676 2737 indiciis
700 2679 844 2747 floruerit,
866 2697 935 2735 cum
959 2696 1056 2736 annos
1080 2679 1247 2752 pubertatis

91 2764 192 2837 attigit
208 2767 296 2822 bonis
312 2765 427 2823 actibus
444 2766 660 2838 comprobauit.
698 2765 818 2823 Mortuo
836 2774 937 2824 autem
955 2778 1039 2838 patre
1058 2768 1131 2836 eius,
1151 2766 1182 2823 in
1200 2782 1248 2823 re·

90 2869 189 2926 gnum
211 2851 259 2909 ei³
278 2853 440 2910 successit:
468 2854 585 2912 malens
606 2865 708 2911 tamen
733 2853 851 2912 celestis
874 2853 1047 2911 hereditatis
1069 2854 1158 2911 heres
1183 2853 1247 2912 lieri

92 2957 188 3012 quarn
221 2940 378 2998 hereditati
407 2941 539 3014 periture
570 2943 727 3010 adherere,
754 2942 929 3014 exemplum
961 2941 1074 2998 domini
1104 2949 1248 3014 sequutus
1264 2959 1294 3009 ²5

92 3027 225 3100 imperia
252 3037 372 3086 terrena
396 3029 519 3103 respuit,
549 3029 760 3086 commutans⁸
789 3047 825 3086 ea
850 3045 906 3103 pro
933 3029 1035 3086 celesti
1065 3029 1247 3099 hereditate3

93 3116 202 3188 regine
227 3117 315 3172 matri
340 3126 371 3173 et
394 3117 479 3190 regni
503 3117 678 3191 proceribus
703 3117 787 3190 regni
812 3116 962 3174 commisit
987 3117 1127 3173 habenas.
1177 3116 1249 3174 Erat

93 3213 198 3262 autem
218 3203 358 3277 princeps
376 3205 507 3277 quidam,
529 3204 651 3262 nomine
671 3204 886 3275 Brithiardusl,
908 3205 978 3276 qui⁸
998 3214 1030 3261 vt
1051 3205 1173 3261 domino
1195 3221 1250 3261 suo

94 3295 129 3349 in
148 3309 242 3363 regno
258 3291 306 3350 vel
324 3291 436 3349 viuenti
453 3293 685 3350 substitueretur
700 3293 749 3350 vel
764 3303 882 3350 mortuo
898 3294 1073 3350 succederet
1092 3293 1156 3349 siue
1174 3291 1250 3350 iuste

95 3381 165 3440 siue
195 3378 314 3450 iniuste,
339 3395 462 3453 operam
493 3380 696 3438 omnimodam
721 3382 794 3438 dare
818 3380 904 3454 cepit.
953 3379 1122 3453 Cupiditate
1151 3382 1249 3453 itaque
1264 3397 1296 3447 30

95 3466 245 3540 regnandi
271 3484 443 3537 succensus,
462 3486 532 3525 ceco
555 3485 658 3526 amore
684 3468 788 3542 regine
807 3467 1006 3538 succenditur,
1024 3478 1056 3525 vt
1077 3467 1103 3526 si
1124 3469 1162 3524 ad
1184 3468 1250 3526 eius

96 3554 323 3614 matrimonium
342 3564 445 3628 posset
464 3556 619 3628 attingere,
638 3572 693 3630 per
713 3574 780 3613 eam
800 3557 885 3629 regni
902 3556 1103 3628 gubernacula
1121 3556 1249 3629 adeptus

95 3643 214 3703 facilius
236 3642 316 3715 regis
341 3660 451 3700 nomen
477 3653 719 3716 consequeretur.
756 3643 892 3716 Cumque
910 3644 948 3699 ad
968 3645 1103 3715 reginam
1126 3643 1251 3710 nuncios

96 3730 241 3800 misisset,
259 3730 310 3787 illa
331 3729 443 3788 fraudis
465 3731 530 3788 eius
549 3731 659 3801 nescia,
677 3733 773 3788 donec
794 3748 887 3804 super
905 3730 963 3787 hiis
981 3747 1049 3787 cum
1069 3730 1130 3786 filio
1148 3747 1203 3786 suo
1221 3739 1252 3787 et

95 3819 276 3896 proceribus
292 3817 448 3876 consilium
461 3818 615 3876 habuisset
632 3819 861 3892 responsionem
872 3817 993 3875 distulit.
1030 3817 1140 3875 Beatus
1152 3819 1252 3889 itaque
1266 3834 1297 3886 35

96 3907 260 3966 Wistanus
282 3922 376 3980 super
395 3905 452 3964 hiis
474 3905 644 3979 requisitus,
666 3906 789 3980 spiritus
811 3906 906 3963 sancti
927 3904 1020 3979 gratia
1041 3907 1173 3973 edoctus,
1194 3905 1252 3962 tale

97 3993 190 4056 matri
215 4010 269 4051 sue
295 3992 390 4051 fertur
415 3993 537 4051 dedisse
563 3993 787 4051 consultationis
814 4010 1014 4067 responsum:
1046 3993 1161 4050 ‘Mater
1185 4009 1253 4050 mea

134 4117 143 4146 ¹
159 4117 216 4166 'l'he
230 4115 296 4167 Boll.
307 4116 376 4165 refer
387 4117 438 4166 this
449 4125 478 4167 to
486 4115 665 4165 winwaloeus
673 4116 768 4178 junior.
864 4113 875 4143 ²
890 4115 919 4165 T.
928 4115 1208 4178 quadringentesimum
1218 4130 1253 4163 on

96 4198 177 4242 corn,
190 4197 287 4231 nonum
298 4183 383 4232 added
395 4183 429 4244 by
439 4184 551 4232 another
561 4183 638 4232 hand.
690 4182 834 4231 'ClVinc
847 4180 914 4231 Bell.
964 4180 1254 4231 ⁴Ed.inA.SS.Boll.

99 4253 169 4302 lune
182 4248 201 4297 1.
215 4263 239 4310 p.
253 4247 301 4308 83;
318 4249 442 4312 abn'dged
457 4249 523 4297 from
538 4250 583 4297 the
598 4247 658 4296 Vita
676 4247 703 4295 in
723 4247 778 4297 MS.
797 4247 882 4296 Rawl.
898 4247 930 4296 Α.
944 4248 1000 4308 287,
1017 4247 1057 4297 ed
1072 4245 1177 4309 liacray
1191 4247 1253 4296 Chr.

98 4316 168 4368 Abb.
183 4313 311 4364 Evesharn
325 4315 402 4376 18633
419 4315 548 4363 asborter
559 4311 602 4362 lise
614 4313 640 4360 in
654 4312 726 4362 Harl.
739 4327 812 4376 2253.
878 4312 888 4341 ⁸
907 4312 936 4361 E.
948 4314 1011 4362 eius.
1079 4310 1089 4339 ⁸
1106 4313 1172 4362 Boll.
1185 4327 1253 4362 com-

98 4387 265 4442 mutansque.
363 4377 423 4431 lR.
437 4379 576 4443 Brisardus,
590 4378 742 4429 Britlardus.
842 4377 919 4428 'om
932 4378 958 4427 in
970 4379 1000 4429 T.

136 4474 203 4514 vor..
218 4473 249 4515 ιι.
653 4471 674 4511 ιι
688 4455 708 4511 h
