3042 4884
294 334 367 419 246
605 325 735 412 moos
760 318 950 423 liminii
973 318 1126 424 anulio

294 523 463 582 sinentibus
493 522 652 597 aliquando
683 519 832 578 consolari
862 520 939 578 lilios
969 537 1050 591 suos,
1074 530 1106 577 tu
1132 537 1286 597 nunqnam
1311 521 1442 596 expetita

294 611 435 686 suffragia
471 610 663 685 precantibus
695 607 841 682 impartiri
879 608 1081 665 cessaueris¹2
1118 608 1190 666 Esto
1221 627 1294 683 ergo
1325 611 1441 678 amodo,

294 698 446 774 supplex'
469 715 645 772 quesumus,
668 714 726 770 pro
750 697 863 770 populo
887 705 918 753 et
941 712 997 768 pro
1021 695 1141 753 ciuitate
1170 696 1228 753 isto
1257 696 1443 754 intententur

295 787 443 855 assiduus,
457 803 563 859 pacem
575 784 721 851 obtineas,
734 784 894 857 languores
911 799 1008 851 cures,
1024 783 1177 857 nephandi
1192 793 1293 842 reatus
1311 785 1442 841 maculas

267 883 406 948 sterges,
419 882 568 947 quatenus
584 872 705 930 taudem
724 879 822 927 tecum
841 871 871 926 in
892 871 1011 926 beatem
1030 869 1187 928 translati⁸
1199 871 1334 944 requiem
1356 872 1443 930 huius

295 961 502 1036 temporaliter
522 958 692 1018 celebrate*
716 957 921 1014 translationis
945 967 996 1014 tue
1019 957 1148 1016 fructum
1172 959 1203 1016 in
1228 959 1325 1016 eterni
1350 959 1443 1032 patris

295 1049 433 1106 conuiuio
447 1047 579 1105 suauiter
591 1047 796 1119 degustemus.
831 1045 879 1102 Tu
892 1053 991 1102 autem
1005 1045 1134 1104 domiue.
1170 1045 1208 1104 R.
1220 1046 1309 1104 Miles
1321 1056 1352 1104 et
1366 1049 1443 1104 alme

295 1145 382 1212 pater
394 1136 484 1210 (seeI.
502 1133 624 1207 ΜΝ.

328 1275 499 1326 ¹SB.cesse
597 1271 675 1321 ¹SB.
688 1271 825 1336 supplices.
933 1271 991 1322 ¹2.
1008 1273 1134 1325 tmslari.
1234 1273 1443 1325 'Lcelebmm

295 1341 305 1372 ⁸
318 1341 396 1392 After
407 1341 451 1390 the
465 1341 603 1402 Nocturns,
617 1339 681 1388 with
692 1339 761 1387 their
771 1355 789 1400 9
799 1339 910 1398 lessous,
922 1337 1039 1390 follows:

774 1438 807 1487 In
824 1437 972 1487 Laudibus:

295 1523 360 1572 Aul.
379 1521 430 1570 Hic
448 1520 598 1570 Osmundus
614 1519 708 1581 refugit
725 1521 858 1582 regnantis
875 1520 1010 1580 honorem,

379 1588 420 1636 dei
438 1588 530 1636 domus
547 1586 646 1647 eligens
663 1585 778 1646 preferre
795 1586 923 1634 decorem.
959 1584 1003 1634 Pe.
1023 1584 1149 1634 Dominus
1166 1586 1293 1648 regnauit.

296 1654 361 1704 Ant.
379 1653 490 1702 Sanctus
506 1651 551 1700 ille
568 1651 667 1699 stabilis
684 1653 710 1698 iu
727 1651 892 1700 confessione

379 1719 524 1768 mercedem
542 1717 684 1780 promeruit
700 1715 803 1766 celestis
820 1731 925 1766 corone.
959 1715 1003 1764 Ps.
1022 1715 1136 1766 iubilate.

297 1785 360 1834 Aul.
380 1784 422 1833 Ob
438 1785 518 1832 decus
535 1781 643 1832 ecclesie
660 1781 764 1830 multum
782 1782 905 1844 uigilauit,

379 1851 454 1898 deum
472 1848 554 1897 solum
571 1847 662 1896 sitiens
677 1862 780 1896 carnem
796 1847 946 1895 mecerenit.
978 1845 1022 1894 Pe.
1043 1845 1116 1895 Deus
1133 1847 1204 1897 deus

297 1915 361 1966 Ant.
380 1915 520 1964 Benedicte
539 1913 660 1962 Neustrie
676 1913 727 1963 tale
744 1913 855 1962 fundens
872 1914 981 1962 donum:

380 1981 404 2030 0
421 1995 497 2044 quem
514 1978 575 2027 felix
591 1979 686 2041 Anglie
703 1979 772 2028 hunc
789 1979 887 2028 hebens
904 1985 1055 2090 petuouuml.³
1080 1977 1200 2091 ABlleluye
1216 1976 1346 2039 Alleluya.

1052 2057 1072 2091 s.
1114 2043 1248 2092 enedicite.

297 2113 358 2161 Ant
376 2111 501 2172 Quicum
519 2108 616 2158 sanctis
633 2109 751 2158 omnibus
767 2123 862 2170 regnes
879 2123 947 2157 nunc
964 2107 1107 2171 Osmunde,

379 2192 426 2239 pro
438 2177 513 2226 nobis
524 2175 656 2224 orantibus
668 2177 719 2224 deo
734 2189 826 2237 preces
842 2173 929 2224 funde.
952 2173 1082 2235 Alleluye.
1115 2173 1160 2224 Pe.
1178 2174 1292 2224 Leudete
1309 2175 1448 2224 dominum.

299 2243 359 2308 Cap.
378 2243 445 2292 Ecce
462 2239 584 2292 sacerdos
600 2255 715 2304 mugnus.
750 2239 873 2302 Hymnus
890 2239 949 2289 lesu
967 2241 1115 2302 redemptor
1131 2240 1252 2288 omnium.

1001 2305 1029 2353 V.
1048 2305 1134 2354 Iustus
1150 2305 1315 2368 germinabit.

298 2373 361 2423 Aut.
380 2373 538 2422 Prudentem
554 2383 658 2421 seruum
676 2379 702 2421 te
719 2377 821 2420 constet
838 2377 865 2418 et
882 2385 941 2420 esse
958 2369 1078 2430 fidelem

380 2455 456 2500 quem
473 2440 538 2487 deus
555 2435 581 2486 in
599 2438 701 2500 plebem
718 2437 825 2498 prefecit
841 2436 897 2486 iure
914 2437 1072 2498 regendumg

381 2511 442 2554 tunc
459 2505 544 2553 tritico
562 2505 635 2554 verbi
650 2517 744 2553 vacuus
760 2502 860 2552 animes
876 2503 982 2562 satiasti,

382 2585 450 2620 nunc
468 2569 598 2620 hominem
616 2577 696 2622 totum
714 2583 747 2617 ne
765 2583 852 2616 cesses
866 2567 975 2617 reddere
993 2581 1091 2618 senum
1126 2567 1171 2618 Pe.
1189 2565 1356 2620 Benedictus.

301 2634 395 2685 oweno.
414 2637 487 2685 Deus
498 2637 570 2686 culus
581 2637 685 2697 entique
697 2633 824 2686 miracula.

768 2698 817 2747 Ad
830 2697 967 2748 Primam:

298 2783 363 2834 Aur.
382 2783 433 2833 liic
450 2783 606 2833 Osmundus.
624 2797 642 2832 1.
659 2781 689 2831 de
703 2781 845 2832 Laudibus.

777 2880 826 2930 Ad
844 2880 971 2931 Terbitm:

299 2965 362 3014 Ant.
381 2965 493 3016 Sanctus
509 2965 567 3016 iste.
589 2979 618 3016 u.
635 2964 666 3014 de
681 2963 820 3014 Laudibus.

301 3031 361 3096 Cap.
381 3032 448 3082 Ecce
470 3032 593 3081 sacerdos
615 3046 733 3094 mugnus,
756 3035 785 3079 ut
806 3035 893 3094 surpra.
940 3029 1024 3079 cum
1045 3029 1132 3079 omm'a
1160 3026 1190 3078 de
1212 3029 1355 3079 Communi
1374 3032 1452 3080 umus

431 3099 580 3160 consessores.

781 3160 831 3210 Ad
845 3161 969 3210 Sectam

299 3243 363 3294 Ant.
383 3245 424 3294 Ob
442 3246 520 3294 decus
536 3245 652 3294 ecclesie.
671 3259 709 3293 ru.
727 3243 757 3293 de
771 3243 910 3292 Laudibus

302 3309 362 3374 Cap.
377 3309 534 3375 (licelid).
552 3310 632 3372 Quasi
648 3310 724 3360 stelle
742 3309 866 3359 matutine
880 3309 907 3358 in
923 3309 1009 3357 medio
1022 3307 1123 3370 nebule,
1136 3314 1163 3358 et
1179 3308 1252 3370 quasi
1264 3306 1326 3357 lune
1336 3306 1413 3370 plena
1426 3309 1452 3358 in

431 3376 523 3425 diebus
534 3377 588 3426 suis
598 3377 675 3439 lucet,
687 3384 714 3425 et
725 3375 798 3438 qussi
811 3375 851 3423 sol
863 3374 997 3436 refulgens
1008 3375 1045 3424 sic
1058 3375 1101 3423 ille
1112 3373 1208 3423 effulsit
1218 3374 1244 3422 in
1256 3375 1354 3437 templo
1366 3376 1417 3424 dei.

784 3473 833 3524 Ad
845 3473 967 3530 Nonam:

300 3555 363 3604 Ant.
382 3554 507 3616 Quicum
525 3557 626 3607 sanctis.
645 3571 670 3605 v.
688 3555 718 3605 de
733 3556 873 3606 Laudibus

303 3621 363 3686 Cap.
377 3620 455 3686 (Eccl.
468 3622 483 3670 l.
497 3624 550 3684 egl.
570 3621 674 3671 ltemuit
691 3623 832 3672 orationem
849 3637 921 3671 snum
939 3621 1031 3670 volens
1049 3621 1189 3670 ostendere
1205 3619 1327 3669 virtutem
1347 3621 1390 3670 dei
1409 3620 1453 3684 qui

433 3687 493 3736 fecit
505 3688 637 3738 nobiscum
649 3689 789 3737 secundum
802 3689 1003 3736 misericordiam
1015 3701 1095 3735 susm.

715 3787 764 3837 Aa
777 3785 897 3837 semudas
916 3787 1048 3850 vesperas:

301 3870 366 3919 Ant.
386 3867 436 3918 Hie
459 3868 616 3918 Osmundus.
634 3883 651 3920 r.
670 3869 700 3918 de
715 3869 855 3919 Laudibus.
894 3869 997 3919 Psalmi
1003 3868 1113 3930 semeles.
1149 3867 1208 3931 Cap.
1228 3867 1297 3917 Ecce
1318 3871 1452 3930 sacerdos,

303 3942 529 4050 “ffpgnsessor
545 4001 652 4062 Christi,
670 4006 699 4050 ut
712 4009 798 4066 supra.
834 4001 959 4064 Hymnus
976 4001 1036 4050 lesu
1054 4000 1211 4064 redemptor,
1229 4000 1256 4048 in
1275 3999 1424 4054 Communi

338 4066 365 4118 V.
385 4065 470 4115 lustns
487 4066 646 4129 germinabit.

301 4132 365 4182 Ant.
386 4132 464 4181 Solue
480 4133 647 4182 celeberrime
664 4139 740 4194 pater
755 4132 915 4196 clericorum,

386 4197 520 4247 Osmunde
537 4199 705 4259 sanctissime,
723 4198 811 4247 lumen
828 4197 1023 4250 confessorum:

385 4263 445 4311 dele
462 4265 512 4312 tuis
529 4265 647 4326 precibus
664 4271 813 4326 perpetrate
830 4263 905 4321 mele,

385 4343 484 4377 memor
500 4329 526 4377 iu
544 4329 681 4382 celestibus
698 4330 780 4380 nostri
796 4344 900 4394 semper
915 4329 980 4381 vele.
1012 4327 1056 4380 Ps.
1076 4325 1231 4392 Magnificus

338 4391 426 4441 Oratio
437 4398 468 4442 uf
476 4401 563 4458 supra.
