3044 4878
285 289 330 358 aa
596 267 727 355 noua
751 261 942 368 immun
966 263 1118 368 ituria

283 465 460 540 imperantis
473 483 645 524 sermonem
658 465 725 540 agili
739 466 838 524 volatu
852 465 1105 539 compleuit—¹
1119 453 1235 523 ineius
1249 473 1434 522 monasterio

284 553 338 611 suit
358 554 450 611 frater
473 553 594 628 quidam
615 555 716 611 diuina
736 554 830 627 gratia
852 553 1023 627 specialiter
1042 553 1178 627 insignis,
1204 553 1275 625 qui²
1298 552 1434 609 carmina

284 642 420 716 religioni
433 651 463 698 et
475 642 576 716 pietati
588 652 659 715 apta
670 641 768 700 facere
776 642 899 710 solebat,
907 641 948 699 ita
956 651 988 698 vt
999 641 1139 716 quicquid
1149 659 1188 699 ex
1201 641 1311 698 diuinis
1324 640 1433 696 litteris

284 746 339 802 per
362 729 542 802 interpretes
566 729 704 800 disceret,
730 730 785 786 hoc
814 730 881 802 ipse
909 737 977 803 post
1002 729 1143 803 pusillum
1168 728 1268 786 verbis
1296 727 1433 801 poeticis,

256 837 270 892 g
285 815 416 874 maxima
435 817 581 874 suauitate
599 826 629 874 et
647 817 878 890 compunctione
896 816 1078 890 compositis,
1096 817 1127 874 in
1145 817 1314 890 Anglorum
1331 815 1434 888 lingua

284 904 449 978 proferrem
478 905 562 962 cuius
580 905 763 962 carminibus
784 905 944 962 multorum
964 921 1038 978 sepe
1056 904 1149 962 animi
1169 905 1208 960 ad
1226 913 1433 977 contemptum

284 993 377 1050 seculi
390 1002 420 1049 et
432 993 470 1049 ad
483 993 649 1066 appetitum
662 1002 731 1050 sunt
741 991 802 1049 vite
814 993 934 1050 celestis
945 991 1073 1050 accensi.
1103 992 1164 1049 Alii
1177 993 1257 1049 enim
1268 1003 1336 1065 post
1348 992 1432 1050 illum

284 1079 314 1136 in
327 1090 418 1153 gente
435 1081 604 1153 Anglorum
621 1081 762 1154 religiosa
779 1091 918 1153 poemata
936 1079 1035 1138 facere
1052 1081 1314 1153 temptabant,sed
1331 1079 1433 1136 nullus

285 1167 313 1225 ei
329 1167 517 1242 equiparari⁸
535 1169 638 1241 potuit.
675 1169 743 1226 Non
760 1168 841 1226 enim
854 1169 892 1226 ab
905 1167 1085 1236 hominibus,
1098 1184 1197 1241 neque
1209 1185 1265 1240 per
1278 1167 1432 1224 hominem

242 1280 273 1319 ιο
285 1256 444 1325 institutus,
457 1255 584 1313 canendi
597 1266 693 1314 artem
708 1255 819 1325 didicit,
832 1257 886 1312 sed
903 1255 1044 1312 diuinitus
1062 1255 1180 1312 adiutus
1196 1254 1289 1328 gratis
1305 1255 1433 1312 canendi

285 1345 398 1402 donum
411 1343 534 1416 accepit
570 1342 659 1402 Vnde
673 1342 765 1400 nichil
779 1359 911 1416 vnquam
929 1342 1026 1400 friuoli
1045 1351 1076 1399 et
1088 1344 1267 1415 superuacui
1284 1342 1434 1416 poematis

286 1429 385 1488 facere
398 1431 510 1504 potuit;
530 1432 584 1487 sed
603 1447 639 1488 ea
656 1432 864 1488 tantummodo
881 1448 940 1504 que
954 1431 992 1487 ad
1006 1430 1181 1503 religionem
1194 1431 1353 1504 pertinent,
1366 1431 1434 1486 reli·

285 1519 402 1593 giosarn
414 1518 479 1576 eius
492 1518 624 1591 linguam
637 1519 792 1576 decebant.
829 1517 864 1574 ln
874 1517 1001 1575 seculari
1012 1517 1160 1591 siquidem
1173 1517 1274 1574 habitu
1287 1535 1382 1590 vsque
1394 1519 1433 1576 ad

285 1617 422 1678 tempora
443 1603 639 1677 prouectioris
661 1605 748 1662 etatis
769 1605 955 1675 constitutus,
977 1604 1067 1662 nichil
1089 1604 1255 1662 carminum
1273 1605 1434 1678 aliquando

243 1717 272 1768 ¹⁵
286 1693 439 1750 didicerat
475 1693 572 1762 Vnde,
596 1709 664 1750 cum
688 1692 719 1748 in
742 1693 871 1765 quodam
892 1691 1030 1749 conuiuio
1049 1692 1142 1750 letitie
1164 1709 1253 1749 causa
1276 1693 1433 1750 decretum

286 1789 368 1838 esset
386 1790 418 1837 vt
439 1797 546 1838 omnes
563 1797 618 1852 per
639 1781 776 1836 ordinem
796 1789 917 1838 cantare
936 1779 1098 1850 deberent;
1127 1797 1196 1838 cum
1214 1779 1271 1837 sibi
1289 1780 1433 1837 citharam

286 1869 526 1942 appropinquare
538 1876 683 1938 cerneret,
697 1867 836 1936 surrexit,
849 1877 880 1924 et
892 1867 1062 1940 egrediens,
1075 1868 1212 1925 membra
1228 1867 1329 1940 sopori
1341 1867 1433 1926 dedit.

287 1956 325 2013 Et
347 1973 426 2025 ecce,
444 1955 536 2012 astitit
555 1954 583 2012 ei
601 1954 722 2028 quidam
744 1971 801 2028 per
820 1971 983 2028 sompnum
991 1956 1010 2025 ⁴,
1030 1963 1060 2012 et
1077 1972 1148 2012 eum
1168 1955 1301 2012 salutans
1323 1973 1358 2012 ac
1376 1971 1434 2012 suo

286 2044 408 2100 nomine
429 2043 596 2117 appellans,
612 2042 776 2112 ‘Cedmom
793 2041 898 2114 inquit,
918 2051 1005 2100 canta
1020 2043 1110 2099 michi
1129 2042 1258 2115 aliquid.¹
1295 2043 1435 2110 ‘Nescia

242 2151 273 2188 ao
287 2131 391 2204 inquit,
406 2141 545 2198 cantare;
564 2139 595 2188 et
612 2129 679 2187 ideo
693 2131 732 2186 de
749 2129 887 2186 conuiuio
905 2129 1035 2187 recessi!
1074 2129 1208 2186 Rursum
1224 2130 1274 2188 ille
1292 2130 1342 2204 qui
1361 2147 1433 2188 cum

286 2237 323 2276 eo
337 2219 521 2292 loquebatur,
533 2218 590 2276 ait:
611 2217 773 2274 ‘Attamen
788 2225 908 2274 cantare
925 2217 1036 2274 habes’
1073 2217 1179 2288 ‘Quid
1191 2217 1295 2290 inquit,
1312 2227 1435 2276 cantare

285 2307 413 2364 debeol'
460 2305 498 2362 Et
523 2305 591 2362 ille:
622 2305 742 2373 ‘Canta
766 2303 869 2378 inquit,
894 2303 1074 2378 principium
1098 2307 1319 2362 creaturarum!
1365 2305 1436 2376 Quo

213 2427 217 2435 ·
286 2402 408 2466 accepto
424 2410 580 2466 responso,
599 2392 699 2449 statim
717 2391 784 2465 ipse
801 2391 880 2465 cepit
894 2401 1015 2449 cantare
1031 2391 1063 2449 in
1078 2391 1196 2450 laudem
1209 2392 1257 2450 dei
1269 2392 1437 2450 conditoris

286 2498 403 2550 versus,
425 2497 501 2554 quos
525 2496 678 2552 nunquam
703 2479 847 2550 audierat,
868 2495 995 2551 quorum
1019 2480 1077 2538 iste
1101 2490 1147 2538 est
1171 2497 1300 2538 sensus:
1329 2481 1437 2538 ‘Nunc

243 2589 273 2637 ²5
287 2569 408 2625 laudare
432 2569 581 2625 debemus
609 2577 761 2624 auctorem
786 2566 871 2640 regni
895 2567 1023 2637 celestis,
1048 2568 1212 2642 potentiam
1236 2569 1379 2626 creatoris
1403 2579 1439 2627 et

286 2656 444 2712 consilium
464 2655 551 2724 illius,
572 2653 648 2712 sacta
668 2654 762 2727 patris
779 2653 892 2728 glorie:
918 2657 1069 2728 quomodo
1087 2656 1145 2723 ille,
1163 2673 1232 2713 cum
1253 2657 1292 2713 sit
1310 2666 1438 2714 eternus

286 2744 371 2812 deus,
388 2747 523 2800 omnium
541 2742 751 2800 miraculorum
770 2751 873 2798 auctor
889 2741 994 2811 extitit,
1006 2743 1058 2816 qui
1076 2743 1174 2817 primo
1191 2743 1261 2800 filiis
1277 2743 1437 2802 hominum

287 2831 385 2888 celum
398 2848 454 2904 pro
473 2830 602 2888 culmine
615 2829 694 2898 tecti,
708 2829 817 2886 dehinc
832 2839 943 2886 terram
955 2839 1057 2888 custos
1069 2831 1192 2888 humani
1205 2831 1325 2904 generis
1338 2832 1438 2888 omni-

287 2928 395 2992 potens
411 2917 539 2976 creauit.’
578 2917 636 2974 Hic
654 2925 701 2974 est
719 2933 837 2986 sensus,
850 2935 910 2974 non
928 2925 1029 2975 autem
1047 2929 1077 2976 et
1094 2919 1169 2976 ordo
1186 2919 1261 2992 ipse,
1272 2919 1438 2978 verborum

243 3033 275 3082 30
287 3025 345 3081 que
363 3007 516 3064 dormiens
534 3005 583 3063 ille
603 3006 736 3064 canebat
773 3005 879 3077 Neque
898 3004 979 3062 enirn
997 3015 1125 3078 possunt
1141 3006 1281 3077 carmina,
1296 3009 1438 3081 quamuis

287 3095 397 3168 optime
409 3093 583 3168 composita,
593 3094 698 3152 exalia
706 3091 737 3150 in
747 3093 835 3150 aliam
848 3092 980 3166 linguam
989 3095 1028 3150 ad
1037 3095 1163 3152 verbum
1176 3095 1242 3152 sine
1254 3096 1439 3154 detrimento

286 3183 333 3240 sui
357 3182 475 3240 decoris
499 3199 533 3240 ac
558 3181 708 3256 dignitatis
732 3179 897 3238 transferri.
946 3181 1106 3256 Exurgens
1130 3191 1230 3240 autem
1254 3201 1273 3240 a
1296 3201 1438 3258 sompno,

287 3279 393 3329 cuncta
411 3288 470 3343 que
488 3269 643 3326 dormiens
661 3277 840 3340 cantauerat,
855 3269 1030 3326 memoriter
1048 3269 1176 3338 retinuit,
1192 3279 1223 3327 et
1240 3270 1327 3344 plura
1343 3275 1440 3332 verba

286 3360 345 3416 deo
357 3359 439 3431 digni
452 3357 593 3416 carminis
608 3356 753 3414 adiunxit.
792 3357 957 3414 Perductus
973 3367 1073 3415 autern
1090 3359 1128 3414 ad
1145 3368 1279 3416 sanctam
1293 3359 1439 3432 Hildam;

242 3469 273 3522 35
287 3463 355 3504 cum
369 3448 508 3503 doctores
520 3446 642 3519 quidam
657 3445 870 3518 exposuissent
887 3445 928 3500 illi
948 3447 1099 3518 quendam
1116 3463 1202 3505 sacre
1214 3447 1361 3520 scripture
1373 3467 1439 3506 ser·

288 3551 420 3604 monem,
433 3533 545 3607 optimo
558 3533 691 3590 carmine
706 3534 786 3606 quod
800 3532 958 3589 iubebatur
972 3533 1171 3607 compositum
1189 3535 1324 3592 reddidit
1363 3535 1440 3595 Mox

288 3639 361 3694 ergo
374 3621 523 3678 abbatissa
535 3621 676 3694 amplexa
690 3621 816 3693 gratiam
833 3619 882 3676 dei
895 3619 925 3676 in
937 3620 1011 3690 viro,
1024 3621 1189 3678 secularem
1204 3621 1287 3679 illum
1301 3623 1440 3682 habitum

288 3709 459 3782 relinquere
480 3718 510 3766 et
528 3708 724 3766 monasticum
745 3707 900 3780 suscipere
922 3709 1109 3781 propositum
1129 3709 1236 3766 docuit.
1281 3709 1335 3768 llle
1352 3728 1440 3782 vero,

286 3815 348 3870 que
372 3798 410 3853 de
434 3813 520 3852 sacra
544 3795 691 3869 scriptura
717 3795 865 3852 audiendo
890 3795 1007 3852 discere
1030 3805 1156 3869 poterat,
1180 3795 1265 3870 quasi
1289 3799 1440 3856 mundum

243 3905 276 3956 40
287 3885 398 3942 animal
416 3900 520 3940 secum
539 3882 717 3940 ruminando
736 3883 767 3938 in
785 3899 907 3939 carmen
926 3883 1133 3941 dulcissimum
1151 3885 1352 3955 conuertebat,
1370 3903 1441 3944 sua·

288 3972 415 4045 uiusque
440 3971 610 4028 resonando
637 3971 775 4026 doctores
799 3987 871 4026 suos
895 3969 1027 4028 vicissim
1056 3971 1207 4028 auditores
1231 3973 1277 4029 sui
1302 3971 1441 4031 iaciebat

288 4059 422 4117 Canebat
435 4067 534 4116 autem
547 4059 585 4115 de
598 4057 747 4114 creatione
761 4055 864 4113 mundi
876 4065 906 4113 et
926 4057 1043 4131 origine
1060 4059 1183 4116 humani
1199 4059 1320 4133 generis
1333 4070 1364 4117 et
1375 4070 1441 4120 tota

288 4147 417 4204 Genesis
434 4145 564 4213 historia,
577 4147 615 4202 de
633 4161 759 4218 egressu
780 4144 872 4201 lsrael
891 4145 930 4202 de
950 4145 1068 4219 Egypto
1084 4155 1114 4202 et
1129 4145 1268 4219 ingressu
1281 4147 1311 4204 in
1323 4156 1440 4207 terram

289 4232 539 4307 repromissionis,
552 4235 590 4290 de
603 4232 669 4290 aliis
681 4231 819 4306 plurimis
833 4247 918 4290 sacre
934 4233 1083 4308 scripture
1096 4233 1236 4302 historiis,
1249 4237 1287 4293 de
1299 4234 1442 4294 incarna-

332 4338 524 4401 ¹Bed.lV.aa„
590 4338 727 4403 ’laquie
792 4337 851 4390 ⁸13.
863 4354 921 4388 eum
932 4341 1092 4404 equiparare.
1158 4339 1219 4392 ‘al
1231 4343 1385 4406 sompnium.
