3036 4878
118 299 332 366 ustassai
358 285 433 378 mr
453 283 513 372 ὲ.
534 285 751 371 usmaro
774 299 868 388 tenc
889 293 928 371 rt
950 292 1141 387 martiro
1194 291 1267 381 687

116 485 176 541 vita
194 485 422 556 desperauerant,
442 486 498 540 iam
516 486 659 542 uiuentem
678 497 706 542 et
727 487 913 544 corridentem
932 486 1119 558 inspicientes,
1139 463 1228 542 deum¹
1241 497 1270 543 et

117 577 246 624 sanctum
260 568 444 624 Edmundum
458 569 661 625 collaudabant

192 679 300 736 Uidam
319 681 432 752 insuper
445 683 577 754 puerulus
597 701 661 738 curn
681 701 775 739 sorore
791 683 942 740 innocente
962 685 991 739 in
1010 684 1133 739 manerio
1152 685 1216 740 ville
1235 685 1271 740 de

229 765 348 833 lngham
373 783 479 835 vagans
503 783 538 821 ac
566 767 756 837 progrediens,
782 767 930 822 casualiter
957 768 986 821 in
1014 779 1129 838 puteum
1156 769 1271 840 plenum

118 847 259 902 horrendo
272 864 343 902 ceno
356 849 465 916 cecidit,
479 859 508 904 et
520 850 561 904 sic
572 867 681 905 mersus
695 860 737 904 est
750 860 779 904 vt
791 851 867 904 nulla
880 868 945 920 pars
959 850 1081 921 corporis
1095 851 1139 905 vel
1152 853 1271 907 vestium
1285 869 1299 919 5

118 949 137 985 a
150 947 292 1001 quoquam
305 941 400 1000 posset
413 932 557 1003 perpendi.
583 933 667 1002 Quod
679 931 778 987 uidens
792 950 878 1002 soror,
891 945 918 987 et
930 932 1124 1002 ingemiscens,
1138 935 1270 989 clamauit

116 1014 234 1068 fratrem
257 1031 320 1069 esse
342 1015 492 1070 defossum.
529 1015 655 1070 Audiens
676 1033 742 1070 vero
765 1026 854 1070 mater
875 1017 935 1082 hec,
956 1015 1031 1070 fleuit
1051 1015 1158 1070 sortiter
1178 1027 1206 1071 et
1228 1015 1271 1070 in·

117 1097 244 1166 gemuit,
271 1113 438 1167 sumensque
457 1107 576 1152 rastrum
598 1108 627 1153 et
646 1098 695 1153 diu
715 1115 834 1168 querens
856 1093 973 1169 puerum
995 1098 1024 1151 in
1044 1108 1136 1168 puteo,
1155 1099 1271 1153 tandem

118 1179 235 1233 attraxit
248 1188 275 1233 et
288 1179 406 1234 extraxit
418 1197 483 1234 eum
501 1181 536 1235 de
553 1190 726 1251 puteo—nec
741 1181 842 1235 mirum
865 1179 888 1235 si
904 1181 961 1235 iam
977 1189 1105 1234 mortuus
1123 1190 1205 1248 esset,
1218 1181 1271 1235 etsi

117 1262 194 1316 vires
207 1261 300 1316 valide
313 1263 521 1333 suppecissent!
561 1265 669 1318 Lauant
682 1280 783 1334 corpus
797 1274 824 1318 et
837 1263 1013 1331 vestimenta,
1026 1263 1133 1318 iouetur
1150 1281 1219 1334 puer
1234 1263 1271 1318 ad
1288 1281 1319 1316 10

119 1344 223 1416 ignem,
243 1362 295 1399 nec
313 1355 450 1399 mouetur.
486 1346 614 1401 Tandem
630 1355 743 1401 sanctus
760 1345 928 1400 Edmundus
946 1346 1105 1400 inuocatur:
1131 1355 1159 1401 et
1178 1346 1272 1401 statim

120 1445 189 1498 puer
213 1427 340 1497 spiritum
365 1427 471 1498 recipit,
496 1428 590 1484 oculos
614 1429 713 1498 aperit,
738 1447 838 1483 manus
862 1428 995 1500 expandit
1019 1439 1047 1484 et
1068 1428 1142 1484 vires
1168 1429 1272 1494 sumit;

119 1509 253 1577 ambulat,
266 1511 374 1566 iocatur
385 1521 414 1566 et
427 1529 504 1566 more
516 1511 594 1582 pueri
607 1512 693 1566 verba
703 1512 812 1566 format.

184 1633 245 1686 lroe
262 1649 367 1687 annum
381 1633 486 1687 Christi
506 1646 571 1702 1351
586 1650 637 1703 per
653 1632 753 1688 merita
768 1632 844 1688 beati
861 1633 1003 1688 Edmundi
1020 1633 1093 1704 regis
1107 1643 1134 1688 et
1151 1632 1272 1688 martiris

219 1715 290 1769 infra
302 1714 329 1784 vj
349 1715 487 1770 mensium
506 1717 633 1785 spacium
652 1726 771 1786 quatuor
785 1716 887 1771 mortui
904 1716 933 1770 in
946 1715 1079 1770 comitatu
1092 1716 1272 1782 Suthfolchie‚
1289 1735 1316 1786 15
1340 1707 1345 1715 ’

121 1799 168 1852 vel
180 1815 245 1853 vere
264 1797 365 1852 mortui
383 1797 502 1867 reputati
522 1816 572 1869 per
583 1815 649 1854 vera
667 1798 750 1868 signa
768 1807 796 1854 et
811 1797 915 1852 indicia
930 1815 983 1868 que
1001 1797 1030 1853 in
1046 1797 1164 1852 mortuis
1183 1799 1272 1853 solent

121 1897 269 1952 apparere,
282 1881 338 1937 vite
351 1880 468 1952 pristine
481 1892 508 1936 et
522 1880 604 1937 saluti
619 1882 724 1951 integre
737 1880 856 1936 restituti
869 1890 979 1936 sunt.—

185 2031 243 2084 Um
256 2039 370 2084 sanctus
383 2039 543 2084 sanctorum
557 2047 607 2099 per
619 2047 650 2084 se
663 2029 755 2098 ipsum
767 2038 884 2084 testetur
897 2027 963 2099 quia
978 2030 1092 2083 lucerna
1109 2030 1162 2084 sub
1179 2028 1274 2084 modio

219 2127 276 2166 non
289 2112 324 2166 sit
337 2113 521 2168 occultanda:
540 2111 641 2168 mirum
654 2129 703 2168 cur
715 2122 829 2167 sanctus
843 2112 1010 2166 Edmundus
1026 2121 1140 2182 propter
1154 2112 1272 2167 miracu-

121 2197 215 2250 lorum
234 2194 423 2264 irequenciam
447 2193 476 2248 in
497 2195 627 2250 vniuersa
646 2205 722 2250 terra
742 2211 798 2249 non
820 2195 952 2250 adoretur
972 2204 1000 2249 et
1022 2194 1186 2265 predicetur.
1224 2197 1273 2250 Set
1289 2215 1320 2249 ro

122 2294 209 2334 caasa
228 2277 310 2332 huius
327 2277 438 2347 ignauie
454 2277 557 2348 duplex
575 2294 638 2332 esse
654 2286 764 2347 potest:
783 2285 831 2331 aut
847 2276 912 2348 quia
926 2286 968 2332 tot
985 2287 1115 2347 operatur
1133 2276 1207 2347 quod
1225 2293 1274 2346 pre

122 2359 302 2416 multitudine
319 2357 458 2416 numerari
476 2377 533 2414 non
552 2369 688 2430 possunt;
706 2370 754 2415 aut
768 2369 843 2414 certe
861 2376 957 2414 eorum
972 2369 1084 2414 notatur
1102 2358 1274 2428 ingratitudo

122 2444 171 2516 qui
196 2442 248 2498 sibi
274 2453 389 2498 ostensa
412 2442 547 2498 miracula
572 2445 696 2497 reuelare
720 2451 748 2498 et
772 2441 915 2512 publicare
939 2442 1083 2508 deberent,
1105 2451 1153 2496 aut
1177 2459 1274 2496 eorum

122 2537 221 2597 torpor
233 2535 261 2581 et
274 2524 447 2595 necligencia
459 2525 506 2596 qui
520 2524 573 2580 hec
586 2523 707 2580 scribere
720 2535 749 2580 et
767 2523 886 2580 ecclesie
899 2522 1124 2595 com[m]endare
1136 2535 1275 2580 tenentur.

124 2611 202 2664 Nam
214 2609 291 2663 milia
309 2619 439 2678 operatus
455 2618 497 2664 est
514 2607 648 2662 miracula
667 2623 722 2678 que
738 2624 794 2662 non
813 2607 976 2675 referuntur,
994 2617 1023 2663 et
1041 2607 1106 2662 item
1126 2607 1203 2662 milia
1221 2624 1275 2678 que
1290 2625 1319 2673 25

124 2709 181 2748 non
201 2691 367 2761 scribuntur,
385 2701 414 2746 et
433 2689 473 2746 sic
492 2707 542 2761 per
563 2691 764 2758 necligenciam
782 2708 878 2746 eorum
900 2690 946 2761 qui
967 2689 1088 2744 scribere
1110 2691 1274 2758 debuerunt,

124 2793 142 2831 a
159 2775 264 2830 noticia
282 2775 362 2845 lapsa
378 2783 459 2842 sunt3
480 2773 552 2830 sicut
566 2773 762 2842 naufragorum
777 2772 918 2840 libencio,
937 2772 1110 2827 infirmorum
1129 2772 1274 2839 releuacio,

124 2867 303 2930 peccatonrm
322 2856 467 2925 relaxacio,
481 2856 701 2926 temptacionum
718 2855 877 2922 euacuacio,
890 2855 1062 2924 aliorumque
1078 2870 1275 2925 oppressorum

125 2958 183 2996 non
205 2941 296 2996 solum
316 2939 388 2996 mira
406 2950 449 2995 set
467 2938 523 2994 cita
541 2949 569 2994 et
587 2939 706 2994 salubris
726 2937 887 2994 subuencio.
924 2937 1052 3007 Quedam
1074 2936 1158 3005 igitur
1177 2953 1275 2990 recen·

125 3025 202 3080 ciora
214 3023 363 3079 scribenda
380 3033 453 3090 sunt,
467 3033 496 3078 vt
515 3021 586 3077 tanti
606 3039 709 3076 nomen
726 3020 847 3076 martiris
861 3020 960 3074 suturis
976 3018 1147 3088 temporibus
1165 3035 1276 3088 semper
1289 3034 1321 3083 30

124 3117 288 3178 permaneat
297 3107 457 3177 gloriosum.
488 3092 587 3163 ¹Cum
596 3107 994 3175 enimproptertempestatem
1003 3101 1158 3156 inauditam
1166 3103 1275 3172 specio·

125 3209 189 3246 sum
205 3201 234 3246 et
246 3191 327 3244 valde
344 3189 496 3260 spectabile
513 3189 589 3246 beati
604 3189 748 3244 Edmundi
763 3187 874 3242 caderet
890 3185 1046 3256 campanile
1061 3195 1088 3239 et
1107 3185 1134 3238 in
1147 3184 1275 3239 cadendo

125 3273 250 3346 pluribus
271 3283 390 3328 monem
412 3272 571 3337 intentaret,
590 3271 629 3326 ita
648 3271 724 3342 quod
742 3270 833 3324 nullus
855 3279 915 3324 tum
936 3277 1051 3339 propter
1071 3267 1180 3321 ruinam
1202 3266 1274 3322 illius

125 3356 353 3427 im[m]inentem,
364 3367 423 3410 tum
437 3366 550 3424 propter
562 3353 617 3408 alia
630 3371 681 3424 per
693 3352 760 3407 illud
772 3370 821 3407 seu
834 3369 885 3422 per
896 3359 1093 3422 tempestatem
1106 3351 1275 3405 horrendam

124 3440 203 3494 ruine
230 3437 361 3510 patencia
388 3446 478 3492 tutum
506 3436 560 3492 sibi
587 3437 680 3491 locum
709 3444 828 3506 putaret,
857 3444 993 3505 patronus
1019 3444 1116 3489 noster
1144 3443 1171 3490 et
1195 3443 1276 3504 pater
1290 3447 1319 3496 35

126 3533 240 3578 sanctus
265 3521 434 3578 Edmundus
458 3535 556 3576 omnes
578 3517 716 3590 protexit;
742 3533 807 3572 cum
828 3528 921 3573 tamen
944 3517 1018 3572 dicto
1043 3527 1071 3573 et
1092 3517 1188 3572 audito
1210 3533 1275 3571 con·

126 3605 254 3662 sideratis
277 3601 505 3672 circumstanciis,
532 3603 586 3656 hoc
609 3617 743 3670 magnum
768 3609 828 3655 erat
851 3600 1023 3656 miraculum.
1065 3601 1196 3669 Namque
1220 3615 1275 3654 non

126 3688 218 3746 solum
231 3688 259 3744 in
273 3687 335 3758 ipsa
347 3686 474 3752 ecclesia,
492 3685 552 3740 scil.
560 3683 734 3754 presbiterio,
748 3685 835 3738 choro
848 3692 877 3738 et
895 3685 1003 3754 capella
1017 3683 1099 3737 beate
1118 3681 1216 3748 Maris,
1229 3679 1275 3734 vbi

126 3772 280 3828 maximum
293 3769 456 3824 imminebat
470 3768 632 3839 periculum,
646 3767 707 3823 set²
719 3765 808 3822 eciam
822 3765 851 3821 in
864 3766 925 3836 ipso
938 3763 1088 3835 campanili
1100 3779 1198 3834 parum
1211 3773 1276 3816 ante

126 3873 224 3911 casum
241 3854 302 3910 eius
319 3852 464 3908 hominum
481 3850 631 3906 multitudo
647 3849 777 3905 affuerat:
797 3859 839 3904 set
853 3848 880 3902 in
896 3847 1014 3902 diuersis
1027 3845 1154 3910 carneriS,
1167 3843 1275 3910 studiis,
1289 3861 1321 3907 40

127 3947 155 3993 et
177 3937 240 3992 aliis
258 3936 328 3992 locis
350 3935 397 3990 vbi
417 3945 479 4005 post
498 3933 695 4005 paruissimum
715 3932 892 3986 interuallum
911 3931 973 3999 ipsa
995 3929 1075 3984 ruina
1094 3927 1276 3995 contingebat

124 4021 226 4076 iratres
242 4035 340 4073 omnes
359 4017 406 4072 hic
424 4017 490 4072 inde
508 4017 693 4072 consistentes
711 4015 860 4068 manifesta
878 4013 923 4067 dei
941 4013 1042 4067 virtute
1059 4022 1087 4066 et
1106 4011 1196 4064 sancti
1216 4011 1276 4064 Ed-

127 4102 225 4157 mundi
245 4118 327 4172 prece
346 4101 384 4155 ab
399 4099 475 4154 omni
491 4099 589 4154 mortis
606 4097 729 4170 periculo
748 4097 899 4162 saluantur,
912 4111 964 4150 nec
977 4094 1097 4149 famulus
1109 4094 1220 4164 aliquis,
1233 4096 1277 4148 vel

127 4185 244 4252 catulus,
264 4185 348 4239 vllam
368 4183 455 4238 sensit
475 4183 611 4237 lesionem
632 4197 689 4252 qua
712 4195 830 4234 mortem
852 4179 895 4233 vel
915 4176 1104 4233 mutilacionis
1125 4176 1276 4233 discrimen

159 4305 168 4334 ¹
187 4305 242 4355 The
255 4305 385 4370 following
397 4320 476 4355 seems
486 4313 513 4356 to
525 4304 588 4355 refer
599 4313 626 4354 to
637 4303 679 4354 the
693 4301 737 4352 fall
752 4301 780 4351 oi
792 4301 834 4352 the
845 4299 937 4351 eburch
948 4307 1026 4350 tower
1037 4300 1064 4349 ln
1078 4313 1150 4364 1210,
1162 4299 1192 4351 ci.
1204 4299 1276 4351 Mon.

127 4371 203 4437 Angl.
216 4372 265 4421 111.
279 4384 335 4434 105.
614 4369 624 4398 ²
640 4369 696 4419 MS.
707 4383 757 4418 seu.
