3054 4904
279 285 327 374 84
591 281 723 370 moos
748 277 938 382 imatos
963 275 1114 381 flattu.

278 493 335 548 tus,
354 484 476 557 putabat
494 499 529 539 se
546 499 603 555 pre
621 482 735 540 foribus
757 481 992 556 splendidissimi
1014 481 1173 540 habitaculi
1197 482 1350 550 assistere,
1369 498 1431 553 quo

278 571 471 628 sacerdotalis
493 571 611 628 habitus
633 580 663 628 et
688 571 802 628 ordinis
826 571 982 628 multitudo
1003 579 1194 628 conuenerat.
1232 571 1278 628 De
1299 587 1428 643 quorum

278 661 440 718 consessu¹
457 659 504 716 vir
521 660 621 718 clarus
642 676 807 732 assurgens
825 659 908 716 venit
929 661 1057 717 adeum
1082 659 1202 732 ictuque
1224 657 1284 715 leui
1303 657 1431 715 virentis

277 747 360 820 virge
373 756 479 820 pectus
491 747 548 804 sibi
561 747 663 819 tetigit,
676 756 706 805 et
722 748 780 804 ait:
801 746 896 817 ‘Quid
908 756 955 805 est
969 748 1049 820 quod
1066 747 1209 820 languore
1227 745 1431 819 deprimeris?

249 847 263 897 5
279 835 363 892 Vade
380 836 419 892 de
437 843 538 892 cetero
556 843 587 892 et
605 852 698 892 sanam
716 835 799 891 esto!
835 834 921 891 Tunc
941 834 1171 908 expergefaetus
1187 833 1241 902 vir,
1254 833 1342 890 saluti
1362 833 1431 889 red·

278 923 371 980 ditum
385 939 419 980 se
432 923 587 980 sentiebat.
658 911 693 979 A
705 923 835 994 quodam
848 922 1016 995 presbitero
1032 922 1151 978 infirmo
1168 922 1323 978 inuocatus
1342 938 1431 977 sanc-

278 1020 326 1067 tus
357 1010 560 1068 Ythamarus¹
587 1026 644 1084 per
672 1009 771 1067 visum
801 1009 946 1082 apparuit,
978 1026 1131 1083 manuque
1160 1018 1311 1082 protensa,
1342 1008 1431 1081 quasi

279 1098 386 1155 medici
399 1098 518 1154 functus
530 1097 636 1163 officio,
643 1115 713 1155 eum
727 1097 830 1170 tetigit,
838 1106 868 1155 et
880 1097 938 1155 ait:
958 1097 1052 1155 ‘Vide
1065 1096 1142 1154 hanc
1155 1097 1267 1154 nemini
1279 1096 1432 1154 visionem

278 1186 401 1254 dixeris,
422 1187 518 1243 donec
539 1186 577 1242 ed
597 1185 695 1242 locum
718 1186 863 1242 memorie
886 1201 954 1241 mee
978 1184 1155 1258 peruenias!
1193 1185 1257 1242 Nec
1279 1184 1359 1242 visio
1381 1183 1432 1240 illa

235 1288 266 1325 10
278 1273 375 1331 inertis
400 1273 463 1342 fuit,
488 1287 577 1346 quam
602 1274 685 1331 salus
708 1274 797 1331 velox
825 1281 928 1330 secuta
958 1281 1013 1330 est.
1087 1259 1261 1346 Episcopus
1287 1272 1433 1328 roffensis

280 1360 438 1428 lohannes,
459 1378 515 1434 per
536 1369 672 1418 sanctum
695 1359 892 1417 Ythamarum
916 1361 954 1417 ab
976 1360 1123 1418 acerrimo
1146 1361 1300 1417 oculorum
1325 1359 1433 1416 dolore

278 1457 408 1516 curatus,
432 1450 470 1505 de
498 1449 601 1522 priore
625 1449 713 1506 theca
740 1449 895 1521 preciosas
922 1448 1018 1505 sancfi
1043 1447 1198 1504 Ythamari
1225 1448 1371 1520 reliquias
1400 1447 1433 1503 in

279 1553 389 1593 nouam
414 1544 444 1592 et
468 1537 681 1604 decentiorem,
705 1553 762 1609 per
790 1552 897 1592 manus
926 1536 1134 1609 religiosorum
1164 1536 1298 1602 fratrum,
1324 1545 1434 1609 quarto

281 1623 353 1680 Idus
372 1623 453 1692 iunii,
475 1641 543 1680 cum
566 1623 710 1698 hympnis
731 1632 761 1680 et
785 1623 883 1680 leticia
906 1624 1076 1693 transtulit3
1107 1623 1233 1696 ipsoque
1256 1622 1305 1679 die
1330 1640 1434 1679 annua

236 1727 264 1779 15
279 1713 345 1768 eius
357 1711 560 1784 solempnitas,
573 1721 636 1768 tum
649 1711 776 1768 aliorum
793 1721 857 1768 tum
875 1711 964 1768 huius
980 1710 1150 1785 specialiter
1164 1711 1322 1768 occasione
1340 1711 1433 1767 mira·

279 1799 346 1869 culi,
366 1798 473 1857 festiue
493 1801 616 1857 decreta
637 1807 683 1856 est
704 1799 857 1856 celebrari
931 1787 1059 1855 Plurimi
1078 1817 1152 1856 vero
1171 1798 1298 1856 febrium
1321 1800 1434 1855 ardore

278 1887 387 1956 vexati,
406 1887 454 1944 vel
473 1887 567 1944 oculis
585 1887 692 1954 afflicti,
712 1896 742 1944 et
762 1887 852 1944 variis
874 1886 1095 1944 infirmitatibus
1116 1887 1294 1954 laborantes,
1314 1887 1433 1942 meritis

279 1975 374 2032 sancti
387 1974 542 2032 Ythamarl
561 1975 695 2032 sanitatis
711 1975 859 2032 beneficio
878 1975 1037 2048 potiuntur.
1076 1974 1206 2045 Quidam
1221 1974 1314 2030 frater
1332 1974 1434 2031 valida

279 2063 452 2120 infirmitate
466 2079 600 2136 pressus,
613 2079 681 2118 cum
695 2071 832 2120 sanctum
846 2061 1042 2119 Ythamarum
1055 2062 1172 2118 deuotis
1186 2061 1328 2135 precibus
1346 2062 1433 2119 inuo-

234 2173 266 2211 πο
279 2159 378 2208 casset
386 2150 406 2220 ³,
417 2151 447 2207 in
461 2150 599 2224 sompnis
611 2149 685 2207 vidit
696 2150 794 2206 virum
807 2149 909 2222 ignota
921 2149 997 2206 facie
1009 2151 1047 2206 ad
1060 2149 1159 2223 ipsum
1171 2149 1303 2219 introire,
1313 2149 1433 2222 virgam

279 2255 369 2295 manu
392 2239 569 2308 habentem
598 2254 725 2310 eamque
746 2254 802 2310 per
822 2237 922 2310 spacia
944 2239 1051 2294 domus
1071 2239 1129 2294 huc
1148 2238 1278 2310 illucque
1302 2237 1434 2294 circum·

278 2325 411 2395 ferendo,
436 2325 656 2382 multitudinem
681 2326 853 2394 demonum,
875 2324 1005 2382 diuersis
1030 2324 1134 2382 fonnis
1159 2323 1266 2382 minaci
1290 2325 1376 2380 vultu
1401 2334 1433 2382 et

277 2413 354 2470 truci
366 2422 490 2486 aspectu
504 2413 657 2469 infirmum
669 2421 870 2482 contuentem,
883 2411 1076 2486 perturbauit
1104 2412 1215 2485 Sicque
1232 2412 1378 2468 liberatus
1395 2415 1434 2468 ab

279 2501 352 2557 bora
368 2500 417 2557 illa
433 2499 529 2558 leuius
547 2500 659 2556 habere
677 2499 765 2573 cepit.
802 2499 865 2557 Sed
883 2502 982 2557 denuo
1002 2499 1124 2557 rediens
1143 2499 1251 2557 infesta
1265 2500 1315 2555 illa
1331 2501 1433 2556 multi-

235 2611 264 2663 ²5
278 2590 350 2645 tudo
369 2588 461 2653 inuit,
479 2589 586 2645 domus
605 2587 708 2660 spacia
725 2588 896 2660 compleuit,
920 2589 994 2644 rictu
1014 2597 1045 2645 et
1066 2597 1191 2660 aspectu
1214 2587 1338 2645 terribili
1360 2589 1433 2643 hor-

278 2677 406 2733 rendum
425 2676 571 2749 impetum
589 2673 741 2732 facientes.
772 2675 913 2732 inuocato
931 2675 1025 2732 sancti
1044 2674 1199 2732 Ytbamari
1218 2675 1350 2743 nomine,
1369 2692 1433 2731 non

279 2763 386 2820 eodem
398 2763 481 2819 vultu
494 2781 554 2837 quo
565 2764 661 2836 prius,
670 2764 724 2820 sed
737 2762 940 2836 pontificalem
955 2763 1056 2820 habitu
1069 2779 1232 2836 personam
1244 2763 1434 2836 pretendens

279 2851 400 2922 [rediit],
417 2851 493 2907 albis
507 2851 630 2907 indutus
648 2860 678 2906 et
695 2851 801 2906 nitenti
820 2853 954 2923 desuper
966 2851 1057 2924 pallio
1076 2859 1218 2923 opertus:
1238 2850 1314 2906 oculi
1334 2853 1433 2907 nitore

278 2938 388 3009 eximii,
402 2939 493 2996 facies
506 2938 649 2995 candida:
669 2947 698 2994 et
715 2938 856 3012 quicquid
870 2939 1040 2996 intuebatur
1056 2939 1204 3008 infirmus,
1217 2939 1311 3011 gratie
1327 2937 1435 2996 inesti-

234 3043 267 3094 30
279 3027 396 3084 mabilis
417 3036 490 3084 erat
527 3026 577 3083 Ad
597 3027 681 3082 cuius
703 3027 887 3098 presentiam
908 3044 979 3082 mox
1001 3027 1124 3099 spiritus
1142 3026 1289 3082 immundi
1308 3025 1435 3083 timide*

279 3115 458 3188 profugiunt.
482 3113 524 3170 At
537 3114 586 3170 ille
599 3121 667 3186 post
680 3131 733 3169 eos
745 3113 883 3170 baculum
895 3115 1024 3180 vibrans,
1038 3113 1238 3170 habitaculum
1251 3112 1436 3170 intrinsecus

278 3203 367 3260 tertio
379 3202 492 3271 circuit,
505 3211 535 3258 et
547 3201 585 3256 ab
598 3202 680 3257 omni
692 3201 854 3257 demonum
868 3202 1010 3273 spurcitia
1026 3218 1169 3275 purgans,
1181 3201 1338 3274 disparuit.
1368 3201 1435 3259 Nec

279 3291 373 3347 multo
397 3298 466 3364 post
488 3291 575 3346 tertia
595 3288 661 3346 vice
681 3288 822 3345 terribilis
844 3290 1006 3345 demonum
1031 3290 1188 3346 multitudo
1212 3289 1366 3346 infirmum
1387 3289 1436 3346 in·

279 3377 393 3435 festans
415 3377 553 3434 aduenit:
586 3385 616 3434 et
640 3394 710 3432 ecce
734 3376 865 3449 quidam,
890 3376 974 3433 cuius
999 3395 1054 3434 nec
1079 3378 1195 3434 vultum
1219 3393 1275 3432 nec
1297 3377 1434 3434 habitum

235 3479 266 3532 35
280 3466 382 3521 videre
404 3482 460 3521 nec
480 3464 653 3520 discernere
678 3472 803 3537 poterat,
825 3481 945 3520 crucem
971 3465 1116 3535 baiulans,
1141 3481 1248 3520 omnes
1273 3464 1304 3520 in
1330 3465 1433 3538 fugam

279 3561 363 3608 actos
393 3553 576 3609 tumultuoso
606 3551 719 3624 impetu
752 3550 966 3625 precipitanter
995 3553 1080 3610 exire
1105 3551 1210 3624 coegit
1255 3550 1284 3607 A
1310 3552 1360 3608 die
1384 3553 1436 3608 illa

279 3640 427 3708 infirmus,
446 3639 567 3711 plenam
587 3641 744 3695 sanitatem
764 3641 899 3712 adeptus,
918 3641 956 3695 ab
975 3640 1146 3696 illusoribus
1164 3639 1206 3695 nil
1224 3639 1436 3712 ine0m[m]odi

278 3727 355 3784 vltra
374 3743 538 3800 perpessus
557 3735 612 3784 est.
697 3714 781 3783 Puer
797 3727 918 3800 quidam
932 3726 1133 3785 debilitatem⁶
1152 3729 1317 3797 incurrens,
1331 3739 1436 3785 mutus

280 3824 310 3873 et
331 3815 441 3872 surdus
460 3814 600 3884 effectus3
626 3815 664 3871 ad
684 3815 817 3872 tumbam
839 3815 933 3871 sancti
953 3815 1107 3871 Ythamari
1125 3816 1280 3880 deductus,
1301 3815 1437 3887 perfecte

234 3921 267 3977 4o
280 3903 367 3962 saluti
392 3903 526 3959 redditus
551 3910 605 3959 est.
677 3890 814 3976 Quidam
833 3903 931 3959 valida
950 3903 1119 3974 egritudine
1138 3911 1274 3973 vexatus,
1296 3901 1438 3960 inuocato

280 4001 383 4048 sancto
405 3990 577 4056 Ythamaro‚
600 3989 630 4045 in
651 4006 779 4046 excessu
805 3993 914 4046 mentis
933 3989 1006 4046 vidit
1031 3990 1115 4046 illum
1140 3989 1359 4062 precipientem
1380 3991 1438 4048 sibi

279 4087 311 4135 vt
336 4089 478 4152 pergeret
501 4079 540 4134 ad
564 4076 723 4133 ecclesiam
749 4077 827 4134 beati
851 4076 976 4135 Andree
1001 4076 1135 4150 apostoli,
1160 4076 1210 4134 vbi
1235 4077 1263 4132 ei
1290 4089 1322 4135 et
1346 4081 1438 4136 sedes

313 4283 369 4335 ιΕ.
387 4300 521 4334 concessu.
615 4282 673 4334 Τ..
687 4283 821 4334 Edmarus.
913 4283 969 4333 ³E.
982 4284 1133 4334 inuncasset.
1224 4283 1280 4333 4Τ.
1293 4285 1395 4352 timide,
1408 4288 1439 4340 E.

280 4350 370 4400 timidi.
470 4351 526 4400 ὅΕ.
538 4349 679 4400 debilitate.
