3036 4878
90 333 311 399 resonatos
351 317 425 437 De
445 314 505 405 b.
523 317 739 404 eumenen
762 332 856 422 tene
879 326 918 406 et
941 328 1130 422 metente.
1167 329 1239 417 659

110 519 161 573 DE
180 531 292 574 MILITE
310 531 418 574 DECEM
436 531 597 577 DENARIOS
615 531 811 589 ormnem,
831 533 970 586 QUORUM
989 535 1056 578 DUO
1075 535 1111 577 IN
1130 535 1223 578 MANU

395 615 454 659 SUA
473 615 674 660 MIRACULOSE
693 615 939 662 REMANSERUMT.

168 723 274 779 Uidam
289 724 369 780 miles
384 725 502 780 lunellus
515 724 647 780 lemensis
659 722 692 795 (t)
707 726 820 780 nomine
833 726 999 796 willelmus,
1012 727 1121 798 dapifer
1132 725 1242 783 comitis

200 807 360 873 Warennie‚
380 824 443 862 cum
468 808 577 862 duobus
597 808 704 864 clericis
724 821 752 864 et
772 827 826 864 vno
847 809 948 865 cliente
971 810 1122 881 capitulum
1146 827 1242 865 mona-

94 892 211 945 chorum
230 890 318 956 sancti
341 890 485 946 Edmundi
508 891 621 960 introiit,
641 902 815 962 acceptaque
833 893 1007 948 fraternitate
1026 894 1167 948 humiliter
1184 893 1240 947 ait:

94 975 226 1028 ‘Placeat
246 973 387 1028 sanctitati
407 984 500 1029 vestre
522 991 621 1044 parum
640 976 716 1046 quod
738 975 835 1046 loquar
855 976 958 1031 audire.
996 978 1058 1044 Ego
1073 994 1137 1032 curn
1158 994 1243 1031 vxore

94 1075 160 1112 mea
177 1057 291 1111 nomine
310 1059 333 1111 F
335 1058 463 1112 landrina
481 1057 583 1113 deuote
600 1057 683 1113 nudis
702 1059 821 1130 pedibus
833 1059 979 1114 ecclesiam
995 1059 1084 1114 sancti
1097 1059 1271 1118 Edmundi5

94 1139 219 1195 martiris
238 1139 338 1194 intraui
357 1141 534 1212 adoransque
553 1140 636 1196 deum
656 1151 721 1196 ante
739 1158 859 1210 crucem,
881 1142 1015 1197 memorie
1036 1142 1164 1197 reuocaui
1184 1141 1241 1197 fieri

96 1223 273 1278 oblacionern
293 1224 347 1278 deo
369 1234 397 1279 et
417 1233 516 1278 sancto
538 1241 588 1278 suo
606 1224 759 1279 Edmundo
780 1242 832 1295 pro
853 1242 899 1280 me
918 1234 946 1280 et
967 1235 1031 1280 octo
1049 1224 1144 1280 liberis
1164 1225 1243 1280 meis.

99 1307 188 1376 Igitur
199 1324 217 1360 a
235 1306 377 1376 marsupio
395 1324 458 1361 meo
478 1323 529 1376 pro
549 1306 666 1375 singulis
679 1307 810 1362 denarios
829 1309 960 1374 educens,
973 1326 1057 1364 vnum
1069 1325 1180 1380 quoque
1193 1325 1243 1378 pro

96 1406 182 1443 vxore
200 1406 272 1456 mea,
291 1389 486 1460 decimumque
504 1407 554 1460 pro
573 1408 619 1445 me
638 1390 708 1461 ipso,
728 1391 827 1446 decem
846 1391 1044 1446 connumeraui
1063 1391 1185 1463 itemque
1202 1408 1244 1445 re·

95 1473 250 1540 numeraui,
262 1483 290 1526 et
304 1470 434 1528 inuentus
447 1483 490 1528 est
503 1473 578 1528 idem
594 1491 726 1528 numerus
745 1475 899 1544 perlectus:
920 1485 948 1530 et
965 1484 1059 1531 tamen
1076 1474 1244 1530 enumeratis
1261 1489 1291 1523 10

100 1553 179 1626 [duo]
200 1555 228 1609 in
249 1573 334 1610 manu
354 1573 419 1610 mea
442 1567 642 1611 remanserunt.
681 1556 800 1612 Miratus
823 1557 915 1628 itaque
936 1558 1023 1612 tercio
1047 1558 1244 1613 connumeraui

97 1637 268 1708 singillatim,
288 1648 316 1693 et
336 1639 411 1693 idem
429 1639 524 1694 fiebat.
561 1639 710 1694 Accedens
733 1639 816 1709 igitur
833 1639 871 1694 ad
889 1640 1027 1708 feretrum,
1046 1642 1121 1695 hunc
1141 1641 1245 1695 ibidem

99 1721 242 1776 hominem
255 1739 305 1792 pro
317 1732 388 1777 teste
400 1722 455 1776 ltuc
467 1722 620 1778 adductum
628 1723 725 1777 vocaui
738 1723 851 1777 dicens:
872 1723 961 1777 ‘Vide
974 1724 997 1778 si
1011 1723 1108 1778 decem
1116 1739 1247 1777 nummos

99 1804 146 1860 hic
158 1805 262 1859 offero!
286 1806 350 1873 Quo
360 1803 472 1859 vidente
482 1806 580 1862 decem
594 1805 680 1876 optuli
694 1823 699 1860 :
718 1815 746 1860 et
759 1815 852 1860 tamen
863 1806 919 1860 duo
932 1823 1073 1860 enumero
1085 1815 1246 1876 computato

99 1897 127 1941 et
142 1886 179 1942 ibi
193 1887 287 1942 oblato
300 1885 328 1940 in
342 1904 427 1942 manu
442 1904 506 1942 mea
518 1898 720 1943 remanserunt
757 1888 902 1958 Siquidem
915 1888 984 1943 satis
995 1888 1110 1958 mirans,
1122 1899 1150 1943 et
1162 1889 1246 1943 deum
1263 1903 1292 1954 15

57 2045 60 2052 .
101 1969 129 2024 in
143 1981 241 2025 sancto
255 1970 407 2025 Edmundo
419 1970 547 2037 laudans,
562 1970 623 2026 illos
636 1971 706 2026 duos
719 1969 784 2026 item
798 1988 850 2041 pro
861 1988 907 2025 me
919 1981 947 2027 et
959 1988 1044 2026 vxore
1058 1970 1167 2041 [offero]
1178 1969 1203 2025 ¹.’

125 2159 175 2213 DE
193 2170 277 2214 FILIO
296 2169 415 2214 MILITIS
433 2171 494 2213 PER
513 2171 661 2215 SANCTUM
680 2160 876 2214 EDMUNDUM
894 2173 914 2213 Α
934 2170 1043 2214 MORTE
1061 2171 1224 2215 LIBERATO.

175 2278 280 2335 Uidam
299 2279 378 2334 miles
396 2279 524 2350 egregius
542 2281 639 2334 habuit
654 2278 741 2334 filium
760 2279 868 2334 diucius
890 2289 1072 2350 egrotantem,
1088 2290 1116 2336 et
1132 2281 1248 2335 tandem

208 2363 362 2432 egrotando
378 2363 459 2418 morti
477 2364 698 2434 appropiantem.
735 2363 865 2434 Quadam
881 2363 957 2418 enim
970 2363 1015 2418 die
1028 2373 1107 2434 patre
1119 2373 1147 2418 et
1159 2374 1249 2418 matre

102 2463 166 2500 cum
179 2445 276 2500 vicinis
289 2456 317 2501 et
329 2447 427 2502 amicis
446 2446 603 2502 astantibus
616 2457 644 2501 et
662 2447 868 2517 plangentibus,
881 2447 938 2501 vite
952 2463 1001 2501 sue
1017 2447 1174 2502 extremitas
1193 2444 1249 2500 iam

103 2528 181 2583 finita
199 2527 353 2584 videbatur.
392 2529 477 2584 Cuius
495 2539 586 2584 mater
604 2529 749 2584 maternali
762 2530 913 2585 dileccione
926 2528 1024 2586 ardore
1037 2540 1160 2597 estuans,
1173 2529 1249 2584 flebi·
1262 2538 1293 2574 ²0

102 2613 164 2667 liter
185 2611 224 2666 ait
245 2612 282 2665 ad
302 2613 392 2666 uirum
412 2610 528 2668 suum’:
556 2615 646 2681 ‘Heu²
665 2613 728 2679 heu,
744 2613 783 2668 mi
799 2613 921 2682 domine,
937 2612 1033 2684 utquid
1050 2613 1144 2668 differs
1162 2612 1249 2667 filium

102 2705 227 2749 nostrum
252 2695 306 2748 iam
333 2705 472 2751 mortuum
492 2695 620 2766 quamuis
642 2713 705 2750 sero
724 2695 777 2751 deo
801 2707 829 2751 et
850 2706 948 2751 sancto
967 2697 1120 2751 Edmundo
1143 2697 1202 2765 regi
1222 2706 1250 2750 et

102 2777 208 2834 martiri
227 2779 348 2847 glorioso
368 2795 480 2846 uouere,
497 2789 525 2833 et
543 2788 639 2833 votum
658 2778 744 2834 cicius
762 2779 899 2834 reddere?
926 2780 1037 2833 Voueto
1055 2796 1130 2848 ergo,
1150 2788 1178 2833 et
1196 2779 1251 2832 fide

103 2859 227 2931 perlecta
239 2861 358 2930 perfice.¹
380 2862 435 2930 Qui
448 2861 584 2917 maturius
596 2862 776 2928 accumbens,
783 2862 869 2915 filium
879 2861 1040 2917 defunctum
1050 2861 1103 2916 deo
1111 2871 1140 2916 et
1153 2871 1251 2915 sancto

106 2943 257 2998 Edmundo
276 2961 340 2998 curn
360 2944 482 2999 lacrimis
502 2945 579 3000 vouit
597 2955 626 3000 et
645 2943 758 2998 reuouit.
796 2943 851 2998 Dei
866 2943 949 3012 igitur
967 2952 994 2996 et
1013 2943 1102 2997 sancti
1123 2943 1251 2997 inuocato
1267 2946 1296 2996 ²⁵

104 3027 226 3094 nomine,
247 3027 333 3081 cicius
355 3027 479 3083 defuncti
504 3027 680 3083 interioribus
705 3027 798 3096 fragor
819 3027 919 3096 ingens
944 3025 1075 3090 insonuit,
1096 3025 1202 3095 irrupit,
1222 3035 1250 3078 et

107 3120 243 3179 tanquam
268 3110 376 3165 bacello
401 3113 491 3165 fracto
515 3128 584 3164 aura
608 3110 769 3165 redundans
799 3108 946 3164 audientes
975 3105 1103 3178 stupidos
1128 3107 1251 3163 reddidit

104 3193 286 3248 admirantes.
323 3193 435 3248 Reuixit
454 3194 537 3263 igitur
555 3210 631 3263 puer,
644 3203 672 3248 et
690 3193 814 3260 surrexit,
827 3203 854 3246 et
873 3189 962 3248 sancti
981 3191 1126 3245 Edmundi
1145 3190 1251 3246 meritis

106 3275 135 3331 in
148 3285 209 3331 toto
221 3276 371 3332 conualuit.

227 3445 278 3498 Da
298 3456 381 3500 rrum
401 3445 543 3499 Hnnrtrcr
563 3441 771 3514 caurusque]
789 3456 811 3498 e
830 3454 939 3499 nortun
957 3453 1135 3500 suscrrnro.

171 3564 238 3620 llius
258 3566 404 3620 cuiusdam
419 3565 515 3621 militis
534 3563 737 3619 cantuariensis
750 3563 864 3618 nomine
879 3564 993 3620 Henrici
1008 3582 1093 3634 vsque
1106 3565 1142 3619 ad
1155 3564 1253 3619 mortis
1266 3567 1300 3617 30

138 3683 140 3689 ·
204 3648 309 3702 exitum
334 3649 471 3718 egrotauit
495 3659 523 3703 et
548 3648 662 3716 languit.
701 3648 765 3715 Quo
787 3647 903 3701 tandem
926 3647 1068 3714 moriente,
1091 3647 1135 3702 vel
1158 3647 1254 3718 pocius

111 3740 227 3797 mortuo,
240 3730 367 3786 eiusdem
387 3741 534 3802 parentum
553 3729 671 3784 deuocio
689 3730 843 3784 condolens
863 3730 964 3783 suimet
984 3729 1106 3799 corporis
1125 3746 1255 3784 mensure

110 3814 290 3868 candelarum
308 3813 456 3868 luminaria
475 3823 677 3883 coaptauerunt
696 3821 725 3866 et
743 3811 904 3867 oblaciones
924 3822 1022 3866 sancto
1042 3811 1194 3865 Edmundo
1206 3813 1255 3865 de·

109 3907 254 3952 uouerunt.
300 3897 409 3966 Quibus
430 3897 520 3962 lactis,
540 3913 610 3966 puer
631 3895 728 3951 reuixit
753 3905 780 3950 et
804 3894 960 3961 conualuit;
982 3909 1101 3963 moxque
1126 3904 1255 3964 parentes

109 3991 326 4051 properauerunt
340 3991 369 4035 et
381 3990 447 4036 vota
461 3997 512 4035 sua
525 3989 623 4033 sancto
637 3977 789 4032 Edmundo
802 3975 994 4031 reddiderunt.
1270 3980 1301 4029 35

171 4101 240 4156 llius
252 4101 386 4156 Willelmi
398 4101 435 4155 de
448 4101 567 4156 Bealuer
579 4098 685 4154 domini
702 4097 804 4168 egregii
817 4113 905 4166 usque
917 4096 955 4150 ad
966 4105 1085 4170 mortem
1099 4095 1236 4164 egrotauit
1248 4115 1254 4150 :

206 4194 248 4239 set
262 4203 279 4239 a
292 4184 454 4254 parentibus
471 4183 585 4238 nomine
598 4181 704 4236 domini
717 4191 745 4236 et
758 4180 846 4235 sancti
860 4179 1004 4234 Edmundi
1018 4177 1157 4244 inuocato,
1170 4179 1257 4235 cicius

112 4267 252 4323 conualuit
282 4279 309 4323 et
340 4267 473 4335 surrexit;
504 4283 617 4338 vnaque
641 4281 705 4320 cum
733 4263 774 4320 eis
806 4272 935 4318 sanctum
966 4261 1149 4318 Edmundum
1179 4262 1256 4332 adiit,

403 4401 481 4456 ²om.
749 4399 962 4451 ²Msmetum.

645 4491 726 4534 Uu2
