<?xml version="1.0" encoding="UTF-8"?>
<!DOCTYPE html PUBLIC "-//W3C//DTD XHTML 1.0 Transitional//EN"
    "http://www.w3.org/TR/xhtml1/DTD/xhtml1-transitional.dtd">
<html xmlns="http://www.w3.org/1999/xhtml" xml:lang="en" lang="en">
 <head>
  <title>
</title>
<meta http-equiv="Content-Type" content="text/html;charset=utf-8" />
  <meta name='ocr-system' content='tesseract 3.04.00' />
  <meta name='ocr-capabilities' content='ocr_page ocr_carea ocr_par ocr_line ocrx_word'/>
</head>
<body>
  <div class='ocr_page' id='page_1' title='image "./novalegendaangl00wordgoog/novalegendaangl00wordgoog_0622.png"; bbox 0 0 3046 4902; ppageno 0'>
   <div class='ocr_carea' id='block_1_1' title="bbox 78 317 1238 434">
    <p class='ocr_par' dir='ltr' id='par_1_1' title="bbox 78 317 1238 434">
     <span class='ocr_line' id='line_1_1' title="bbox 78 317 1238 434; baseline 0.021 -40"><span class='ocrx_word' id='word_1_1' title='bbox 78 334 319 401; x_wconf 53' lang='lat' dir='ltr'>sassones]</span> <span class='ocrx_word' id='word_1_2' title='bbox 351 317 847 434; x_wconf 48' lang='lat' dir='ltr'>{tamentationes</span> <span class='ocrx_word' id='word_1_3' title='bbox 864 327 1112 425; x_wconf 65' lang='lat' dir='ltr'>amatote.</span> <span class='ocrx_word' id='word_1_4' title='bbox 1165 332 1238 418; x_wconf 80' lang='lat'>613</span> 
     </span>
    </p>
   </div>
   <div class='ocr_carea' id='block_1_2' title="bbox 78 518 1293 3739">
    <p class='ocr_par' dir='ltr' id='par_1_2' title="bbox 78 518 1293 3739">
     <span class='ocr_line' id='line_1_2' title="bbox 79 518 1240 594; baseline 0.008 -20"><span class='ocrx_word' id='word_1_5' title='bbox 79 518 251 588; x_wconf 77' lang='lat' dir='ltr'>integritate</span> <span class='ocrx_word' id='word_1_6' title='bbox 263 521 384 592; x_wconf 89' lang='lat' dir='ltr'>quedam</span> <span class='ocrx_word' id='word_1_7' title='bbox 396 523 611 578; x_wconf 83' lang='lat' dir='ltr'>resurreccionis</span> <span class='ocrx_word' id='word_1_8' title='bbox 624 523 745 593; x_wconf 85' lang='lat' dir='ltr'>insignia</span> <span class='ocrx_word' id='word_1_9' title='bbox 756 523 953 594; x_wconf 90' lang='lat' dir='ltr'>presentando,</span> <span class='ocrx_word' id='word_1_10' title='bbox 962 536 1076 582; x_wconf 85' lang='lat' dir='ltr'>sanctus</span> <span class='ocrx_word' id='word_1_11' title='bbox 1087 526 1173 583; x_wconf 87' lang='lat' dir='ltr'>nichil</span> <span class='ocrx_word' id='word_1_12' title='bbox 1182 527 1240 584; x_wconf 90' lang='lat' dir='ltr'>dis·</span> 
     </span>
     <span class='ocr_line' id='line_1_3' title="bbox 78 602 1242 681; baseline 0.009 -24"><span class='ocrx_word' id='word_1_13' title='bbox 78 604 170 658; x_wconf 89' lang='lat' dir='ltr'>tabat</span> <span class='ocrx_word' id='word_1_14' title='bbox 187 620 205 657; x_wconf 93' lang='lat' dir='ltr'>a</span> <span class='ocrx_word' id='word_1_15' title='bbox 221 602 340 672; x_wconf 88' lang='lat' dir='ltr'>viuente,</span> <span class='ocrx_word' id='word_1_16' title='bbox 357 605 380 659; x_wconf 90' lang='lat' dir='ltr'>si</span> <span class='ocrx_word' id='word_1_17' title='bbox 396 605 508 661; x_wconf 90' lang='lat' dir='ltr'>mobilis</span> <span class='ocrx_word' id='word_1_18' title='bbox 527 604 651 661; x_wconf 89' lang='lat' dir='ltr'>efficacia</span> <span class='ocrx_word' id='word_1_19' title='bbox 670 624 727 661; x_wconf 91' lang='lat' dir='ltr'>non</span> <span class='ocrx_word' id='word_1_20' title='bbox 749 606 890 661; x_wconf 76' lang='lat' dir='ltr'>defuisset.</span> <span class='ocrx_word' id='word_1_21' title='bbox 928 608 953 663; x_wconf 95' lang='grc' dir='ltr'>Ο</span> <span class='ocrx_word' id='word_1_22' title='bbox 973 621 1094 679; x_wconf 91' lang='lat' dir='ltr'>quantus</span> <span class='ocrx_word' id='word_1_23' title='bbox 1110 619 1138 665; x_wconf 85' lang='lat' dir='ltr'>et</span> <span class='ocrx_word' id='word_1_24' title='bbox 1155 626 1242 681; x_wconf 88' lang='lat' dir='ltr'>quam</span> 
     </span>
     <span class='ocr_line' id='line_1_4' title="bbox 79 685 1242 762; baseline 0.007 -22"><span class='ocrx_word' id='word_1_25' title='bbox 79 685 181 740; x_wconf 90' lang='lat' dir='ltr'>dulcis</span> <span class='ocrx_word' id='word_1_26' title='bbox 193 695 260 741; x_wconf 89' lang='lat' dir='ltr'>tunc</span> <span class='ocrx_word' id='word_1_27' title='bbox 272 688 342 742; x_wconf 91' lang='lat' dir='ltr'>odor</span> <span class='ocrx_word' id='word_1_28' title='bbox 354 688 501 744; x_wconf 89' lang='lat' dir='ltr'>suauitatis</span> <span class='ocrx_word' id='word_1_29' title='bbox 513 705 571 743; x_wconf 92' lang='lat' dir='ltr'>non</span> <span class='ocrx_word' id='word_1_30' title='bbox 585 690 675 743; x_wconf 88' lang='lat' dir='ltr'>solum</span> <span class='ocrx_word' id='word_1_31' title='bbox 687 688 715 742; x_wconf 94' lang='lat' dir='ltr'>in</span> <span class='ocrx_word' id='word_1_32' title='bbox 727 689 847 743; x_wconf 87' lang='lat' dir='ltr'>ecclesia</span> <span class='ocrx_word' id='word_1_33' title='bbox 858 700 901 744; x_wconf 86' lang='lat' dir='ltr'>set</span> <span class='ocrx_word' id='word_1_34' title='bbox 912 688 941 743; x_wconf 92' lang='lat' dir='ltr'>in</span> <span class='ocrx_word' id='word_1_35' title='bbox 958 692 1079 746; x_wconf 89' lang='lat' dir='ltr'>claustro</span> <span class='ocrx_word' id='word_1_36' title='bbox 1091 710 1142 762; x_wconf 91' lang='lat' dir='ltr'>per</span> <span class='ocrx_word' id='word_1_37' title='bbox 1153 701 1242 748; x_wconf 91' lang='lat' dir='ltr'>totum</span> 
     </span>
     <span class='ocr_line' id='line_1_5' title="bbox 80 768 1240 840; baseline 0.007 -18"><span class='ocrx_word' id='word_1_38' title='bbox 80 768 176 836; x_wconf 88' lang='lat' dir='ltr'>diem,</span> <span class='ocrx_word' id='word_1_39' title='bbox 188 777 216 822; x_wconf 89' lang='lat' dir='ltr'>et</span> <span class='ocrx_word' id='word_1_40' title='bbox 230 769 258 824; x_wconf 92' lang='lat' dir='ltr'>in</span> <span class='ocrx_word' id='word_1_41' title='bbox 271 770 362 826; x_wconf 93' lang='lat' dir='ltr'>cuntis</span> <span class='ocrx_word' id='word_1_42' title='bbox 379 771 541 826; x_wconf 90' lang='lat' dir='ltr'>monasterii</span> <span class='ocrx_word' id='word_1_43' title='bbox 553 771 671 826; x_wconf 87' lang='lat' dir='ltr'>officinis</span> <span class='ocrx_word' id='word_1_44' title='bbox 688 771 860 840; x_wconf 78' lang='lat' dir='ltr'>fragrancius</span> <span class='ocrx_word' id='word_1_45' title='bbox 875 773 1035 828; x_wconf 85' lang='lat' dir='ltr'>emanauit!</span> <span class='ocrx_word' id='word_1_46' title='bbox 1069 774 1134 829; x_wconf 91' lang='lat' dir='ltr'>Hiis</span> <span class='ocrx_word' id='word_1_47' title='bbox 1152 775 1240 831; x_wconf 88' lang='lat' dir='ltr'>visis:</span> 
     </span>
     <span class='ocr_line' id='line_1_6' title="bbox 81 852 1270 931; baseline 0.005 -25"><span class='ocrx_word' id='word_1_48' title='bbox 81 852 181 906; x_wconf 89' lang='lat' dir='ltr'>abbas</span> <span class='ocrx_word' id='word_1_49' title='bbox 201 853 317 923; x_wconf 91' lang='lat' dir='ltr'>cupiens</span> <span class='ocrx_word' id='word_1_50' title='bbox 341 853 457 924; x_wconf 89' lang='lat' dir='ltr'>experiri</span> <span class='ocrx_word' id='word_1_51' title='bbox 483 855 506 909; x_wconf 90' lang='lat' dir='ltr'>si</span> <span class='ocrx_word' id='word_1_52' title='bbox 531 854 622 925; x_wconf 89' lang='lat' dir='ltr'>capud</span> <span class='ocrx_word' id='word_1_53' title='bbox 646 853 761 908; x_wconf 88' lang='lat' dir='ltr'>firmiter</span> <span class='ocrx_word' id='word_1_54' title='bbox 780 854 890 908; x_wconf 83' lang='lat' dir='ltr'>hereret</span> <span class='ocrx_word' id='word_1_55' title='bbox 914 856 1031 925; x_wconf 82' lang='lat' dir='ltr'><strong>corpori,</strong></span> <span class='ocrx_word' id='word_1_56' title='bbox 1051 856 1132 912; x_wconf 88' lang='lat' dir='ltr'>iussit</span> <span class='ocrx_word' id='word_1_57' title='bbox 1153 867 1192 926; x_wconf 90' lang='lat' dir='ltr'>nt,</span> <span class='ocrx_word' id='word_1_58' title='bbox 1210 875 1270 931; x_wconf 84' lang='lat' dir='ltr'>se5</span> 
     </span>
     <span class='ocr_line' id='line_1_7' title="bbox 83 933 1240 1011; baseline 0.006 -23"><span class='ocrx_word' id='word_1_59' title='bbox 83 933 223 990; x_wconf 89' lang='lat' dir='ltr'>manibus</span> <span class='ocrx_word' id='word_1_60' title='bbox 232 935 354 1006; x_wconf 71' lang='lat' dir='ltr'>utrisque</span> <span class='ocrx_word' id='word_1_61' title='bbox 367 938 460 1007; x_wconf 91' lang='lat' dir='ltr'>capud</span> <span class='ocrx_word' id='word_1_62' title='bbox 472 937 595 992; x_wconf 89' lang='lat' dir='ltr'>martiris</span> <span class='ocrx_word' id='word_1_63' title='bbox 607 938 807 1006; x_wconf 89' lang='lat' dir='ltr'>conplectente,</span> <span class='ocrx_word' id='word_1_64' title='bbox 820 953 891 990; x_wconf 90' lang='lat' dir='ltr'>vnns</span> <span class='ocrx_word' id='word_1_65' title='bbox 904 953 998 991; x_wconf 89' lang='lat' dir='ltr'>eorum</span> <span class='ocrx_word' id='word_1_66' title='bbox 1013 941 1099 1008; x_wconf 90' lang='lat' dir='ltr'>pedes</span> <span class='ocrx_word' id='word_1_67' title='bbox 1109 940 1240 1011; x_wconf 87' lang='lat' dir='ltr'>arripiat:</span> 
     </span>
     <span class='ocr_line' id='line_1_8' title="bbox 84 1016 1243 1089; baseline 0.008 -20"><span class='ocrx_word' id='word_1_68' title='bbox 84 1016 223 1086; x_wconf 86' lang='lat' dir='ltr'>quatinus</span> <span class='ocrx_word' id='word_1_69' title='bbox 238 1017 305 1072; x_wconf 91' lang='lat' dir='ltr'>dum</span> <span class='ocrx_word' id='word_1_70' title='bbox 320 1017 380 1088; x_wconf 87' lang='lat' dir='ltr'>[ad]</span> <span class='ocrx_word' id='word_1_71' title='bbox 395 1036 426 1074; x_wconf 91' lang='lat' dir='ltr'>se</span> <span class='ocrx_word' id='word_1_72' title='bbox 444 1017 570 1074; x_wconf 85' lang='lat' dir='ltr'>trahere¹</span> <span class='ocrx_word' id='word_1_73' title='bbox 582 1018 700 1089; x_wconf 90' lang='lat' dir='ltr'>quisque</span> <span class='ocrx_word' id='word_1_74' title='bbox 712 1017 817 1086; x_wconf 88' lang='lat' dir='ltr'>nititur,</span> <span class='ocrx_word' id='word_1_75' title='bbox 830 1018 867 1073; x_wconf 91' lang='lat' dir='ltr'>de</span> <span class='ocrx_word' id='word_1_76' title='bbox 882 1018 1043 1088; x_wconf 84' lang='lat' dir='ltr'>integritate</span> <span class='ocrx_word' id='word_1_77' title='bbox 1055 1021 1114 1076; x_wconf 88' lang='lat' dir='ltr'>eius</span> <span class='ocrx_word' id='word_1_78' title='bbox 1127 1023 1243 1078; x_wconf 88' lang='lat' dir='ltr'>vlterius</span> 
     </span>
     <span class='ocr_line' id='line_1_9' title="bbox 83 1099 1243 1172; baseline 0.007 -21"><span class='ocrx_word' id='word_1_79' title='bbox 83 1115 149 1152; x_wconf 89' lang='lat' dir='ltr'>non</span> <span class='ocrx_word' id='word_1_80' title='bbox 169 1099 318 1156; x_wconf 83' lang='lat' dir='ltr'>dubitetur.</span> <span class='ocrx_word' id='word_1_81' title='bbox 363 1101 409 1155; x_wconf 85' lang='lat' dir='ltr'>Ad</span> <span class='ocrx_word' id='word_1_82' title='bbox 430 1103 484 1157; x_wconf 91' lang='lat' dir='ltr'>hoc</span> <span class='ocrx_word' id='word_1_83' title='bbox 505 1111 694 1172; x_wconf 89' lang='lat' dir='ltr'>expauescunt</span> <span class='ocrx_word' id='word_1_84' title='bbox 716 1100 824 1169; x_wconf 83' lang='lat' dir='ltr'>singuli,</span> <span class='ocrx_word' id='word_1_85' title='bbox 839 1101 936 1160; x_wconf 72' lang='lat' dir='ltr'>,nullus</span> <span class='ocrx_word' id='word_1_86' title='bbox 958 1118 1055 1157; x_wconf 91' lang='lat' dir='ltr'>eorum</span> <span class='ocrx_word' id='word_1_87' title='bbox 1076 1105 1131 1159; x_wconf 91' lang='lat' dir='ltr'>hoc</span> <span class='ocrx_word' id='word_1_88' title='bbox 1151 1105 1243 1160; x_wconf 84' lang='lat' dir='ltr'>iacere</span> 
     </span>
     <span class='ocr_line' id='line_1_10' title="bbox 86 1181 1243 1255; baseline 0.006 -20"><span class='ocrx_word' id='word_1_89' title='bbox 86 1182 242 1250; x_wconf 88' lang='lat' dir='ltr'>consensit,</span> <span class='ocrx_word' id='word_1_90' title='bbox 253 1199 311 1237; x_wconf 90' lang='lat' dir='ltr'>non</span> <span class='ocrx_word' id='word_1_91' title='bbox 323 1185 481 1240; x_wconf 85' lang='lat' dir='ltr'>rebellionis</span> <span class='ocrx_word' id='word_1_92' title='bbox 493 1183 639 1255; x_wconf 89' lang='lat' dir='ltr'>proteruia,</span> <span class='ocrx_word' id='word_1_93' title='bbox 650 1193 692 1239; x_wconf 88' lang='lat' dir='ltr'>set</span> <span class='ocrx_word' id='word_1_94' title='bbox 705 1184 811 1250; x_wconf 88' lang='lat' dir='ltr'>timore,</span> <span class='ocrx_word' id='word_1_95' title='bbox 821 1181 953 1238; x_wconf 89' lang='lat' dir='ltr'>nimirum</span> <span class='ocrx_word' id='word_1_96' title='bbox 965 1185 1134 1242; x_wconf 84' lang='lat' dir='ltr'>reuerencia</span> <span class='ocrx_word' id='word_1_97' title='bbox 1161 1189 1243 1242; x_wconf 88' lang='lat' dir='ltr'>Tunc</span> 
     </span>
     <span class='ocr_line' id='line_1_11' title="bbox 88 1263 1289 1340; baseline 0.005 -22"><span class='ocrx_word' id='word_1_98' title='bbox 88 1264 190 1332; x_wconf 90' lang='lat' dir='ltr'>abbas,</span> <span class='ocrx_word' id='word_1_99' title='bbox 210 1263 327 1334; x_wconf 85' lang='lat' dir='ltr'>singulis</span> <span class='ocrx_word' id='word_1_100' title='bbox 346 1265 563 1337; x_wconf 86' lang='lat' dir='ltr'>circumspectis,</span> <span class='ocrx_word' id='word_1_101' title='bbox 579 1284 666 1321; x_wconf 89' lang='lat' dir='ltr'>vmnn</span> <span class='ocrx_word' id='word_1_102' title='bbox 684 1283 780 1321; x_wconf 91' lang='lat' dir='ltr'>eorum</span> <span class='ocrx_word' id='word_1_103' title='bbox 801 1265 916 1321; x_wconf 91' lang='lat' dir='ltr'>nomine</span> <span class='ocrx_word' id='word_1_104' title='bbox 939 1267 1138 1338; x_wconf 89' lang='lat' dir='ltr'>Thurstanum,</span> <span class='ocrx_word' id='word_1_105' title='bbox 1158 1286 1242 1340; x_wconf 89' lang='lat' dir='ltr'>quem</span> <span class='ocrx_word' id='word_1_106' title='bbox 1258 1287 1289 1324; x_wconf 82' lang='grc' dir='ltr'>ιο</span> 
     </span>
     <span class='ocr_line' id='line_1_12' title="bbox 87 1346 1242 1423; baseline 0.007 -23"><span class='ocrx_word' id='word_1_107' title='bbox 87 1363 109 1400; x_wconf 87' lang='lat' dir='ltr'>a</span> <span class='ocrx_word' id='word_1_108' title='bbox 125 1362 214 1416; x_wconf 89' lang='lat' dir='ltr'>puero</span> <span class='ocrx_word' id='word_1_109' title='bbox 230 1346 303 1402; x_wconf 89' lang='lat' dir='ltr'>intra</span> <span class='ocrx_word' id='word_1_110' title='bbox 324 1349 526 1404; x_wconf 89' lang='lat' dir='ltr'>monasterium</span> <span class='ocrx_word' id='word_1_111' title='bbox 544 1349 723 1416; x_wconf 87' lang='lat' dir='ltr'>educauerat,</span> <span class='ocrx_word' id='word_1_112' title='bbox 741 1348 834 1403; x_wconf 82' lang='lat' dir='ltr'>taliter</span> <span class='ocrx_word' id='word_1_113' title='bbox 853 1349 967 1404; x_wconf 82' lang='lat' dir='ltr'>affatur:</span> <span class='ocrx_word' id='word_1_114' title='bbox 990 1351 1053 1405; x_wconf 87' lang='lat' dir='ltr'>‘Tu</span> <span class='ocrx_word' id='word_1_115' title='bbox 1075 1369 1125 1423; x_wconf 90' lang='lat' dir='ltr'>pre</span> <span class='ocrx_word' id='word_1_116' title='bbox 1144 1353 1242 1408; x_wconf 87' lang='lat' dir='ltr'>ceteris</span> 
     </span>
     <span class='ocr_line' id='line_1_13' title="bbox 88 1428 1244 1500; baseline 0.008 -19"><span class='ocrx_word' id='word_1_117' title='bbox 88 1428 260 1498; x_wconf 84' lang='lat' dir='ltr'>peculiarem</span> <span class='ocrx_word' id='word_1_118' title='bbox 276 1430 362 1484; x_wconf 90' lang='lat' dir='ltr'>michi</span> <span class='ocrx_word' id='word_1_119' title='bbox 379 1432 465 1487; x_wconf 91' lang='lat' dir='ltr'>debes</span> <span class='ocrx_word' id='word_1_120' title='bbox 481 1431 693 1487; x_wconf 87' lang='lat' dir='ltr'>obedienciam:</span> <span class='ocrx_word' id='word_1_121' title='bbox 714 1432 818 1486; x_wconf 89' lang='lat' dir='ltr'>accede</span> <span class='ocrx_word' id='word_1_122' title='bbox 834 1429 901 1500; x_wconf 83' lang='lat' dir='ltr'>ergo</span> <span class='ocrx_word' id='word_1_123' title='bbox 914 1433 952 1486; x_wconf 90' lang='lat' dir='ltr'>nil</span> <span class='ocrx_word' id='word_1_124' title='bbox 965 1434 1104 1498; x_wconf 89' lang='lat' dir='ltr'>dubitans,</span> <span class='ocrx_word' id='word_1_125' title='bbox 1117 1434 1244 1490; x_wconf 87' lang='lat' dir='ltr'>animum</span> 
     </span>
     <span class='ocr_line' id='line_1_14' title="bbox 88 1511 1243 1588; baseline 0.006 -22"><span class='ocrx_word' id='word_1_126' title='bbox 88 1511 271 1568; x_wconf 84' lang='lat' dir='ltr'>vacillantem</span> <span class='ocrx_word' id='word_1_127' title='bbox 289 1515 378 1582; x_wconf 85' lang='lat' dir='ltr'>gradu</span> <span class='ocrx_word' id='word_1_128' title='bbox 400 1513 521 1569; x_wconf 78' lang='lat' dir='ltr'>fimriore</span> <span class='ocrx_word' id='word_1_129' title='bbox 540 1513 700 1569; x_wconf 87' lang='lat' dir='ltr'>consolida&#39;</span> <span class='ocrx_word' id='word_1_130' title='bbox 737 1515 819 1568; x_wconf 90' lang='lat' dir='ltr'>Tunc</span> <span class='ocrx_word' id='word_1_131' title='bbox 844 1513 890 1568; x_wconf 93' lang='lat' dir='ltr'>illo</span> <span class='ocrx_word' id='word_1_132' title='bbox 914 1513 989 1570; x_wconf 92' lang='lat' dir='ltr'>beati</span> <span class='ocrx_word' id='word_1_133' title='bbox 1010 1517 1132 1572; x_wconf 91' lang='lat' dir='ltr'>martiris</span> <span class='ocrx_word' id='word_1_134' title='bbox 1156 1519 1243 1588; x_wconf 89' lang='lat' dir='ltr'>pedes</span> 
     </span>
     <span class='ocr_line' id='line_1_15' title="bbox 89 1594 1242 1666; baseline 0.006 -18"><span class='ocrx_word' id='word_1_135' title='bbox 89 1594 195 1650; x_wconf 87' lang='lat' dir='ltr'>annisu</span> <span class='ocrx_word' id='word_1_136' title='bbox 209 1613 265 1666; x_wconf 91' lang='lat' dir='ltr'>quo</span> <span class='ocrx_word' id='word_1_137' title='bbox 282 1597 394 1652; x_wconf 90' lang='lat' dir='ltr'>valebat</span> <span class='ocrx_word' id='word_1_138' title='bbox 413 1597 594 1666; x_wconf 85' lang='lat' dir='ltr'>astringente,</span> <span class='ocrx_word' id='word_1_139' title='bbox 614 1596 703 1651; x_wconf 89' lang='lat' dir='ltr'>abbas</span> <span class='ocrx_word' id='word_1_140' title='bbox 722 1596 839 1650; x_wconf 89' lang='lat' dir='ltr'>alteram</span> <span class='ocrx_word' id='word_1_141' title='bbox 860 1596 961 1652; x_wconf 90' lang='lat' dir='ltr'>ceruici</span> <span class='ocrx_word' id='word_1_142' title='bbox 982 1598 1112 1665; x_wconf 82' lang='lat' dir='ltr'>martiris,</span> <span class='ocrx_word' id='word_1_143' title='bbox 1128 1601 1242 1655; x_wconf 89' lang='lat' dir='ltr'>alteram</span> 
     </span>
     <span class='ocr_line' id='line_1_16' title="bbox 89 1677 1288 1752; baseline 0.004 -20"><span class='ocrx_word' id='word_1_144' title='bbox 89 1689 189 1733; x_wconf 91' lang='lat' dir='ltr'>mento</span> <span class='ocrx_word' id='word_1_145' title='bbox 214 1696 375 1749; x_wconf 90' lang='lat' dir='ltr'>supponens</span> <span class='ocrx_word' id='word_1_146' title='bbox 398 1697 521 1748; x_wconf 88' lang='lat' dir='ltr'>manum,</span> <span class='ocrx_word' id='word_1_147' title='bbox 536 1688 615 1734; x_wconf 88' lang='lat' dir='ltr'>tanto</span> <span class='ocrx_word' id='word_1_148' title='bbox 633 1678 716 1734; x_wconf 88' lang='lat' dir='ltr'>traxit</span> <span class='ocrx_word' id='word_1_149' title='bbox 734 1677 848 1748; x_wconf 90' lang='lat' dir='ltr'>impetu,</span> <span class='ocrx_word' id='word_1_150' title='bbox 866 1687 896 1732; x_wconf 84' lang='lat' dir='ltr'>vt</span> <span class='ocrx_word' id='word_1_151' title='bbox 914 1679 1043 1735; x_wconf 90' lang='lat' dir='ltr'>ediuerso</span> <span class='ocrx_word' id='word_1_152' title='bbox 1059 1683 1244 1736; x_wconf 86' lang='lat' dir='ltr'>reluctantem</span> <span class='ocrx_word' id='word_1_153' title='bbox 1259 1701 1288 1752; x_wconf 84' lang='lat'>¹⁵</span> 
     </span>
     <span class='ocr_line' id='line_1_17' title="bbox 90 1761 1245 1833; baseline 0.003 -19"><span class='ocrx_word' id='word_1_154' title='bbox 90 1771 158 1832; x_wconf 91' lang='lat' dir='ltr'>post</span> <span class='ocrx_word' id='word_1_155' title='bbox 178 1761 398 1817; x_wconf 90' lang='lat' dir='ltr'>sacratissimum</span> <span class='ocrx_word' id='word_1_156' title='bbox 421 1779 523 1832; x_wconf 85' lang='lat' dir='ltr'>corpus</span> <span class='ocrx_word' id='word_1_157' title='bbox 542 1761 686 1816; x_wconf 90' lang='lat' dir='ltr'>inclinaret</span> <span class='ocrx_word' id='word_1_158' title='bbox 710 1771 737 1815; x_wconf 90' lang='lat' dir='ltr'>et</span> <span class='ocrx_word' id='word_1_159' title='bbox 759 1761 935 1816; x_wconf 88' lang='lat' dir='ltr'>monachum.</span> <span class='ocrx_word' id='word_1_160' title='bbox 973 1761 1076 1832; x_wconf 81' lang='lat' dir='ltr'>Sisque</span> <span class='ocrx_word' id='word_1_161' title='bbox 1097 1773 1181 1833; x_wconf 92' lang='lat' dir='ltr'>caput</span> <span class='ocrx_word' id='word_1_162' title='bbox 1205 1763 1245 1818; x_wconf 85' lang='lat' dir='ltr'>ita</span> 
     </span>
     <span class='ocr_line' id='line_1_18' title="bbox 91 1843 1245 1916; baseline 0.002 -18"><span class='ocrx_word' id='word_1_163' title='bbox 91 1843 210 1900; x_wconf 86' lang='lat' dir='ltr'>firmiter</span> <span class='ocrx_word' id='word_1_164' title='bbox 233 1844 378 1900; x_wconf 89' lang='lat' dir='ltr'>inuentum</span> <span class='ocrx_word' id='word_1_165' title='bbox 408 1855 451 1901; x_wconf 89' lang='lat' dir='ltr'>est</span> <span class='ocrx_word' id='word_1_166' title='bbox 475 1845 582 1900; x_wconf 90' lang='lat' dir='ltr'>vnitum</span> <span class='ocrx_word' id='word_1_167' title='bbox 610 1843 717 1914; x_wconf 88' lang='lat' dir='ltr'>corpori</span> <span class='ocrx_word' id='word_1_168' title='bbox 740 1843 801 1898; x_wconf 86' lang='lat' dir='ltr'>acsi</span> <span class='ocrx_word' id='word_1_169' title='bbox 824 1845 901 1898; x_wconf 88' lang='lat' dir='ltr'>nullo</span> <span class='ocrx_word' id='word_1_170' title='bbox 925 1844 997 1898; x_wconf 80' lang='lat' dir='ltr'>ferro</span> <span class='ocrx_word' id='word_1_171' title='bbox 1021 1844 1245 1916; x_wconf 88' lang='lat' dir='ltr'>percuciencium</span> 
     </span>
     <span class='ocr_line' id='line_1_19' title="bbox 90 1925 1245 2000; baseline -0.001 -16"><span class='ocrx_word' id='word_1_172' title='bbox 90 1937 200 1984; x_wconf 85' lang='lat' dir='ltr'>tactum</span> <span class='ocrx_word' id='word_1_173' title='bbox 212 1939 295 1996; x_wconf 90' lang='lat' dir='ltr'>esset,</span> <span class='ocrx_word' id='word_1_174' title='bbox 307 1928 361 1984; x_wconf 89' lang='lat' dir='ltr'>nisi</span> <span class='ocrx_word' id='word_1_175' title='bbox 374 1929 448 2000; x_wconf 93' lang='lat' dir='ltr'>quod</span> <span class='ocrx_word' id='word_1_176' title='bbox 461 1928 582 2000; x_wconf 86' lang='lat' dir='ltr'>quedam</span> <span class='ocrx_word' id='word_1_177' title='bbox 598 1925 712 1982; x_wconf 87' lang='lat' dir='ltr'>cicatrix</span> <span class='ocrx_word' id='word_1_178' title='bbox 723 1925 803 1997; x_wconf 88' lang='lat' dir='ltr'>quasi</span> <span class='ocrx_word' id='word_1_179' title='bbox 816 1925 844 1980; x_wconf 88' lang='lat' dir='ltr'>in</span> <span class='ocrx_word' id='word_1_180' title='bbox 856 1927 971 1980; x_wconf 90' lang='lat' dir='ltr'>modum</span> <span class='ocrx_word' id='word_1_181' title='bbox 985 1925 1023 1980; x_wconf 87' lang='lat' dir='ltr'>fili</span> <span class='ocrx_word' id='word_1_182' title='bbox 1036 1928 1158 1982; x_wconf 90' lang='lat' dir='ltr'>coccinei</span> <span class='ocrx_word' id='word_1_183' title='bbox 1170 1928 1245 1984; x_wconf 85' lang='lat' dir='ltr'>circa</span> 
     </span>
     <span class='ocr_line' id='line_1_20' title="bbox 91 2009 1245 2082; baseline 0 -17"><span class='ocrx_word' id='word_1_184' title='bbox 91 2011 196 2066; x_wconf 90' lang='lat' dir='ltr'>collum</span> <span class='ocrx_word' id='word_1_185' title='bbox 220 2013 322 2066; x_wconf 86' lang='lat' dir='ltr'>rubens</span> <span class='ocrx_word' id='word_1_186' title='bbox 345 2011 482 2082; x_wconf 89' lang='lat' dir='ltr'>apparuit.</span> <span class='ocrx_word' id='word_1_187' title='bbox 528 2013 596 2066; x_wconf 86' lang='lat' dir='ltr'>Post</span> <span class='ocrx_word' id='word_1_188' title='bbox 619 2011 673 2065; x_wconf 90' lang='lat' dir='ltr'>bec</span> <span class='ocrx_word' id='word_1_189' title='bbox 696 2010 786 2064; x_wconf 87' lang='lat' dir='ltr'>abbas</span> <span class='ocrx_word' id='word_1_190' title='bbox 810 2009 989 2064; x_wconf 89' lang='lat' dir='ltr'>vehementer</span> <span class='ocrx_word' id='word_1_191' title='bbox 1013 2010 1192 2080; x_wconf 78' lang='lat' dir='ltr'>stupefactus,</span> <span class='ocrx_word' id='word_1_192' title='bbox 1216 2019 1245 2065; x_wconf 92' lang='lat' dir='ltr'>et</span> 
     </span>
     <span class='ocr_line' id='line_1_21' title="bbox 90 2091 1291 2164; baseline -0.005 -16"><span class='ocrx_word' id='word_1_193' title='bbox 90 2093 255 2164; x_wconf 88' lang='lat' dir='ltr'>percuciens</span> <span class='ocrx_word' id='word_1_194' title='bbox 274 2112 322 2150; x_wconf 91' lang='lat' dir='ltr'>cor</span> <span class='ocrx_word' id='word_1_195' title='bbox 342 2111 432 2164; x_wconf 89' lang='lat' dir='ltr'>suum,</span> <span class='ocrx_word' id='word_1_196' title='bbox 448 2095 589 2150; x_wconf 79' lang='lat' dir='ltr'>exhorruit</span> <span class='ocrx_word' id='word_1_197' title='bbox 610 2094 722 2148; x_wconf 84' lang='lat' dir='ltr'>sactum.</span> <span class='ocrx_word' id='word_1_198' title='bbox 760 2093 827 2146; x_wconf 93' lang='lat' dir='ltr'>Non</span> <span class='ocrx_word' id='word_1_199' title='bbox 848 2091 923 2146; x_wconf 85' lang='lat' dir='ltr'>enirn</span> <span class='ocrx_word' id='word_1_200' title='bbox 945 2092 982 2146; x_wconf 91' lang='lat' dir='ltr'>ad</span> <span class='ocrx_word' id='word_1_201' title='bbox 1001 2092 1183 2148; x_wconf 90' lang='lat' dir='ltr'>distrahenda</span> <span class='ocrx_word' id='word_1_202' title='bbox 1201 2094 1245 2148; x_wconf 89' lang='lat' dir='ltr'>vel</span> <span class='ocrx_word' id='word_1_203' title='bbox 1259 2107 1291 2143; x_wconf 80' lang='lat' dir='ltr'>ro</span> 
     </span>
     <span class='ocr_line' id='line_1_22' title="bbox 92 2173 1245 2239; baseline -0.001 -7"><span class='ocrx_word' id='word_1_204' title='bbox 92 2177 277 2233; x_wconf 90' lang='lat' dir='ltr'>diuaricanda</span> <span class='ocrx_word' id='word_1_205' title='bbox 297 2179 452 2233; x_wconf 86' lang='lat' dir='ltr'>reuerenda</span> <span class='ocrx_word' id='word_1_206' title='bbox 471 2177 551 2233; x_wconf 92' lang='lat' dir='ltr'>testis</span> <span class='ocrx_word' id='word_1_207' title='bbox 570 2175 673 2232; x_wconf 87' lang='lat' dir='ltr'>Christi</span> <span class='ocrx_word' id='word_1_208' title='bbox 693 2175 828 2239; x_wconf 86' lang='lat' dir='ltr'>membra,</span> <span class='ocrx_word' id='word_1_209' title='bbox 850 2185 892 2229; x_wconf 86' lang='lat' dir='ltr'>set</span> <span class='ocrx_word' id='word_1_210' title='bbox 912 2173 950 2228; x_wconf 87' lang='lat' dir='ltr'>ad</span> <span class='ocrx_word' id='word_1_211' title='bbox 975 2175 1138 2230; x_wconf 87' lang='lat' dir='ltr'>honoranda</span> <span class='ocrx_word' id='word_1_212' title='bbox 1155 2176 1245 2231; x_wconf 84' lang='lat' dir='ltr'>iuerat</span> 
     </span>
     <span class='ocr_line' id='line_1_23' title="bbox 92 2257 1245 2332; baseline -0.003 -17"><span class='ocrx_word' id='word_1_213' title='bbox 92 2261 237 2317; x_wconf 87' lang='lat' dir='ltr'>inuitatus.</span> <span class='ocrx_word' id='word_1_214' title='bbox 276 2261 399 2332; x_wconf 93' lang='lat' dir='ltr'>ldeoque</span> <span class='ocrx_word' id='word_1_215' title='bbox 412 2259 506 2315; x_wconf 87' lang='lat' dir='ltr'>statim</span> <span class='ocrx_word' id='word_1_216' title='bbox 519 2277 617 2314; x_wconf 88' lang='lat' dir='ltr'>manus</span> <span class='ocrx_word' id='word_1_217' title='bbox 629 2259 690 2314; x_wconf 92' lang='lat' dir='ltr'>eius</span> <span class='ocrx_word' id='word_1_218' title='bbox 702 2269 818 2328; x_wconf 90' lang='lat' dir='ltr'>vtraque</span> <span class='ocrx_word' id='word_1_219' title='bbox 830 2257 1011 2323; x_wconf 89' lang='lat' dir='ltr'>contrahitur,</span> <span class='ocrx_word' id='word_1_220' title='bbox 1021 2257 1096 2312; x_wconf 89' lang='lat' dir='ltr'>acies</span> <span class='ocrx_word' id='word_1_221' title='bbox 1109 2257 1245 2313; x_wconf 90' lang='lat' dir='ltr'>luminum</span> 
     </span>
     <span class='ocr_line' id='line_1_24' title="bbox 93 2341 1245 2413; baseline -0.003 -15"><span class='ocrx_word' id='word_1_222' title='bbox 93 2343 217 2400; x_wconf 89' lang='lat' dir='ltr'>tenebris</span> <span class='ocrx_word' id='word_1_223' title='bbox 237 2344 392 2411; x_wconf 89' lang='lat' dir='ltr'>obducitur,</span> <span class='ocrx_word' id='word_1_224' title='bbox 414 2343 509 2413; x_wconf 79' lang='lat' dir='ltr'>lingua</span> <span class='ocrx_word' id='word_1_225' title='bbox 526 2342 668 2413; x_wconf 89' lang='lat' dir='ltr'>torpescit,</span> <span class='ocrx_word' id='word_1_226' title='bbox 687 2341 785 2412; x_wconf 92' lang='lat' dir='ltr'>suique</span> <span class='ocrx_word' id='word_1_227' title='bbox 799 2341 917 2395; x_wconf 90' lang='lat' dir='ltr'>docetur</span> <span class='ocrx_word' id='word_1_228' title='bbox 937 2342 1065 2411; x_wconf 90' lang='lat' dir='ltr'>exemplo</span> <span class='ocrx_word' id='word_1_229' title='bbox 1083 2357 1169 2412; x_wconf 83' lang='lat' dir='ltr'>quarn</span> <span class='ocrx_word' id='word_1_230' title='bbox 1185 2341 1245 2412; x_wconf 92' lang='lat' dir='ltr'>pia·</span> 
     </span>
     <span class='ocr_line' id='line_1_25' title="bbox 93 2423 1245 2496; baseline -0.003 -14"><span class='ocrx_word' id='word_1_231' title='bbox 93 2429 188 2482; x_wconf 90' lang='lat' dir='ltr'>culare</span> <span class='ocrx_word' id='word_1_232' title='bbox 212 2427 294 2482; x_wconf 85' lang='lat' dir='ltr'>luerit</span> <span class='ocrx_word' id='word_1_233' title='bbox 310 2426 451 2496; x_wconf 84' lang='lat' dir='ltr'>flagicium</span> <span class='ocrx_word' id='word_1_234' title='bbox 471 2443 555 2496; x_wconf 89' lang='lat' dir='ltr'>super</span> <span class='ocrx_word' id='word_1_235' title='bbox 573 2425 627 2480; x_wconf 90' lang='lat' dir='ltr'>hiis</span> <span class='ocrx_word' id='word_1_236' title='bbox 644 2425 796 2480; x_wconf 88' lang='lat' dir='ltr'>dubitasse.</span> <span class='ocrx_word' id='word_1_237' title='bbox 834 2424 965 2478; x_wconf 89' lang='lat' dir='ltr'>Ceterum</span> <span class='ocrx_word' id='word_1_238' title='bbox 986 2423 1057 2479; x_wconf 92' lang='lat' dir='ltr'>sicut</span> <span class='ocrx_word' id='word_1_239' title='bbox 1075 2425 1186 2480; x_wconf 91' lang='lat' dir='ltr'>Thome</span> <span class='ocrx_word' id='word_1_240' title='bbox 1202 2424 1245 2478; x_wconf 92' lang='lat' dir='ltr'>in·</span> 
     </span>
     <span class='ocr_line' id='line_1_26' title="bbox 93 2505 1290 2576; baseline -0.002 -12"><span class='ocrx_word' id='word_1_241' title='bbox 93 2509 214 2564; x_wconf 86' lang='lat' dir='ltr'>fidelitas</span> <span class='ocrx_word' id='word_1_242' title='bbox 226 2509 311 2564; x_wconf 84' lang='lat' dir='ltr'>fidem</span> <span class='ocrx_word' id='word_1_243' title='bbox 323 2508 441 2564; x_wconf 90' lang='lat' dir='ltr'>ecclesie</span> <span class='ocrx_word' id='word_1_244' title='bbox 451 2509 619 2575; x_wconf 87' lang='lat' dir='ltr'>corroborat,</span> <span class='ocrx_word' id='word_1_245' title='bbox 628 2507 667 2562; x_wconf 92' lang='lat' dir='ltr'>sic</span> <span class='ocrx_word' id='word_1_246' title='bbox 681 2518 709 2562; x_wconf 92' lang='lat' dir='ltr'>et</span> <span class='ocrx_word' id='word_1_247' title='bbox 722 2507 803 2561; x_wconf 90' lang='lat' dir='ltr'>huius</span> <span class='ocrx_word' id='word_1_248' title='bbox 815 2506 927 2562; x_wconf 86' lang='lat' dir='ltr'>abbatis</span> <span class='ocrx_word' id='word_1_249' title='bbox 940 2505 1084 2563; x_wconf 81' lang='lat' dir='ltr'>dubitacio</span> <span class='ocrx_word' id='word_1_250' title='bbox 1096 2508 1245 2563; x_wconf 91' lang='lat' dir='ltr'>multorum</span> <span class='ocrx_word' id='word_1_251' title='bbox 1260 2525 1290 2576; x_wconf 81' lang='lat'>²5</span> 
     </span>
     <span class='ocr_line' id='line_1_27' title="bbox 92 2589 1242 2662; baseline 0 -16"><span class='ocrx_word' id='word_1_252' title='bbox 92 2591 323 2662; x_wconf 86' lang='lat' dir='ltr'>blasphemorum</span> <span class='ocrx_word' id='word_1_253' title='bbox 340 2591 464 2647; x_wconf 90' lang='lat' dir='ltr'>retundit</span> <span class='ocrx_word' id='word_1_254' title='bbox 480 2590 646 2661; x_wconf 84' lang='lat' dir='ltr'>perfidiam:</span> <span class='ocrx_word' id='word_1_255' title='bbox 666 2589 735 2644; x_wconf 92' lang='lat' dir='ltr'>dum</span> <span class='ocrx_word' id='word_1_256' title='bbox 749 2589 825 2644; x_wconf 92' lang='lat' dir='ltr'>enim</span> <span class='ocrx_word' id='word_1_257' title='bbox 842 2589 976 2645; x_wconf 89' lang='lat' dir='ltr'>audacter</span> <span class='ocrx_word' id='word_1_258' title='bbox 994 2589 1087 2646; x_wconf 89' lang='lat' dir='ltr'>intulit</span> <span class='ocrx_word' id='word_1_259' title='bbox 1107 2591 1167 2661; x_wconf 91' lang='lat' dir='ltr'>ipse</span> <span class='ocrx_word' id='word_1_260' title='bbox 1188 2590 1242 2646; x_wconf 90' lang='lat' dir='ltr'>sibi</span> 
     </span>
     <span class='ocr_line' id='line_1_28' title="bbox 93 2672 1247 2746; baseline -0.003 -16"><span class='ocrx_word' id='word_1_261' title='bbox 93 2675 255 2746; x_wconf 89' lang='lat' dir='ltr'>perniciem,</span> <span class='ocrx_word' id='word_1_262' title='bbox 273 2692 308 2730; x_wconf 80' lang='lat' dir='ltr'>ex</span> <span class='ocrx_word' id='word_1_263' title='bbox 326 2673 443 2730; x_wconf 87' lang='lat' dir='ltr'>aliorum</span> <span class='ocrx_word' id='word_1_264' title='bbox 463 2673 594 2729; x_wconf 89' lang='lat' dir='ltr'>cordibus</span> <span class='ocrx_word' id='word_1_265' title='bbox 613 2673 799 2743; x_wconf 87' lang='lat' dir='ltr'>dampnosam</span> <span class='ocrx_word' id='word_1_266' title='bbox 818 2672 882 2727; x_wconf 89' lang='lat' dir='ltr'>fidei</span> <span class='ocrx_word' id='word_1_267' title='bbox 907 2673 1060 2742; x_wconf 87' lang='lat' dir='ltr'>segnicietn</span> <span class='ocrx_word' id='word_1_268' title='bbox 1083 2674 1247 2729; x_wconf 90' lang='lat' dir='ltr'>eradicauit.</span> 
     </span>
     <span class='ocr_line' id='line_1_29' title="bbox 93 2754 1247 2827; baseline -0.001 -15"><span class='ocrx_word' id='word_1_269' title='bbox 93 2759 176 2812; x_wconf 86' lang='lat' dir='ltr'>Tunc</span> <span class='ocrx_word' id='word_1_270' title='bbox 195 2757 294 2812; x_wconf 84' lang='lat' dir='ltr'>fratres</span> <span class='ocrx_word' id='word_1_271' title='bbox 314 2755 521 2812; x_wconf 89' lang='lat' dir='ltr'>sanctissimum</span> <span class='ocrx_word' id='word_1_272' title='bbox 540 2771 649 2826; x_wconf 89' lang='lat' dir='ltr'>corpus,</span> <span class='ocrx_word' id='word_1_273' title='bbox 667 2754 831 2809; x_wconf 89' lang='lat' dir='ltr'>reuestitum</span> <span class='ocrx_word' id='word_1_274' title='bbox 852 2754 932 2810; x_wconf 89' lang='lat' dir='ltr'>nouis</span> <span class='ocrx_word' id='word_1_275' title='bbox 951 2756 1051 2827; x_wconf 90' lang='lat' dir='ltr'>quibus</span> <span class='ocrx_word' id='word_1_276' title='bbox 1069 2758 1247 2826; x_wconf 91' lang='lat' dir='ltr'>competebat</span> 
     </span>
     <span class='ocr_line' id='line_1_30' title="bbox 94 2836 1247 2909; baseline -0.001 -14"><span class='ocrx_word' id='word_1_277' title='bbox 94 2840 227 2909; x_wconf 90' lang='lat' dir='ltr'>induuiis,</span> <span class='ocrx_word' id='word_1_278' title='bbox 236 2840 264 2894; x_wconf 89' lang='lat' dir='ltr'>in</span> <span class='ocrx_word' id='word_1_279' title='bbox 274 2841 371 2895; x_wconf 91' lang='lat' dir='ltr'>locello</span> <span class='ocrx_word' id='word_1_280' title='bbox 380 2856 445 2894; x_wconf 90' lang='lat' dir='ltr'>cum</span> <span class='ocrx_word' id='word_1_281' title='bbox 454 2837 530 2894; x_wconf 90' lang='lat' dir='ltr'>omni</span> <span class='ocrx_word' id='word_1_282' title='bbox 539 2838 699 2894; x_wconf 81' lang='lat' dir='ltr'>reuerentia</span> <span class='ocrx_word' id='word_1_283' title='bbox 709 2848 738 2894; x_wconf 90' lang='lat' dir='ltr'>et</span> <span class='ocrx_word' id='word_1_284' title='bbox 747 2836 900 2892; x_wconf 90' lang='lat' dir='ltr'>deuocione</span> <span class='ocrx_word' id='word_1_285' title='bbox 908 2851 1098 2909; x_wconf 88' lang='lat' dir='ltr'>reposuerunt.</span> <span class='ocrx_word' id='word_1_286' title='bbox 1120 2837 1247 2894; x_wconf 77' lang='lat' dir='ltr'>Exuuie²</span> 
     </span>
     <span class='ocr_line' id='line_1_31' title="bbox 94 2921 1293 2992; baseline 0 -14"><span class='ocrx_word' id='word_1_287' title='bbox 94 2941 162 2980; x_wconf 88' lang='lat' dir='ltr'>vero</span> <span class='ocrx_word' id='word_1_288' title='bbox 193 2922 315 2978; x_wconf 86' lang='lat' dir='ltr'>martiris</span> <span class='ocrx_word' id='word_1_289' title='bbox 342 2922 370 2977; x_wconf 93' lang='lat' dir='ltr'>in</span> <span class='ocrx_word' id='word_1_290' title='bbox 400 2921 552 2990; x_wconf 80' lang='lat' dir='ltr'>seruatorio</span> <span class='ocrx_word' id='word_1_291' title='bbox 578 2921 774 2988; x_wconf 89' lang='lat' dir='ltr'>reconduntur,</span> <span class='ocrx_word' id='word_1_292' title='bbox 799 2937 862 2975; x_wconf 90' lang='lat' dir='ltr'>cum</span> <span class='ocrx_word' id='word_1_293' title='bbox 894 2921 1084 2990; x_wconf 88' lang='lat' dir='ltr'>philacteriis;</span> <span class='ocrx_word' id='word_1_294' title='bbox 1112 2923 1186 2977; x_wconf 89' lang='lat' dir='ltr'>vnde</span> <span class='ocrx_word' id='word_1_295' title='bbox 1210 2922 1247 2977; x_wconf 93' lang='lat' dir='ltr'>de</span> <span class='ocrx_word' id='word_1_296' title='bbox 1260 2943 1293 2992; x_wconf 80' lang='lat'>30</span> 
     </span>
     <span class='ocr_line' id='line_1_32' title="bbox 95 3002 1248 3075; baseline -0.005 -11"><span class='ocrx_word' id='word_1_297' title='bbox 95 3007 219 3064; x_wconf 83' lang='lat' dir='ltr'>sacrario</span> <span class='ocrx_word' id='word_1_298' title='bbox 247 3005 404 3061; x_wconf 90' lang='lat' dir='ltr'>diuinitatis</span> <span class='ocrx_word' id='word_1_299' title='bbox 434 3015 528 3075; x_wconf 87' lang='lat' dir='ltr'>presto</span> <span class='ocrx_word' id='word_1_300' title='bbox 558 3014 623 3059; x_wconf 88' lang='lat' dir='ltr'>sunt</span> <span class='ocrx_word' id='word_1_301' title='bbox 651 3003 788 3058; x_wconf 86' lang='lat' dir='ltr'>beneficis</span> <span class='ocrx_word' id='word_1_302' title='bbox 817 3002 920 3058; x_wconf 87' lang='lat' dir='ltr'>multis.</span> <span class='ocrx_word' id='word_1_303' title='bbox 972 3004 1051 3058; x_wconf 85' lang='lat' dir='ltr'>Will.</span> <span class='ocrx_word' id='word_1_304' title='bbox 1078 3003 1126 3057; x_wconf 84' lang='lat' dir='ltr'>lib.</span> <span class='ocrx_word' id='word_1_305' title='bbox 1155 3010 1186 3058; x_wconf 86' lang='lat'>2⁰</span> <span class='ocrx_word' id='word_1_306' title='bbox 1213 3005 1248 3058; x_wconf 75' lang='lat' dir='ltr'>de</span> 
     </span>
     <span class='ocr_line' id='line_1_33' title="bbox 90 3085 1247 3163; baseline -0.004 -18"><span class='ocrx_word' id='word_1_307' title='bbox 90 3097 163 3163; x_wconf 80' lang='lat' dir='ltr'>gest.</span> <span class='ocrx_word' id='word_1_308' title='bbox 181 3093 264 3160; x_wconf 71' lang='lat' dir='ltr'>pont.</span> <span class='ocrx_word' id='word_1_309' title='bbox 288 3091 388 3145; x_wconf 87' lang='lat' dir='ltr'>Abbas</span> <span class='ocrx_word' id='word_1_310' title='bbox 411 3097 506 3143; x_wconf 90' lang='lat' dir='ltr'>autem</span> <span class='ocrx_word' id='word_1_311' title='bbox 530 3105 625 3156; x_wconf 85' lang='lat' dir='ltr'>regern</span> <span class='ocrx_word' id='word_1_312' title='bbox 649 3087 821 3142; x_wconf 88' lang='lat' dir='ltr'>Edwardum</span> <span class='ocrx_word' id='word_1_313' title='bbox 844 3103 895 3155; x_wconf 88' lang='lat' dir='ltr'>per</span> <span class='ocrx_word' id='word_1_314' title='bbox 918 3085 1036 3141; x_wconf 84' lang='lat' dir='ltr'>nuncios</span> <span class='ocrx_word' id='word_1_315' title='bbox 1061 3086 1192 3141; x_wconf 89' lang='lat' dir='ltr'>conuenit</span> <span class='ocrx_word' id='word_1_316' title='bbox 1217 3096 1247 3140; x_wconf 93' lang='lat' dir='ltr'>ut</span> 
     </span>
     <span class='ocr_line' id='line_1_34' title="bbox 96 3165 1248 3237; baseline -0.003 -9"><span class='ocrx_word' id='word_1_317' title='bbox 96 3173 150 3228; x_wconf 91' lang='lat' dir='ltr'>sibi</span> <span class='ocrx_word' id='word_1_318' title='bbox 165 3173 306 3227; x_wconf 90' lang='lat' dir='ltr'>medicum</span> <span class='ocrx_word' id='word_1_319' title='bbox 324 3170 454 3226; x_wconf 90' lang='lat' dir='ltr'>mitteret.</span> <span class='ocrx_word' id='word_1_320' title='bbox 494 3169 544 3224; x_wconf 88' lang='lat' dir='ltr'>Ille</span> <span class='ocrx_word' id='word_1_321' title='bbox 558 3169 732 3224; x_wconf 88' lang='lat' dir='ltr'>Baldwinum</span> <span class='ocrx_word' id='word_1_322' title='bbox 745 3167 835 3223; x_wconf 87' lang='lat' dir='ltr'>sancti</span> <span class='ocrx_word' id='word_1_323' title='bbox 849 3165 970 3223; x_wconf 92' lang='lat' dir='ltr'>Dionisii</span> <span class='ocrx_word' id='word_1_324' title='bbox 988 3170 1166 3237; x_wconf 90' lang='lat' dir='ltr'>monachum,</span> <span class='ocrx_word' id='word_1_325' title='bbox 1179 3169 1248 3224; x_wconf 88' lang='lat' dir='ltr'>artis</span> 
     </span>
     <span class='ocr_line' id='line_1_35' title="bbox 95 3249 1247 3325; baseline -0.003 -15"><span class='ocrx_word' id='word_1_326' title='bbox 95 3255 236 3311; x_wconf 90' lang='lat' dir='ltr'>medicine</span> <span class='ocrx_word' id='word_1_327' title='bbox 254 3254 382 3325; x_wconf 88' lang='lat' dir='ltr'>peritum,</span> <span class='ocrx_word' id='word_1_328' title='bbox 395 3251 502 3307; x_wconf 78' lang='lat' dir='ltr'>direxit</span> <span class='ocrx_word' id='word_1_329' title='bbox 539 3250 594 3322; x_wconf 89' lang='lat' dir='ltr'>Qui</span> <span class='ocrx_word' id='word_1_330' title='bbox 615 3267 729 3306; x_wconf 88' lang='lat' dir='ltr'>causam</span> <span class='ocrx_word' id='word_1_331' title='bbox 746 3250 835 3306; x_wconf 88' lang='lat' dir='ltr'>morbi</span> <span class='ocrx_word' id='word_1_332' title='bbox 855 3267 873 3306; x_wconf 90' lang='lat' dir='ltr'>a</span> <span class='ocrx_word' id='word_1_333' title='bbox 895 3249 1046 3307; x_wconf 88' lang='lat' dir='ltr'>scientibus</span> <span class='ocrx_word' id='word_1_334' title='bbox 1071 3252 1197 3321; x_wconf 88' lang='lat' dir='ltr'>edoctus,</span> <span class='ocrx_word' id='word_1_335' title='bbox 1218 3253 1247 3306; x_wconf 90' lang='lat' dir='ltr'>in</span> 
     </span>
     <span class='ocr_line' id='line_1_36' title="bbox 95 3333 1292 3407; baseline -0.003 -14"><span class='ocrx_word' id='word_1_336' title='bbox 95 3337 244 3393; x_wconf 88' lang='lat' dir='ltr'>curacione</span> <span class='ocrx_word' id='word_1_337' title='bbox 262 3336 383 3391; x_wconf 88' lang='lat' dir='ltr'>maxime</span> <span class='ocrx_word' id='word_1_338' title='bbox 403 3335 553 3405; x_wconf 82' lang='lat' dir='ltr'>digitorum</span> <span class='ocrx_word' id='word_1_339' title='bbox 574 3333 715 3388; x_wconf 88' lang='lat' dir='ltr'>modicum</span> <span class='ocrx_word' id='word_1_340' title='bbox 740 3333 1005 3404; x_wconf 75' lang='lat' dir='ltr'>proluit-Diutino</span> <span class='ocrx_word' id='word_1_341' title='bbox 1021 3334 1104 3404; x_wconf 83' lang='lat' dir='ltr'>igitur</span> <span class='ocrx_word' id='word_1_342' title='bbox 1123 3335 1186 3390; x_wconf 90' lang='lat' dir='ltr'>talis</span> <span class='ocrx_word' id='word_1_343' title='bbox 1205 3335 1248 3390; x_wconf 89' lang='lat' dir='ltr'>in·</span> <span class='ocrx_word' id='word_1_344' title='bbox 1261 3355 1292 3407; x_wconf 77' lang='lat'>35</span> 
     </span>
     <span class='ocr_line' id='line_1_37' title="bbox 96 3415 1247 3490; baseline -0.001 -15"><span class='ocrx_word' id='word_1_345' title='bbox 96 3417 267 3490; x_wconf 88' lang='lat' dir='ltr'>com[m]odi</span> <span class='ocrx_word' id='word_1_346' title='bbox 282 3417 393 3489; x_wconf 82' lang='lat' dir='ltr'>flagello</span> <span class='ocrx_word' id='word_1_347' title='bbox 410 3427 567 3472; x_wconf 86' lang='lat' dir='ltr'>correctns:</span> <span class='ocrx_word' id='word_1_348' title='bbox 592 3417 693 3472; x_wconf 90' lang='lat' dir='ltr'>eodem</span> <span class='ocrx_word' id='word_1_349' title='bbox 707 3415 754 3487; x_wconf 91' lang='lat' dir='ltr'>qui</span> <span class='ocrx_word' id='word_1_350' title='bbox 776 3427 952 3487; x_wconf 88' lang='lat' dir='ltr'>percusserat</span> <span class='ocrx_word' id='word_1_351' title='bbox 966 3419 1106 3487; x_wconf 91' lang='lat' dir='ltr'>medente,</span> <span class='ocrx_word' id='word_1_352' title='bbox 1122 3419 1247 3489; x_wconf 88' lang='lat' dir='ltr'>linguam</span> 
     </span>
     <span class='ocr_line' id='line_1_38' title="bbox 97 3497 1247 3572; baseline -0.001 -14"><span class='ocrx_word' id='word_1_353' title='bbox 97 3503 202 3572; x_wconf 89' lang='lat' dir='ltr'>recepit</span> <span class='ocrx_word' id='word_1_354' title='bbox 223 3512 251 3557; x_wconf 89' lang='lat' dir='ltr'>et</span> <span class='ocrx_word' id='word_1_355' title='bbox 271 3503 385 3568; x_wconf 89' lang='lat' dir='ltr'>oculos;</span> <span class='ocrx_word' id='word_1_356' title='bbox 416 3510 459 3555; x_wconf 91' lang='lat' dir='ltr'>set</span> <span class='ocrx_word' id='word_1_357' title='bbox 480 3499 508 3554; x_wconf 93' lang='lat' dir='ltr'>in</span> <span class='ocrx_word' id='word_1_358' title='bbox 528 3497 717 3553; x_wconf 85' lang='lat' dir='ltr'>testimonium</span> <span class='ocrx_word' id='word_1_359' title='bbox 739 3500 970 3570; x_wconf 87' lang='lat' dir='ltr'>presumpcionis‚</span> <span class='ocrx_word' id='word_1_360' title='bbox 992 3518 1080 3572; x_wconf 90' lang='lat' dir='ltr'>vsque</span> <span class='ocrx_word' id='word_1_361' title='bbox 1100 3502 1138 3557; x_wconf 90' lang='lat' dir='ltr'>ad</span> <span class='ocrx_word' id='word_1_362' title='bbox 1162 3501 1247 3557; x_wconf 87' lang='lat' dir='ltr'>finem</span> 
     </span>
     <span class='ocr_line' id='line_1_39' title="bbox 96 3580 1248 3652; baseline 0 -12"><span class='ocrx_word' id='word_1_363' title='bbox 96 3584 154 3640; x_wconf 89' lang='lat' dir='ltr'>vite</span> <span class='ocrx_word' id='word_1_364' title='bbox 170 3601 220 3640; x_wconf 89' lang='lat' dir='ltr'>sue</span> <span class='ocrx_word' id='word_1_365' title='bbox 240 3593 399 3638; x_wconf 87' lang='lat' dir='ltr'>contractus</span> <span class='ocrx_word' id='word_1_366' title='bbox 420 3580 583 3652; x_wconf 87' lang='lat' dir='ltr'>permansit,</span> <span class='ocrx_word' id='word_1_367' title='bbox 601 3581 676 3637; x_wconf 89' lang='lat' dir='ltr'>vnde</span> <span class='ocrx_word' id='word_1_368' title='bbox 696 3582 734 3637; x_wconf 89' lang='lat' dir='ltr'>de</span> <span class='ocrx_word' id='word_1_369' title='bbox 757 3598 792 3638; x_wconf 93' lang='lat' dir='ltr'>eo</span> <span class='ocrx_word' id='word_1_370' title='bbox 813 3582 932 3640; x_wconf 86' lang='lat' dir='ltr'>dicitur:</span> <span class='ocrx_word' id='word_1_371' title='bbox 952 3584 1071 3640; x_wconf 88' lang='lat' dir='ltr'>‘Tracto</span> <span class='ocrx_word' id='word_1_372' title='bbox 1089 3595 1248 3641; x_wconf 88' lang='lat' dir='ltr'>contractus</span> 
     </span>
     <span class='ocr_line' id='line_1_40' title="bbox 96 3664 536 3739; baseline -0.018 -13"><span class='ocrx_word' id='word_1_373' title='bbox 96 3669 148 3726; x_wconf 80' lang='lat' dir='ltr'>luit</span> <span class='ocrx_word' id='word_1_374' title='bbox 167 3668 214 3722; x_wconf 89' lang='lat' dir='ltr'>hic</span> <span class='ocrx_word' id='word_1_375' title='bbox 231 3684 282 3739; x_wconf 93' lang='lat' dir='ltr'>pro</span> <span class='ocrx_word' id='word_1_376' title='bbox 300 3664 412 3720; x_wconf 88' lang='lat' dir='ltr'>martire</span> <span class='ocrx_word' id='word_1_377' title='bbox 429 3665 536 3720; x_wconf 67' lang='lat' dir='ltr'>factus?</span> 
     </span>
    </p>
   </div>
   <div class='ocr_carea' id='block_1_3' title="bbox 142 3811 1204 3950">
    <p class='ocr_par' dir='ltr' id='par_1_3' title="bbox 142 3811 1204 3950">
     <span class='ocr_line' id='line_1_41' title="bbox 142 3811 1204 3870; baseline -0.004 -1"><span class='ocrx_word' id='word_1_378' title='bbox 142 3815 194 3869; x_wconf 79' lang='lat' dir='ltr'>DE</span> <span class='ocrx_word' id='word_1_379' title='bbox 213 3823 351 3870; x_wconf 68' lang='lat' dir='ltr'>victortn</span> <span class='ocrx_word' id='word_1_380' title='bbox 372 3823 469 3868; x_wconf 71' lang='lat' dir='ltr'>Facta</span> <span class='ocrx_word' id='word_1_381' title='bbox 490 3821 526 3864; x_wconf 83' lang='lat' dir='ltr'>IN</span> <span class='ocrx_word' id='word_1_382' title='bbox 547 3811 721 3865; x_wconf 77' lang='lat' dir='ltr'>Axrnswnt</span> <span class='ocrx_word' id='word_1_383' title='bbox 741 3821 919 3868; x_wconf 70' lang='lat' dir='ltr'>nptscopvnt</span> <span class='ocrx_word' id='word_1_384' title='bbox 939 3811 1121 3868; x_wconf 78' lang='lat' dir='ltr'>ESTANGLlE</span> <span class='ocrx_word' id='word_1_385' title='bbox 1142 3823 1204 3866; x_wconf 81' lang='lat' dir='ltr'>PER</span> 
     </span>
     <span class='ocr_line' id='line_1_42' title="bbox 486 3894 862 3950; baseline -0.003 -1"><span class='ocrx_word' id='word_1_386' title='bbox 486 3904 635 3949; x_wconf 75' lang='lat' dir='ltr'>SANCTUM</span> <span class='ocrx_word' id='word_1_387' title='bbox 657 3894 862 3950; x_wconf 83' lang='lat' dir='ltr'>EDMUNDUM.</span> 
     </span>
    </p>
   </div>
   <div class='ocr_carea' id='block_1_4' title="bbox 98 3997 1294 4236">
    <p class='ocr_par' dir='ltr' id='par_1_4' title="bbox 98 3997 1294 4236">
     <span class='ocr_line' id='line_1_43' title="bbox 598 3997 1294 4070; baseline 0.001 -17"><span class='ocrx_word' id='word_1_388' title='bbox 598 3997 705 4054; x_wconf 89' lang='lat' dir='ltr'>Uidam</span> <span class='ocrx_word' id='word_1_389' title='bbox 728 3997 877 4069; x_wconf 90' lang='lat' dir='ltr'>episcopus</span> <span class='ocrx_word' id='word_1_390' title='bbox 902 3998 1101 4066; x_wconf 84' lang='lat' dir='ltr'>Estanglorum</span> <span class='ocrx_word' id='word_1_391' title='bbox 1120 3997 1249 4054; x_wconf 80' lang='lat' dir='ltr'>Arlastus</span> <span class='ocrx_word' id='word_1_392' title='bbox 1261 4019 1294 4070; x_wconf 82' lang='lat'>40</span> 
     </span>
     <span class='ocr_line' id='line_1_44' title="bbox 633 4079 1248 4152; baseline 0.003 -18"><span class='ocrx_word' id='word_1_393' title='bbox 633 4079 748 4136; x_wconf 90' lang='lat' dir='ltr'>nomine</span> <span class='ocrx_word' id='word_1_394' title='bbox 779 4091 893 4152; x_wconf 88' lang='lat' dir='ltr'>propter</span> <span class='ocrx_word' id='word_1_395' title='bbox 922 4079 1104 4150; x_wconf 83' lang='lat' dir='ltr'>cupiditatem</span> <span class='ocrx_word' id='word_1_396' title='bbox 1138 4097 1248 4150; x_wconf 89' lang='lat' dir='ltr'>posses·</span> 
     </span>
     <span class='ocr_line' id='line_1_45' title="bbox 98 4162 1249 4236; baseline -0.005 -12"><span class='ocrx_word' id='word_1_397' title='bbox 98 4167 219 4232; x_wconf 89' lang='lat' dir='ltr'>sionum,</span> <span class='ocrx_word' id='word_1_398' title='bbox 230 4164 307 4236; x_wconf 90' lang='lat' dir='ltr'>apud</span> <span class='ocrx_word' id='word_1_399' title='bbox 319 4163 519 4221; x_wconf 88' lang='lat' dir='ltr'>monasterium</span> <span class='ocrx_word' id='word_1_400' title='bbox 538 4164 628 4220; x_wconf 87' lang='lat' dir='ltr'>sancti</span> <span class='ocrx_word' id='word_1_401' title='bbox 642 4163 786 4219; x_wconf 89' lang='lat' dir='ltr'>Edmundi</span> <span class='ocrx_word' id='word_1_402' title='bbox 798 4163 909 4218; x_wconf 88' lang='lat' dir='ltr'>volebat</span> <span class='ocrx_word' id='word_1_403' title='bbox 928 4162 1024 4216; x_wconf 89' lang='lat' dir='ltr'>sedem</span> <span class='ocrx_word' id='word_1_404' title='bbox 1043 4179 1123 4218; x_wconf 90' lang='lat' dir='ltr'>suam</span> <span class='ocrx_word' id='word_1_405' title='bbox 1141 4162 1249 4234; x_wconf 90' lang='lat' dir='ltr'>episco-</span> 
     </span>
    </p>
   </div>
   <div class='ocr_carea' id='block_1_5' title="bbox 131 4256 1251 4390">
    <p class='ocr_par' dir='ltr' id='par_1_5' title="bbox 131 4256 1251 4390">
     <span class='ocr_line' id='line_1_46' title="bbox 131 4256 1046 4318; baseline -0.003 -9"><span class='ocrx_word' id='word_1_406' title='bbox 131 4260 140 4292; x_wconf 89' lang='lat'><strong>¹</strong></span> <span class='ocrx_word' id='word_1_407' title='bbox 159 4261 193 4310; x_wconf 85' lang='lat' dir='ltr'>al.</span> <span class='ocrx_word' id='word_1_408' title='bbox 206 4275 256 4310; x_wconf 91' lang='lat' dir='ltr'>om.</span> <span class='ocrx_word' id='word_1_409' title='bbox 453 4258 464 4288; x_wconf 83' lang='lat'><strong>¹</strong></span> <span class='ocrx_word' id='word_1_410' title='bbox 481 4259 534 4309; x_wconf 90' lang='lat' dir='ltr'>MS.</span> <span class='ocrx_word' id='word_1_411' title='bbox 548 4258 644 4318; x_wconf 75' lang='lat' dir='ltr'>eximet</span> <span class='ocrx_word' id='word_1_412' title='bbox 657 4259 733 4308; x_wconf 85' lang='lat' dir='ltr'>overl.</span> <span class='ocrx_word' id='word_1_413' title='bbox 746 4275 752 4308; x_wconf 81' lang='lat' dir='ltr'>r</span> <span class='ocrx_word' id='word_1_414' title='bbox 773 4258 789 4309; x_wconf 92' lang='lat' dir='ltr'>i.</span> <span class='ocrx_word' id='word_1_415' title='bbox 801 4256 902 4308; x_wconf 79' lang='lat' dir='ltr'>camisia</span> <span class='ocrx_word' id='word_1_416' title='bbox 914 4271 971 4306; x_wconf 89' lang='lat' dir='ltr'>cum</span> <span class='ocrx_word' id='word_1_417' title='bbox 982 4256 1046 4306; x_wconf 81' lang='lat' dir='ltr'>aliis.</span> 
     </span>
     <span class='ocr_line' id='line_1_47' title="bbox 132 4320 1251 4390; baseline 0 -16"><span class='ocrx_word' id='word_1_418' title='bbox 132 4325 214 4375; x_wconf 70' lang='lat' dir='ltr'>⁸‘l&#39;he</span> <span class='ocrx_word' id='word_1_419' title='bbox 229 4338 334 4390; x_wconf 73' lang='lat' dir='ltr'>passage</span> <span class='ocrx_word' id='word_1_420' title='bbox 352 4325 381 4376; x_wconf 84' lang='lat' dir='ltr'>ol</span> <span class='ocrx_word' id='word_1_421' title='bbox 393 4323 531 4387; x_wconf 80' lang='lat' dir='ltr'>Marianus,</span> <span class='ocrx_word' id='word_1_422' title='bbox 543 4324 607 4375; x_wconf 85' lang='lat' dir='ltr'>lrom</span> <span class='ocrx_word' id='word_1_423' title='bbox 626 4325 680 4376; x_wconf 85' lang='lat' dir='ltr'>MS.</span> <span class='ocrx_word' id='word_1_424' title='bbox 697 4323 768 4375; x_wconf 89' lang='lat' dir='ltr'>Bodl.</span> <span class='ocrx_word' id='word_1_425' title='bbox 786 4339 809 4374; x_wconf 80' lang='lat' dir='ltr'>v.</span> <span class='ocrx_word' id='word_1_426' title='bbox 826 4337 848 4387; x_wconf 77' lang='lat'>3.</span> <span class='ocrx_word' id='word_1_427' title='bbox 867 4333 881 4388; x_wconf 79' lang='lat'><strong>7</strong></span> <span class='ocrx_word' id='word_1_428' title='bbox 897 4321 956 4386; x_wconf 81' lang='lat' dir='ltr'>lun,</span> <span class='ocrx_word' id='word_1_429' title='bbox 971 4323 993 4374; x_wconf 83' lang='lat' dir='ltr'>is</span> <span class='ocrx_word' id='word_1_430' title='bbox 1008 4323 1082 4388; x_wconf 82' lang='lat' dir='ltr'>given</span> <span class='ocrx_word' id='word_1_431' title='bbox 1096 4322 1123 4372; x_wconf 91' lang='lat' dir='ltr'>in</span> <span class='ocrx_word' id='word_1_432' title='bbox 1140 4320 1251 4375; x_wconf 79' lang='lat' dir='ltr'>Monut.</span> 
     </span>
    </p>
   </div>
   <div class='ocr_carea' id='block_1_6' title="bbox 100 4389 312 4457">
    <p class='ocr_par' dir='ltr' id='par_1_6' title="bbox 100 4389 312 4457">
     <span class='ocr_line' id='line_1_48' title="bbox 100 4389 312 4457; baseline 0 -14"><span class='ocrx_word' id='word_1_433' title='bbox 100 4392 177 4457; x_wconf 68' lang='lat' dir='ltr'>nugi</span> <span class='ocrx_word' id='word_1_434' title='bbox 190 4389 241 4442; x_wconf 92' lang='lat'>111.</span> <span class='ocrx_word' id='word_1_435' title='bbox 256 4403 312 4455; x_wconf 84' lang='lat'>141.</span> 
     </span>
    </p>
   </div>
   <div class='ocr_carea' id='block_1_7' title="bbox 115 4038 502 4102">
    <p class='ocr_par' dir='ltr' id='par_1_7' title="bbox 115 4038 502 4102">
     <span class='ocr_line' id='line_1_49' title="bbox 115 4038 502 4102; baseline -0.013 -1"><span class='ocrx_word' id='word_1_436' title='bbox 115 4043 274 4102; x_wconf 76' lang='lat' dir='ltr'>Marianus</span> <span class='ocrx_word' id='word_1_437' title='bbox 301 4045 333 4098; x_wconf 80' lang='lat' dir='ltr'>in</span> <span class='ocrx_word' id='word_1_438' title='bbox 358 4038 502 4098; x_wconf 79' lang='lat' dir='ltr'>cronicis³.</span> 
     </span>
    </p>
   </div>
   <div class='ocr_carea' id='block_1_8' title="bbox 0 0 1548 4902">
    <p class='ocr_par' dir='ltr' id='par_1_8' title="bbox 0 0 1548 4902">
     <span class='ocr_line' id='line_1_50' title="bbox 0 0 1548 4902; baseline 0 0"><span class='ocrx_word' id='word_1_439' title='bbox 0 0 1548 4902; x_wconf 95' lang='lat' dir='ltr'> </span> 
     </span>
    </p>
   </div>
  </div>
 </body>
</html>
