3046 4902
84 291 319 358 ras-Bouana
352 275 427 369 De
443 273 503 363 θ.
521 274 738 362 &mutuo
755 289 849 377 tout
868 280 907 361 tt
922 279 1112 375 muttptt.
1163 279 1232 347 611

83 476 197 533 dictum
217 478 376 533 Manerium
394 479 430 532 de
447 477 599 532 Werketor‘s
618 494 682 532 cum
700 477 830 534 omnibus
848 477 1027 548 pertinenciis
1045 475 1103 532 suis
1121 473 1238 530 ecclesie

84 562 181 616 sancti
206 561 350 616 Edmundi
375 561 578 632 imperpetuum
603 563 798 626 donauerunt;
828 559 922 631 populi
946 560 1035 616 eciam
1061 559 1134 615 intra
1158 567 1239 628 septa

84 644 219 700 eiusdem
236 643 407 712 monasterii,
421 645 514 715 quoad
529 644 665 712 nixerunt,
678 642 707 698 in
723 645 845 715 quadam
861 645 927 699 aula
938 644 1024 699 veteri
1039 661 1093 715 que
1106 640 1239 697 Bradteld

84 728 236 782 dicebatur
248 738 468 798 permanserunt.
496 729 545 784 Set
557 728 651 783 obstat
662 728 737 798 quod
750 727 778 782 in
791 727 909 783 cronicis
921 727 1049 784 scribitur
1060 725 1132 794 aliis,
1144 741 1240 795 regem

84 811 263 866 Willelmum
282 809 412 882 primum,
431 811 475 866 vel
497 811 622 880 reginam
644 811 792 865 Matildem
810 827 923 866 vxorem
943 811 1011 878 eius,
1030 811 1143 866 dedisse
1164 809 1267 872 idems

85 894 246 948 manerium
259 905 358 949 sancto
371 895 532 950 Edmundo.
562 894 609 948 Ad
622 894 697 964 quod
710 895 936 964 respondendum
952 905 1005 960 est,
1018 894 1093 964 quod
1105 893 1180 947 idem
1193 909 1239 948 rex

86 977 249 1032 Willehnus
268 977 400 1047 Angliam
419 975 504 1033 armis
521 977 574 1032 sibi
590 977 749 1048 adquisiuit,
770 977 887 1033 comites
906 975 1074 1046 subiugauit,
1093 975 1240 1030 comitatus

86 1060 245 1130 inuestiuit‚
266 1061 414 1130 indigenas
433 1060 622 1130 exheredauit,
639 1059 811 1129 alienigenas
831 1059 994 1128 infeudauit,
1013 1070 1049 1128 et,
1067 1069 1097 1114 ut
1119 1059 1241 1114 breuiter

86 1145 225 1215 replicem
234 1143 251 1212 ¹,
264 1145 312 1216 qui
325 1154 414 1200 totum
426 1143 587 1216 adquisinit,
602 1155 696 1215 partes
711 1145 802 1199 tocius
814 1143 860 1198 vbi
874 1154 902 1199 et
914 1143 1057 1215 quomodo
1075 1153 1102 1198 et
1120 1143 1157 1197 ad
1170 1157 1240 1212 quos

86 1228 179 1282 voluit
210 1227 375 1294 distribuit;
402 1229 475 1282 adeo
499 1237 529 1281 vt
560 1244 618 1282 non
648 1229 717 1282 nulli
748 1237 896 1296 magnates
926 1227 1082 1296 angligene‚
1107 1224 1240 1296 grauibus
1255 1251 1286 1288 10

86 1311 221 1381 expensis
239 1329 258 1365 a
275 1329 341 1380 rege
360 1311 523 1380 flagitabant
541 1320 570 1365 vt
590 1310 716 1366 dominia
735 1327 789 1381 qne
810 1309 963 1382 antiquitus
982 1310 1040 1366 iure
1058 1309 1242 1380 possidebant

88 1394 270 1461 hereditario,
289 1396 342 1450 sub
361 1411 436 1450 nono
456 1411 522 1464 rege
543 1394 719 1465 possiderent
739 1405 873 1465 tanquam
894 1412 945 1464 per
963 1411 1070 1448 nouum
1091 1410 1186 1462 regem
1206 1392 1242 1446 de

87 1494 169 1532 nono
180 1477 294 1534 feodati.
330 1478 413 1534 Vnde
425 1476 527 1548 quibus
543 1477 571 1532 in
590 1477 644 1534 illis
663 1478 764 1533 diebus
775 1496 824 1532 rex
835 1477 992 1533 Willelmus
1006 1479 1050 1533 vel
1068 1475 1128 1532 eius
1147 1475 1243 1546 regina

88 1560 187 1632 aliqua
198 1561 324 1629 donauit,
338 1561 477 1616 concessit
490 1561 534 1616 vel
546 1560 733 1629 confirmauit,
746 1560 825 1631 quasi
838 1561 905 1616 noni
918 1561 1061 1616 donatoris
1073 1568 1243 1630 acceperunt

88 1645 284 1700 fundamenta
318 1643 477 1700 Manerium
498 1661 565 1714 ergo
586 1645 622 1700 de
641 1645 796 1700 Werketor'r
820 1645 925 1718 donum
949 1643 1022 1714 regis
1042 1643 1174 1699 Willelmi
1199 1643 1287 1716 vel15

89 1727 190 1797 regine
208 1727 268 1782 eius
286 1727 395 1794 dicitur,
408 1744 465 1782 non
477 1728 556 1797 quasi
569 1737 636 1783 ante
648 1745 704 1782 non
717 1728 825 1794 datum,
837 1739 880 1783 set
898 1729 951 1782 sub
969 1727 1063 1798 specie
1078 1725 1243 1781 donacionis

90 1811 129 1866 de
142 1827 217 1866 nono
229 1812 434 1866 confirmatum.
469 1811 517 1865 Ad
533 1811 615 1866 huius
634 1810 673 1865 rei
692 1810 928 1866 manifestandam
946 1809 1080 1865 noticiam
1098 1809 1244 1864 sciendum

90 1895 221 1964 estquod
232 1895 307 1950 idem
318 1911 366 1950 rex
374 1893 504 1964 spoliauit
513 1893 714 1949 monasterium
724 1894 760 1949 de
772 1893 922 1948 Rameseia
930 1894 966 1948 de
975 1893 1051 1948 mille
1061 1889 1244 1962 septingentis

90 1977 201 2034 libratis
213 1987 294 2044 terre,
307 1995 377 2049 quas
390 1976 462 2032 inter
473 1975 576 2032 milites
586 1993 651 2031 suos
661 1993 732 2048 qnos
742 1976 770 2032 in
782 1977 914 2046 Angliam
926 1977 1041 2032 duxerat
1054 1974 1213 2046 impertiuit.

105 2133 283 2188 Cousmlue
298 2143 490 2188 MIRACULUM
506 2143 635 2186 NARRAT
648 2131 719 2186 ODO
732 2142 775 2184 DE
787 2142 975 2186 SYRENTONA
986 2141 1023 2184 IN
1036 2137 1236 2184 senmoumus

207 2231 275 2275 SUIS
287 2231 388 2274 SUPER
402 2230 515 2274 ILLUD:
536 2221 669 2273 ‘extens
682 2229 770 2273 lusus
784 2230 826 2272 DE
839 2229 965 2272 FlNlBUS
976 2217 1059 2282 ‘ritib'
1072 2228 1138 2272 ETC·

137 2338 163 2391 N
184 2335 286 2390 Maiori
307 2335 451 2390 Britannia
468 2335 511 2390 vir
530 2345 558 2390 et
576 2351 644 2389 vxor
661 2333 729 2402 eius,
748 2333 846 2404 spiritu
868 2331 983 2388 tristicie
1003 2332 1160 2402 instigante,
1180 2349 1244 2401 pro·
1260 2354 1291 2391 ro

171 2428 323 2490 posuerunt
341 2435 372 2473 se
391 2419 572 2488 suspendere3
591 2427 702 2472 etcum
721 2433 751 2471 se
770 2416 799 2470 in
818 2416 938 2487 quadam
959 2415 1043 2470 domo
1060 2413 1246 2480 inclusissent,

94 2515 124 2561 et
143 2514 172 2558 ut
191 2505 321 2574 laqueum
340 2500 392 2556 sibi
412 2499 576 2571 inponerent
592 2499 682 2570 parati
701 2511 814 2555 essent:
835 2499 961 2554 dixerunt
980 2497 1017 2552 ad
1036 2497 1175 2553 inuicem:
1195 2497 1244 2551 ‘ln

94 2589 182 2642 domo
200 2596 297 2640 nostra
315 2583 472 2654 frequenter
489 2583 665 2638 cantauimus
683 2583 866 2653 antiphonam
883 2581 972 2637 sancti
991 2579 1134 2635 Edmundi
1156 2578 1246 2649 regis:

95 2669 183 2726 semel
207 2686 274 2738 ergo
294 2667 422 2722 dicamus
445 2683 508 2721 eam
532 2675 683 2736 antequam
707 2665 913 2719 moriamur'-
931 2663 1064 2735 quoniam
1092 2663 1247 2717 secundum

94 2769 204 2809 morem
222 2749 309 2822 patrie
328 2749 404 2805 beati
423 2749 578 2817 Edmundi,
591 2748 644 2819 ipsi
663 2747 727 2802 laici
745 2747 929 2817 antiphonam
941 2745 1016 2800 beati
1035 2745 1179 2800 Edmundi
1193 2759 1247 2814 que
1262 2761 1291 2811 ²⁵

95 2835 195 2904 incipit
209 2834 287 2888 ‘Aue
301 2833 352 2887 'rex
369 2831 479 2901 gentis'
499 2831 572 2885 circa
591 2831 682 2900 ignem
699 2831 763 2885 loco
776 2829 939 2885 Benedicite
950 2829 1137 2898 frequentant.
1174 2828 1247 2881 Cum

96 2927 191 2973 antem
216 2915 383 2970 cantilenam
408 2913 622 2969 terminassent:
653 2913 690 2967 ad
715 2913 835 2967 inuicem
859 2909 1054 2979 erubuerunt¹‚
1075 2908 1247 2965 admirantes

96 2999 217 3070 qualiter
228 3008 286 3052 tam
299 3013 412 3052 enorme
425 2995 599 3065 propositum
618 2995 646 3048 in
660 2995 744 3050 corde
762 3012 859 3048 eorum
877 2993 1049 3048 ascenderet.
1086 2994 1124 3047 Et
1139 2991 1180 3046 sic
1198 3007 1249 3061 per

96 3081 267 3139 cantilenam
280 3079 393 3150 gloriosi
406 3078 526 3134 martiris
536 3078 680 3133 Edmundi
694 3079 730 3132 ab
744 3076 867 3132 horribili
879 3085 969 3130 morte
982 3075 1091 3130 liberati
1104 3084 1177 3129 sunt.

124 3227 149 3288 tl
168 3228 218 3282 Du
236 3239 378 3283 uomens
398 3236 488 3280 nura
505 3237 526 3278 a
544 3235 756 3289 mmmmm
776 3234 816 3276 m·
833 3234 877 3276 on
895 3233 1015 3278 nemra
1034 3222 1218 3276 Lnorssauo

575 3317 769 3362 cournacro.

367 3451 379 3484 ⁸
472 3411 541 3465 Pere
558 3409 684 3479 precium
704 3419 747 3463 est
767 3409 903 3464 memorie
925 3408 1013 3466 titulis
1033 3419 1160 3464 eternare
1182 3408 1250 3463 illud
1264 3419 1296 3468 3⁰

117 3457 257 3528 samm
281 3455 386 3510 abbas·
506 3492 618 3562 insigne
642 3491 808 3546 miraculum
832 3491 909 3562 quod
934 3492 969 3546 de
999 3492 1159 3563 incorrupta
1188 3508 1250 3546 cor·

100 3575 175 3648 poris
199 3575 355 3645 integritate
379 3578 453 3648 regis
472 3589 500 3632 et
522 3574 642 3631 martiris
664 3574 808 3629 Edmundi
827 3574 925 3628 diuina
945 3574 1115 3644 propiciacio
1136 3573 1251 3642 dignata

100 3670 143 3716 est
155 3660 309 3730 propalare.
345 3661 485 3732 Tempore
498 3659 582 3728 igitur
594 3657 735 3712 Leosstani
749 3655 868 3723 abbatis,
877 3657 997 3727 quedam
1010 3657 1111 3710 mulier
1123 3675 1140 3710 a
1152 3655 1250 3710 natiui-

101 3753 159 3798 tate
171 3753 258 3810 muta,
268 3742 304 3796 de
317 3758 391 3811 pago
404 3740 589 3806 wintoniensi,
604 3749 730 3794 sanctum
744 3737 838 3792 inuisit
852 3739 1046 3804 Edmundum‚
1055 3735 1250 3807 incom[m]odi

102 3826 144 3882 sui
162 3825 200 3880 ah
216 3841 250 3878 eo
264 3823 450 3894 flagi[ta]tura
468 3823 631 3879 remedium.
670 3823 740 3889 Hec,
761 3820 827 3891 quia
848 3837 916 3874 voce
935 3835 992 3874 non
1014 3829 1130 3889 poterat,
1152 3819 1250 3875 intimo
1264 3830 1295 3880 3⁵

102 3907 192 3963 cordis
211 3907 312 3961 affectu
331 3917 493 3962 constanter
515 3906 600 3959 deum
627 3904 742 3974 eiusque
765 3902 906 3957 martirem
935 3901 1077 3956 exorabat.
1113 3901 1251 3971 Denique,

101 3999 296 4062 perseuerante
308 3989 356 4043 illa
367 3989 444 4044 iuxta
457 3989 615 4057 sepulcrum
627 3985 748 4040 martiris
760 3985 789 4040 in
802 3985 906 4054 gemitu
916 3993 943 4040 et
956 3984 1127 4040 contricione
1139 3985 1250 4040 cordis:

103 4073 248 4130 soluuntur
265 4070 326 4126 eius
344 4071 437 4141 lingue
450 4071 590 4141 repagula,
607 4069 684 4124 vocis
703 4085 809 4138 organa
823 4067 977 4122 formantur
994 4066 1032 4122 ad
1050 4084 1124 4122 noua
1138 4067 1251 4121 famina

104 4159 170 4212 Post
194 4171 303 4210 annosa
326 4154 440 4210 demum
464 4153 579 4210 silencia
603 4151 749 4222 inaperta
772 4151 897 4221 prorupit
917 4151 1012 4216 verba,
1033 4167 1098 4204 cum
1122 4149 1252 4204 omnihus

103 4238 149 4310 qui
170 4239 288 4294 aderant
312 4236 460 4292 saluatoris
478 4236 607 4291 virtutem
632 4233 787 4289 laudancia.
822 4233 846 4293 ii
867 4234 929 4304 Qne
950 4249 1016 4288 cum
1040 4232 1094 4288 sibi
1113 4231 1252 4302 loquelam
1266 4249 1298 4300 40

201 4351 210 4383 ¹
228 4351 282 4402 MS.
294 4351 423 4418 replium.
553 4350 563 4380 ¹
580 4351 635 4402 MS.
647 4351 794 4402 eribuerunt.
916 4349 926 4380 ¹
942 4349 982 4400 Cf.
994 4349 1045 4401 Tit.
1059 4347 1102 4398 tot
1115 4357 1155 4416 97.

647 4440 669 4484 R
682 4447 695 4483 t·
707 4444 723 4484 2
