3054 4904
288 304 358 377 154
596 282 727 370 nuta
752 279 943 384 termus
967 279 1119 384 flante.

286 469 324 538 In
355 482 472 539 ciuitate
500 481 619 540 Alethis
643 491 827 540 contractum
856 483 990 552 sanauit;
1022 483 1139 539 mulieri
1170 491 1253 539 mute
1284 481 1438 556 loquelam

283 571 430 640 reddidit;
450 579 481 629 et
499 571 652 644 leprosum
672 570 837 627 mandauit.
912 558 973 626 Vir
987 570 1108 642 quidam
1128 570 1215 626 diues
1233 573 1439 642 propinquam

283 673 370 714 suam
396 658 426 714 in
445 674 571 714 vxorem
596 658 719 724 ducens,
740 675 758 713 a
781 659 847 714 viro
870 659 920 714 dei
945 657 1126 730 increpatus,
1150 658 1276 714 insidias
1301 657 1439 730 pontifici

283 746 417 816 tetendit,
430 755 459 802 et
472 747 561 802 morti
574 747 692 802 tradere
705 745 889 801 deliberauit
928 745 1080 802 Residens
1093 754 1192 802 autem
1206 763 1277 802 curn
1290 746 1397 802 multis
1408 744 1438 800 in

255 848 398 902 amensa,
411 833 584 907 pontificem
602 833 813 907 blasphemare
830 842 861 890 et
879 833 980 890 multis
998 834 1115 888 iniuriis
1133 833 1280 906 derogare
1298 834 1391 906 cepit,
1410 843 1439 889 et

283 921 407 978 eleuans
420 938 560 979 manum:
581 921 650 991 ‘sic,
663 920 767 993 inquit,
780 937 851 978 eum
864 930 1064 994 percuterem,
1078 920 1104 976 si
1122 939 1193 978 eum
1211 920 1259 976 hic
1273 921 1439 978 haberem.¹

285 1007 352 1065 Hoc
365 1009 453 1076 dicto,
467 1025 575 1064 manus
587 1009 653 1064 eius
669 1009 795 1077 exaruit,
809 1025 865 1064 nec
882 1025 949 1064 eam
969 1009 1007 1064 ad
1023 1025 1058 1064 se
1077 1009 1231 1064 retrahere
1247 1011 1356 1081 potuit.
1396 1009 1440 1065 Eo

283 1097 320 1152 ad
339 1097 436 1152 virum
455 1096 504 1152 dei
523 1096 621 1166 allato,
634 1095 703 1152 licet
722 1113 740 1151 a
758 1096 859 1152 multis
878 1105 1008 1168 rogatus,
1021 1113 1076 1168 pro
1094 1113 1131 1151 eo
1150 1113 1236 1152 orare
1255 1097 1364 1166 noluit,
1383 1115 1439 1154 nec

283 1200 352 1240 cum
371 1202 407 1240 eo
426 1183 656 1254 communicare,
669 1184 766 1241 donee
783 1183 916 1240 illicitum
932 1183 1103 1255 coniugium
1121 1183 1314 1256 relinqueret.
1355 1185 1440 1241 Tunc

241 1287 271 1324 ιο
283 1271 334 1327 ille
353 1273 500 1328 incestum
522 1289 556 1328 se
576 1271 760 1340 relicturum,
780 1279 810 1327 et
835 1271 977 1343 quicquid
1001 1271 1048 1326 vir
1071 1279 1194 1327 sanctus
1213 1272 1242 1326 ei
1266 1273 1441 1345 preciperet

283 1359 524 1432 adimpleturum,
537 1359 594 1414 sub
606 1359 813 1415 testificatione
827 1358 991 1431 pollicetur.
1023 1357 1192 1432 Episcopus
1203 1367 1306 1414 autem
1319 1361 1440 1416 miseri-

283 1447 384 1503 cordia
397 1455 504 1515 motus,
516 1448 599 1503 dedit
616 1445 644 1502 ei
661 1445 866 1520 penitentiam,
879 1455 909 1501 et
929 1445 1079 1502 reclusum
1098 1447 1129 1502 in
1147 1463 1256 1517 magna
1275 1447 1440 1504 afflictione

284 1535 387 1590 tenuit.
425 1533 484 1590 Pro
500 1551 537 1590 eo
555 1551 674 1606 quoque
693 1551 752 1589 vna
769 1549 837 1588 cum
856 1531 996 1589 fratribus
1013 1533 1144 1604 quotidie
1157 1532 1301 1589 letaniam
1314 1533 1441 1601 faciens,

283 1629 313 1678 et
339 1621 521 1694 pauperibus
545 1620 727 1678 elemosinas
752 1621 862 1676 multas
887 1620 1027 1692 largiens,
1047 1637 1065 1676 a
1088 1620 1208 1677 vinculo
1230 1623 1349 1693 peccati
1369 1639 1440 1678 eum

242 1725 271 1776 15
284 1708 412 1766 absoluit
433 1716 463 1764 et
482 1707 601 1766 sanitati
622 1708 757 1765 restituit
829 1696 1010 1780 Assumptis
1032 1717 1154 1764 sanctus
1174 1707 1313 1764 Macutus
1333 1727 1441 1766 secum

285 1805 403 1868 septem
422 1795 587 1870 discipulis,
602 1796 744 1852 orationis
762 1796 856 1868 gratia
876 1795 1005 1851 Romam
1025 1794 1193 1868 prolectus;
1213 1813 1283 1853 cum
1300 1797 1441 1868 captiuos

284 1884 334 1940 vel
358 1901 468 1956 pueros
492 1883 615 1940 venales
637 1884 675 1939 de
696 1883 786 1939 terris
807 1881 977 1955 longinquis
996 1883 1065 1938 illuc
1086 1883 1201 1940 delatos
1220 1884 1348 1954 videret,
1369 1887 1440 1941 dato

285 1972 387 2045 precio
407 1971 581 2039 redimebat,
600 1979 630 2027 et
649 1970 788 2028 infideles
808 1969 969 2026 instructos
991 1970 1167 2042 baptizabat
1205 1971 1343 2028 Rediens
1365 1990 1441 2029 vero

284 2077 340 2133 per
353 2076 445 2128 mare,
457 2076 525 2114 cum
538 2057 626 2115 nauis
641 2068 706 2114 orta
725 2067 905 2130 tempestate
919 2075 998 2131 pene
1011 2058 1263 2130 submergeretur,
1275 2077 1388 2117 omnes
1400 2063 1440 2117 ad

241 2165 273 2202 ao
284 2147 382 2204 virum
400 2146 449 2203 dei
467 2145 642 2215 clamabant,
662 2155 692 2202 vt
710 2163 766 2219 pro
784 2145 829 2202 eis
851 2145 1007 2201 dominum
1029 2147 1243 2219 deprecaretur
1264 2159 1441 2205 exorantes

286 2235 397 2292 Sancto
415 2251 487 2290 vero
506 2235 544 2290 de
566 2233 680 2290 domini
702 2232 909 2290 misericordia
930 2233 1070 2289 fiduciam
1089 2251 1143 2290 eos
1168 2235 1279 2290 habere
1305 2243 1337 2290 et
1363 2235 1440 2291 nihil

284 2321 423 2378 diffidere
444 2322 635 2391 admonente,
653 2320 790 2393 apparuit
813 2331 935 2377 sanctus
956 2319 1064 2378 Petrus
1085 2320 1250 2394 apostolus,
1270 2331 1301 2378 et
1328 2325 1440 2379 blande

284 2409 441 2482 alloquens
454 2409 493 2464 ait
506 2409 543 2464 ad
557 2426 645 2465 eum:
666 2409 779 2465 ‘Serue
792 2409 840 2464 dei
854 2408 981 2478 Macute,
994 2408 1055 2465 noli
1065 2409 1190 2466 timere:
1210 2411 1279 2482 quia
1295 2411 1442 2468 dominus

285 2504 384 2553 tecum
397 2499 462 2553 est!
500 2495 572 2552 Mox
585 2497 622 2552 ad
637 2497 763 2554 verbum
776 2496 842 2552 eius
855 2497 958 2552 sedata
971 2505 1159 2568 tempestate,
1172 2507 1202 2553 et
1221 2500 1441 2571 tranquillitate

242 2604 272 2656 ²5
286 2585 409 2656 reddita,
423 2583 489 2640 sani
506 2593 536 2640 et
556 2583 666 2640 hilares
683 2585 720 2640 ad
735 2594 847 2640 terram
862 2593 1075 2656 peruenerunt.
1149 2573 1288 2642 Veniens
1307 2603 1384 2643 vero
1403 2588 1442 2644 ad

284 2681 402 2745 portam
421 2670 547 2729 ciuitatis
565 2672 693 2742 Mathis,
707 2689 811 2728 cecum
828 2681 858 2728 et
876 2672 1016 2729 claudum
1035 2672 1230 2729 elemosinam
1246 2674 1442 2747 postulantes

284 2760 377 2818 vidit:
398 2760 506 2832 quibus
519 2769 549 2816 et
561 2761 619 2817 ait:
640 2760 824 2833 ‘Argentum
837 2767 867 2815 et
879 2776 985 2816 aurum
998 2777 1059 2816 non
1072 2769 1119 2816 est
1132 2761 1222 2829 mihi;
1241 2763 1323 2832 quod
1336 2772 1442 2820 autem

286 2849 389 2918 haben,
403 2849 432 2904 id
451 2857 498 2904 est
517 2847 669 2903 charitatis
684 2847 813 2903 officium
833 2856 863 2902 et
882 2847 1023 2919 pietatem
1042 2849 1185 2904 orationis
1202 2849 1240 2904 ad
1259 2849 1363 2919 deum,
1384 2851 1443 2908 hoc

285 2937 371 2994 vobis
384 2945 520 3010 prestare
531 2952 591 2992 non
599 2935 722 2990 differo.¹
756 2935 792 2991 Et
805 2935 882 2990 sacta
894 2952 987 3008 super
998 2953 1051 2991 eos
1064 2936 1206 3005 oratione,
1214 2945 1348 3009 optatam
1359 2939 1443 2994 sani-

241 3045 274 3095 30
287 3034 379 3081 tatem
410 3011 754 3096 receperunt—Cum
779 3031 879 3080 autem
903 3023 1024 3079 Alethis
1049 3023 1208 3080 ecclesiam
1239 3026 1444 3097 quadraginta
1520 3047 1521 3068 i

285 3112 373 3169 annis
395 3111 534 3179 rexisset,
554 3120 583 3166 et
608 3111 795 3182 quorundam
818 3110 1032 3167 sceleratorum
1054 3111 1209 3167 hominurn
1234 3112 1369 3183 grauiter
1395 3114 1444 3170 in-

286 3199 377 3256 iurias
395 3198 494 3268 lerret,
509 3197 666 3254 maledicto
684 3207 715 3254 et
731 3199 988 3255 excommunicato
1003 3199 1114 3271 populo
1133 3199 1183 3271 qui
1202 3215 1257 3270 per
1276 3215 1348 3256 suas
1368 3219 1443 3258 eum

285 3287 440 3344 illuserant
458 3287 629 3359 prauitates,
643 3302 711 3342 cum
728 3286 907 3358 quibusdam
921 3287 1076 3359 discipulis
1094 3288 1132 3344 ad
1148 3287 1276 3344 insulam
1292 3289 1323 3342 in
1341 3287 1444 3361 Aqui·
1520 3295 1521 3298 ’

286 3373 384 3430 tania¹
402 3373 519 3446 Agenis
538 3382 682 3442 vocatam,
704 3382 733 3429 et
754 3374 826 3430 inde
845 3375 882 3430 ad
907 3373 1067 3431 Leontium
1085 3374 1261 3449 episcopum
1283 3393 1445 3448 pergens;

242 3482 273 3534 35
286 3479 414 3535 puerum
434 3462 626 3517 submersum
646 3461 843 3530 resuscitauit,
865 3470 894 3518 et
916 3461 1034 3518 mulieri
1059 3480 1128 3520 cece
1153 3463 1254 3518 lumen
1280 3463 1444 3523 oculorum

286 3566 377 3624 prece
402 3565 456 3605 sua
481 3550 617 3605 restituit.
688 3538 897 3606 Accesserunt
921 3550 959 3605 ad
984 3567 1053 3606 eum
1079 3551 1251 3606 sacerdotes
1275 3567 1294 3606 a
1312 3567 1389 3624 rege
1414 3565 1446 3610 et

286 3637 455 3694 senioribus
467 3637 507 3693 de
524 3635 676 3694 Britannia
693 3636 787 3705 missi,
800 3646 941 3710 rogantes
952 3646 985 3693 vt
997 3639 1034 3694 ad
1051 3637 1119 3694 illos
1136 3655 1213 3710 quos
1228 3643 1446 3698 excommuni-

286 3742 359 3784 cans
388 3724 582 3782 maledixerat
603 3724 707 3782 venire
728 3726 908 3797 dignaretur,
929 3727 1068 3798 quatinus
1089 3725 1174 3782 cuius
1196 3725 1445 3787 maledictionem

286 3832 342 3889 pro
355 3830 410 3872 sua
422 3812 549 3886 perfidia
561 3823 748 3885 acceperant,
762 3813 826 3870 eius
839 3813 1078 3870 benedictionem
1091 3813 1225 3886 recipere
1238 3825 1446 3873 mererentur.

240 3924 274 3976 4⁰
289 3904 366 3960 Nam
385 3911 466 3958 terra
484 3901 603 3957 illorum
622 3918 677 3974 per
696 3901 887 3973 septennium
906 3901 1090 3958 infructuosa
1109 3909 1258 3970 manente,
1271 3901 1371 3958 incole
1393 3905 1446 3962 siti
1520 3895 1521 3934 t

287 3991 415 4049 etiams
437 4006 492 4064 pro
509 3989 646 4046 ariditate
664 3989 834 4062 consumpti
852 3999 945 4046 erant.
982 3989 1068 4046 Tunc
1091 3989 1138 4046 vir
1159 3989 1208 4045 dei
1232 3987 1446 4049 misericordia

287 4089 396 4148 motus,
421 4095 489 4135 curn
513 4077 595 4134 vrbis
620 4094 731 4150 pagum
756 4076 972 4150 ingrederetur,
993 4076 1094 4150 pluuia
1115 4077 1293 4150 pergrandis
1312 4077 1354 4134 de
1375 4082 1446 4137 celo

287 4167 393 4224 cecidit
405 4185 412 4223 ε
434 4174 463 4224 et
475 4167 633 4222 benedicto
645 4165 766 4238 populo,
780 4173 810 4222 et
821 4174 901 4222 terra
914 4165 1084 4224 fecunditati
1097 4165 1221 4234 reddita,
1229 4165 1267 4220 ad
1278 4163 1446 4226 Leontium

287 4255 463 4329 episcopum
472 4255 626 4327 gressum²
634 4253 800 4310 maturauit.
833 4253 946 4311 Etcum
956 4263 1077 4312 centum
1090 4251 1249 4326 [trigintaP
1258 4252 1351 4310 trium
1359 4267 1445 4314 esset

396 4350 452 4400 ιΕ.
464 4352 619 4414 aquitannia.
731 4349 786 4401 ’a
802 4351 954 4414 ingressum.
1063 4350 1179 4412 ⁸soT.;
1195 4365 1245 4400 om
1260 4351 1286 4399 ln
1300 4351 1330 4400 E.
