3046 4902
263 303 334 389 632
696 284 898 388 ssvlltlllll
925 286 978 366 Ii.

263 491 421 568 [diuinitas]
439 509 490 564 per
504 490 628 548 carim&
642 489 773 548 ameum
790 487 998 546 indiuisibiliter
1015 485 1069 543 sibi
1085 503 1227 544 connems
1243 487 1418 558 sempiterne

262 579 347 650 glorie
359 576 426 632 iecit
438 573 598 648 participes,
611 573 710 628 horum
723 571 854 628 iniuriam
866 570 926 628 sine
938 570 1047 626 vicione
1057 570 1130 626 ierre
1142 587 1200 626 non
1212 571 1380 628 sustinet.—

409 737 581 794 letacto
600 747 717 792 Dolsslil
738 737 901 790 Lausum
919 745 1048 791 nesus
1065 735 1268 792 Alterutrum.

297 887 368 944 sm
449 885 499 940 abb
577 846 585 874 ‘
666 842 780 902 Uodam
801 843 888 912 yemis
906 853 1041 913 tempore,
1060 842 1277 900 necessitatibus
1297 845 1418 900 ecclesie

364 891 437 958 pm
499 903 539 940 ω’
701 937 795 982 nostre
813 924 1021 996 andegauensis
1040 923 1220 998 exigentibus,
1244 928 1282 980 ad
1303 939 1418 998 portum

235 1037 250 1090 g
264 1011 310 1084 qui
325 1011 503 1066 Barbefleotb
515 1009 617 1068 dicitur
629 1010 831 1068 transfretaturi
846 1025 910 1064 cum
927 1007 1029 1064 nostris
1046 1009 1240 1080 applicuimus.
1277 1010 1336 1066 Vbi
1351 1029 1417 1066 cum

264 1109 316 1166 per
340 1094 442 1165 aliquot
467 1092 527 1148 dies
551 1095 638 1149 multa
662 1093 854 1150 consumendo
877 1107 1052 1146 moraremur
1075 1101 1103 1146 et
1128 1102 1220 1162 preter
1240 1094 1417 1152 voluntatem

264 1187 388 1233 nostram
412 1185 557 1232 ventorum
580 1186 699 1246 cogente
723 1174 887 1245 intemperie
911 1175 1018 1229 dictare
1042 1189 1212 1244 cogeremur,
1232 1175 1273 1229 ait
1298 1178 1417 1250 quidam

264 1260 404 1314 confrater
419 1269 516 1314 noster
527 1259 691 1330 Andegauie
708 1257 863 1312 monachus
879 1258 991 1312 Natalis
1000 1254 1018 1326 ¹,
1030 1273 1088 1311 non
1104 1257 1212 1312 alienus
1229 1274 1247 1312 a
1261 1259 1417 1328 religione:

264 1343 388 1397 “Laudo
404 1353 432 1397 et
450 1342 566 1396 consulo
583 1353 612 1397 ut
630 1343 714 1398 beato
731 1341 884 1398 Edmundo
896 1341 1051 1410 Anglorum
1068 1339 1126 1410 regi
1138 1349 1166 1395 et
1178 1341 1287 1396 martiri
1299 1343 1419 1414 egregio
1508 1363 1509 1412 r

224 1451 253 1486 ιο
265 1423 431 1496 promittatis
447 1433 475 1479 et
492 1425 617 1480 voueatis
635 1435 665 1478 vt
682 1423 704 1478 si
724 1424 761 1478 ad
780 1435 889 1494 portum
905 1431 1033 1494 optatum
1051 1422 1136 1494 ipsius
1148 1423 1239 1478 sancti
1252 1426 1355 1483 merita
1366 1445 1418 1484 vus
1508 1445 1509 1462 ³

265 1505 449 1578 perduxerint,
469 1506 528 1561 eius
546 1506 696 1562 ecclesiam
718 1507 827 1578 gracias
848 1507 983 1562 reddituri
1001 1505 1118 1574 adeatis,
1137 1518 1249 1562 etcum
1268 1511 1305 1564 de
1324 1523 1419 1568 cetam

263 1589 392 1644 familiari
405 1589 560 1644 deuocione
573 1589 721 1659 diligatis.''
754 1589 840 1648 Cuius
852 1589 970 1644 consilio
982 1589 1076 1644 statim
1089 1589 1240 1659 parrumus,
1249 1603 1311 1650 tota
1323 1595 1418 1651 cordis

265 1671 418 1726 deuocione
442 1671 553 1742 gloriosi
578 1673 699 1730 martiris
724 1673 882 1728 inuocando
910 1671 1049 1742 suffragia
1099 1673 1132 1726 ln
1157 1675 1282 1732 crastino
1305 1695 1419 1734 summo

264 1753 386 1810 diluculo
399 1765 480 1826 portu
492 1754 588 1810 relicto
601 1757 638 1810 ad
648 1765 714 1812 vota
726 1773 804 1810 mare
813 1755 991 1820 sulcauimus,
1001 1766 1030 1811 et
1039 1757 1122 1811 beato
1134 1757 1248 1814 martire
1262 1761 1419 1818 Edmundo

224 1861 252 1912 ¹⁵
266 1837 398 1894 ducatum
410 1837 492 1892 nobis
505 1838 647 1909 prebente,
660 1840 736 1910 quod
754 1838 855 1896 mirum
871 1838 949 1894 dictu
966 1849 1010 1894 est
1022 1855 1072 1910 pro
1084 1839 1156 1894 votis
1171 1841 1368 1910 Hamptonam
1379 1847 1419 1902 ad

266 1937 370 1976 nonam
388 1920 509 1976 vidimus
526 1931 554 1976 et
573 1921 718 1977 tenuimus.
755 1922 810 1991 Qui
829 1921 1021 1992 promissionis
1040 1931 1134 1977 nostre
1152 1939 1207 1976 non
1227 1924 1420 1996 immemores,
1508 1933 1509 1936 ’

266 2005 303 2060 ad
316 2003 391 2060 beati
403 2003 523 2059 martiris
536 2003 683 2060 basilicam
696 2021 782 2076 quam
794 2004 956 2076 expedicius
968 2005 1108 2074 potuimus
1121 2007 1344 2077 properauinrus,
1352 2025 1420 2066 vota

267 2088 408 2155 soluimus,
427 2087 516 2158 ipsius
540 2104 593 2142 nos
614 2089 717 2143 deuote
738 2085 993 2159 com[m]endantes
1014 2087 1295 2158 patrocinia-Dum
1316 2094 1370 2148 hec
1390 2095 1419 2150 in

267 2169 383 2242 antiqua
406 2169 480 2240 regis
501 2169 644 2224 Edmundi
667 2171 887 2227 describeremus
912 2170 1041 2240 ecclesia,
1063 2170 1201 2226 affuenmt
1221 2183 1280 2230 tres
1305 2175 1356 2230 uiri
1382 2177 1421 2232 de
1508 2181 1509 2198 ²

224 2275 255 2311 20
269 2252 430 2319 Londoniis,
454 2251 501 2324 qui
526 2270 590 2308 curn
614 2253 738 2310 medium
763 2253 898 2310 sulcando
922 2255 1038 2324 pelagus
1062 2254 1100 2309 ad
1124 2267 1252 2310 sanctum
1283 2259 1420 2328 Egidium

267 2336 405 2391 oracionis
418 2335 512 2406 gracia
525 2337 560 2390 de
574 2335 675 2406 Augila
688 2347 878 2408 properarent,
891 2346 1005 2392 ventum
1021 2353 1079 2390 nou
1098 2337 1235 2392 habentes
1252 2357 1420 2412 prosperum

267 2418 357 2474 sancti
367 2417 488 2472 martiris
499 2417 667 2473 adiutorium
677 2419 874 2490 implorabant,
884 2419 962 2474 cuius
975 2419 1082 2475 meritis
1094 2418 1180 2475 aura¹
1192 2421 1279 2478 flante
1293 2429 1421 2482 secunda

267 2512 376 2571 portum
386 2517 469 2572 quem
480 2501 709 2558 desiderauerant
720 2501 748 2556 in
758 2501 835 2557 breui
849 2501 937 2557 sortiti
946 2512 1020 2557 sunt.
1045 2503 1116 2557 Cum
1126 2513 1220 2558 autem
1229 2507 1380 2578 redissent,
1390 2520 1420 2566 et

268 2593 365 2639 sancto
382 2583 487 2638 martiri
505 2584 616 2652 gracias
631 2584 764 2654 egissent,
778 2584 918 2642 humiliter
933 2586 1071 2654 rogabant
1090 2595 1163 2641 utet
1179 2588 1234 2642 hoe
1252 2589 1421 2650 miraculum

225 2687 254 2740 ²5
269 2665 412 2722 caritatiue
431 2665 674 2738 subtitularemus;
700 2668 800 2740 quibus
820 2685 870 2738 pro
888 2683 985 2723 amore
1004 2678 1033 2725 et
1051 2667 1272 2738 amplificacione
1294 2674 1421 2731 nominis
1508 2703 1509 2742 ;

268 2749 356 2808 sancti
371 2748 515 2804 Edmundi
527 2762 671 2820 gratanter
683 2752 832 2822 pamimus,
845 2761 872 2807 et
886 2751 1035 2822 gaudendo
1053 2769 1118 2806 cum
1135 2752 1176 2808 eis
1192 2756 1347 2826 optulimus
1364 2759 1420 2814 deo

268 2833 424 2904 graciarum
436 2831 582 2890 acciones!

451 2988 655 3058 iiQustrrsrt
674 3004 708 3047 ru
727 3005 807 3048 unru
826 3005 862 3048 sa
880 3005 1042 3050 vocnnras
1060 3007 1238 3050 transacta.

561 3105 666 3162 Uidam
684 3107 804 3162 viatores
823 3107 870 3178 qui
889 3123 1061 3164 summorum
1080 3108 1206 3164 adierant
1224 3113 1419 3180 apostolorum

593 3187 698 3258 limina,
722 3191 814 3246 Roma
843 3189 961 3260 regressi
991 3207 1109 3246 ascensa
1138 3191 1202 3246 naui
1232 3209 1303 3248 aura
1332 3195 1420 3250 flante

224 3291 257 3342 30
269 3270 394 3326 secunda
417 3269 549 3340 Angliam
574 3272 745 3342 repetebant.
783 3274 906 3343 Eratque
927 3273 1007 3328 nauis
1029 3272 1122 3344 lxiiij⁰=
1142 3273 1257 3344 capiens
1280 3277 1419 3347 homines,

268 3363 386 3424 excepta
398 3353 474 3408 varia
487 3353 671 3426 suppellectili
681 3354 803 3426 copiosa„
834 3355 964 3426 Denique
975 3356 1074 3426 grandi
1087 3355 1172 3410 maris
1184 3357 1282 3426 spacio
1294 3361 1421 3416 suauiter

269 3451 392 3502 emenso,
402 3434 477 3492 circa
484 3437 656 3506 gallicinium
665 3454 799 3508 aquarum
810 3438 946 3510 profluuio
954 3437 1053 3508 repleri
1062 3438 1178 3508 puppim
1186 3443 1418 3509 compererunt⁴t

269 3534 354 3588 quam
372 3519 497 3588 protinus
515 3521 660 3576 exhaurire
678 3520 819 3588 festinant,
838 3531 882 3576 set
899 3522 976 3576 vnda
994 3538 1173 3578 succrescens
1191 3522 1302 3578 labores
1320 3541 1419 3581 eonem

270 3598 458 3670 an[n]ullauit.
490 3602 637 3674 Siquidem
649 3604 735 3660 fracte
747 3605 842 3660 tabule
855 3604 974 3660 frustum
985 3604 1094 3671 elisum,
1106 3605 1223 3659 liberum
1235 3605 1337 3675 gurgiti
1351 3625 1420 3664 con-

225 3705 256 3756 35
271 3694 392 3739 cesserat
405 3683 543 3756 illapsum.
569 3687 654 3742 Cuius
663 3687 736 3742 mole
749 3697 866 3756 grauata
878 3688 915 3742 ad
925 3687 1021 3743 mortis
1031 3687 1184 3758 periculum
1193 3687 1275 3744 nauis
1289 3687 1418 3758 [sistitur.

270 3765 585 3840 euadendi]⁵naulragii
593 3770 685 3824 omnis
694 3770 739 3824 via
747 3769 924 3838 precluditur.
948 3772 1023 3842 Ergo
1031 3771 1420 3844 neclectasalutecorponrm,

270 3850 331 3904 sola
344 3866 394 3922 pro
406 3851 553 3906 animabus
567 3869 632 3908 cura
647 3861 774 3908 versatur
793 3852 820 3908 in
836 3852 978 3919 medium5
998 3853 1067 3908 bora
1082 3852 1242 3924 spectatur⁸
1254 3856 1420 3925 nouissima,

271 3933 342 3989 inter
356 3945 475 3991 mortem
487 3944 516 3990 et
528 3933 615 3990 vitam
628 3935 712 3991 breue
725 3935 811 3990 distat
824 3946 1005 3992 momentum
1043 3935 1119 3990 Huic
1131 3935 1282 3992 intererant
1295 3939 1354 3994 duo
1366 3941 1419 3996 viri

271 4015 402 4090 periculo,
426 4035 497 4072 vnus
521 4018 689 4073 Wluuardus
714 4018 851 4089 presbiter
874 4018 909 4073 de
935 4017 1141 4090 Schimplynge,
1161 4029 1190 4074 et
1213 4021 1285 4075 alter
1304 4023 1421 4078 nomine

226 4123 258 4170 40
272 4100 420 4166 Robertus,
433 4101 519 4154 ambo
537 4100 573 4154 de
592 4100 681 4170 patn'a
699 4101 788 4156 sancti
802 4100 955 4169 Edmundi,
968 4101 1016 4172 qui
1035 4104 1174 4171 postulato
1189 4101 1314 4168 silencio,
1326 4105 1421 4160 taliter

270 4181 361 4236 socios
380 4183 551 4254 alloquatur:
571 4183 648 4238 ‘Vin'
660 4184 769 4252 iratres,
783 4194 944 4240 constantes
957 4195 1057 4240 estote.
1094 4184 1164 4254 Quis
1177 4197 1302 4241 vestrum
1314 4197 1357 4243 est
1371 4187 1419 4258 qui

291 3145 430 3215 Sampson
438 3139 457 3197 ⁸.

302 4299 383 4350 ¹Ms.
395 4303 494 4351 natalis.
576 4301 657 4353 ‘tis
672 4319 737 4354 aure.
821 4305 886 4356 'ct
898 4305 947 4355 Tit
960 4305 977 4354 s.
991 4305 1045 4356 116.
1132 4304 1214 4356 ⁴M8.
1229 4307 1419 4372 comperierunt.

269 4363 347 4412 'om
446 4367 523 4416 ιΤίῒΙ
536 4377 685 4432 expectatur.
