<?xml version="1.0" encoding="UTF-8"?>
<!DOCTYPE html PUBLIC "-//W3C//DTD XHTML 1.0 Transitional//EN"
    "http://www.w3.org/TR/xhtml1/DTD/xhtml1-transitional.dtd">
<html xmlns="http://www.w3.org/1999/xhtml" xml:lang="en" lang="en">
 <head>
  <title>
</title>
<meta http-equiv="Content-Type" content="text/html;charset=utf-8" />
  <meta name='ocr-system' content='tesseract 3.04.00' />
  <meta name='ocr-capabilities' content='ocr_page ocr_carea ocr_par ocr_line ocrx_word'/>
</head>
<body>
  <div class='ocr_page' id='page_1' title='image "./novalegendaangl00wordgoog/novalegendaangl00wordgoog_0291.png"; bbox 0 0 3012 4898; ppageno 0'>
   <div class='ocr_carea' id='block_1_1' title="bbox 270 291 1100 402">
    <p class='ocr_par' dir='ltr' id='par_1_1' title="bbox 270 291 1100 402">
     <span class='ocr_line' id='line_1_1' title="bbox 270 291 1100 402; baseline -0.007 -14"><span class='ocrx_word' id='word_1_1' title='bbox 270 298 340 374; x_wconf 84' lang='lat'>282</span> <span class='ocrx_word' id='word_1_2' title='bbox 581 299 712 388; x_wconf 71' lang='lat' dir='ltr'>titum</span> <span class='ocrx_word' id='word_1_3' title='bbox 737 295 927 401; x_wconf 69' lang='lat' dir='ltr'>iturum</span> <span class='ocrx_word' id='word_1_4' title='bbox 951 291 1100 402; x_wconf 70' lang='lat' dir='ltr'>ancta</span> 
     </span>
    </p>
   </div>
   <div class='ocr_carea' id='block_1_2' title="bbox 215 499 1492 4254">
    <p class='ocr_par' dir='ltr' id='par_1_2' title="bbox 215 499 1492 4254">
     <span class='ocr_line' id='line_1_2' title="bbox 268 499 1432 578; baseline 0.005 -21"><span class='ocrx_word' id='word_1_5' title='bbox 268 500 363 573; x_wconf 89' lang='lat' dir='ltr'>pedes</span> <span class='ocrx_word' id='word_1_6' title='bbox 375 499 491 556; x_wconf 89' lang='lat' dir='ltr'>Patricii</span> <span class='ocrx_word' id='word_1_7' title='bbox 507 499 545 557; x_wconf 86' lang='lat' dir='ltr'>ad</span> <span class='ocrx_word' id='word_1_8' title='bbox 559 517 646 558; x_wconf 89' lang='lat' dir='ltr'>suum</span> <span class='ocrx_word' id='word_1_9' title='bbox 659 507 765 573; x_wconf 89' lang='lat' dir='ltr'>pectus</span> <span class='ocrx_word' id='word_1_10' title='bbox 777 501 942 574; x_wconf 84' lang='lat' dir='ltr'>colligabat,</span> <span class='ocrx_word' id='word_1_11' title='bbox 955 510 986 559; x_wconf 89' lang='lat' dir='ltr'>et</span> <span class='ocrx_word' id='word_1_12' title='bbox 998 500 1091 558; x_wconf 90' lang='lat' dir='ltr'>noluit</span> <span class='ocrx_word' id='word_1_13' title='bbox 1103 499 1234 558; x_wconf 83' lang='lat' dir='ltr'>domtire</span> <span class='ocrx_word' id='word_1_14' title='bbox 1248 520 1319 560; x_wconf 92' lang='lat' dir='ltr'>cum</span> <span class='ocrx_word' id='word_1_15' title='bbox 1334 513 1432 578; x_wconf 73' lang='lat' dir='ltr'>patre</span> 
     </span>
     <span class='ocr_line' id='line_1_3' title="bbox 268 587 1431 654; baseline 0.004 -10"><span class='ocrx_word' id='word_1_16' title='bbox 268 604 331 654; x_wconf 88' lang='lat' dir='ltr'>suo,</span> <span class='ocrx_word' id='word_1_17' title='bbox 340 588 394 644; x_wconf 89' lang='lat' dir='ltr'>sed</span> <span class='ocrx_word' id='word_1_18' title='bbox 404 587 495 644; x_wconf 87' lang='lat' dir='ltr'>flebat</span> <span class='ocrx_word' id='word_1_19' title='bbox 507 587 564 644; x_wconf 88' lang='lat' dir='ltr'>nisi</span> <span class='ocrx_word' id='word_1_20' title='bbox 574 605 642 645; x_wconf 90' lang='lat' dir='ltr'>cum</span> <span class='ocrx_word' id='word_1_21' title='bbox 653 587 781 645; x_wconf 89' lang='lat' dir='ltr'>Patricio</span> <span class='ocrx_word' id='word_1_22' title='bbox 791 589 945 645; x_wconf 85' lang='lat' dir='ltr'>dormiret.</span> <span class='ocrx_word' id='word_1_23' title='bbox 970 588 1045 645; x_wconf 89' lang='lat' dir='ltr'>Cum</span> <span class='ocrx_word' id='word_1_24' title='bbox 1058 597 1158 645; x_wconf 88' lang='lat' dir='ltr'>autem</span> <span class='ocrx_word' id='word_1_25' title='bbox 1171 607 1261 647; x_wconf 85' lang='lat' dir='ltr'>mane</span> <span class='ocrx_word' id='word_1_26' title='bbox 1273 591 1431 650; x_wconf 84' lang='lat' dir='ltr'>Patricius</span> 
     </span>
     <span class='ocr_line' id='line_1_4' title="bbox 268 675 1431 749; baseline 0.006 -19"><span class='ocrx_word' id='word_1_27' title='bbox 268 690 389 730; x_wconf 89' lang='lat' dir='ltr'>currum</span> <span class='ocrx_word' id='word_1_28' title='bbox 410 677 597 745; x_wconf 81' lang='lat' dir='ltr'>ascenderet,</span> <span class='ocrx_word' id='word_1_29' title='bbox 616 685 646 732; x_wconf 90' lang='lat' dir='ltr'>et</span> <span class='ocrx_word' id='word_1_30' title='bbox 664 693 724 732; x_wconf 89' lang='lat' dir='ltr'>vno</span> <span class='ocrx_word' id='word_1_31' title='bbox 743 677 821 749; x_wconf 92' lang='lat' dir='ltr'>pede</span> <span class='ocrx_word' id='word_1_32' title='bbox 840 675 870 731; x_wconf 91' lang='lat' dir='ltr'>in</span> <span class='ocrx_word' id='word_1_33' title='bbox 890 692 1010 732; x_wconf 89' lang='lat' dir='ltr'>currum</span> <span class='ocrx_word' id='word_1_34' title='bbox 1029 675 1153 746; x_wconf 88' lang='lat' dir='ltr'>eleuato,</span> <span class='ocrx_word' id='word_1_35' title='bbox 1172 677 1302 734; x_wconf 86' lang='lat' dir='ltr'>alterum</span> <span class='ocrx_word' id='word_1_36' title='bbox 1324 682 1431 737; x_wconf 89' lang='lat' dir='ltr'>tenuit</span> 
     </span>
     <span class='ocr_line' id='line_1_5' title="bbox 267 762 1429 838; baseline 0.005 -20"><span class='ocrx_word' id='word_1_37' title='bbox 267 779 344 834; x_wconf 89' lang='lat' dir='ltr'>puer</span> <span class='ocrx_word' id='word_1_38' title='bbox 354 762 464 819; x_wconf 87' lang='lat' dir='ltr'>strictis</span> <span class='ocrx_word' id='word_1_39' title='bbox 474 763 621 832; x_wconf 89' lang='lat' dir='ltr'>manibus,</span> <span class='ocrx_word' id='word_1_40' title='bbox 629 763 751 820; x_wconf 87' lang='lat' dir='ltr'>dicens:</span> <span class='ocrx_word' id='word_1_41' title='bbox 766 763 969 836; x_wconf 74' lang='lat' dir='ltr'>‘Dimitt1it]e¹</span> <span class='ocrx_word' id='word_1_42' title='bbox 981 781 1031 820; x_wconf 88' lang='lat' dir='ltr'>me</span> <span class='ocrx_word' id='word_1_43' title='bbox 1040 764 1119 837; x_wconf 86' lang='lat' dir='ltr'>apud</span> <span class='ocrx_word' id='word_1_44' title='bbox 1130 764 1290 821; x_wconf 84' lang='lat' dir='ltr'><strong>Patricium</strong></span> <span class='ocrx_word' id='word_1_45' title='bbox 1300 776 1429 838; x_wconf 88' lang='lat' dir='ltr'>patrem</span> 
     </span>
     <span class='ocr_line' id='line_1_6' title="bbox 239 849 1429 924; baseline 0.004 -19"><span class='ocrx_word' id='word_1_46' title='bbox 239 861 253 916; x_wconf 78' lang='lat'><strong>5</strong></span> <span class='ocrx_word' id='word_1_47' title='bbox 268 867 369 906; x_wconf 88' lang='lat' dir='ltr'>meum</span> <span class='ocrx_word' id='word_1_48' title='bbox 382 850 553 923; x_wconf 66' lang='lat' dir='ltr'>proprium!</span> <span class='ocrx_word' id='word_1_49' title='bbox 590 849 676 907; x_wconf 86' lang='lat' dir='ltr'>Tunc</span> <span class='ocrx_word' id='word_1_50' title='bbox 689 851 765 906; x_wconf 85' lang='lat' dir='ltr'>dixit</span> <span class='ocrx_word' id='word_1_51' title='bbox 780 861 918 908; x_wconf 87' lang='lat' dir='ltr'>sanctus:</span> <span class='ocrx_word' id='word_1_52' title='bbox 939 851 1109 924; x_wconf 87' lang='lat' dir='ltr'>‘Baptizate</span> <span class='ocrx_word' id='word_1_53' title='bbox 1122 869 1199 918; x_wconf 87' lang='lat' dir='ltr'>eum,</span> <span class='ocrx_word' id='word_1_54' title='bbox 1212 861 1242 908; x_wconf 89' lang='lat' dir='ltr'>et</span> <span class='ocrx_word' id='word_1_55' title='bbox 1255 853 1385 911; x_wconf 85' lang='lat' dir='ltr'>eleuate</span> <span class='ocrx_word' id='word_1_56' title='bbox 1398 857 1429 912; x_wconf 92' lang='lat' dir='ltr'>in</span> 
     </span>
     <span class='ocr_line' id='line_1_7' title="bbox 266 926 1429 1012; baseline 0.004 -18"><span class='ocrx_word' id='word_1_57' title='bbox 266 953 386 994; x_wconf 86' lang='lat' dir='ltr'>currum</span> <span class='ocrx_word' id='word_1_58' title='bbox 397 957 404 994; x_wconf 92' lang='lat'><strong>:</strong></span> <span class='ocrx_word' id='word_1_59' title='bbox 424 937 566 1010; x_wconf 87' lang='lat' dir='ltr'>quoniam</span> <span class='ocrx_word' id='word_1_60' title='bbox 577 937 666 995; x_wconf 90' lang='lat' dir='ltr'>heres</span> <span class='ocrx_word' id='word_1_61' title='bbox 675 937 761 1012; x_wconf 86' lang='lat' dir='ltr'>regni</span> <span class='ocrx_word' id='word_1_62' title='bbox 770 938 837 994; x_wconf 83' lang='lat' dir='ltr'>dei’</span> <span class='ocrx_word' id='word_1_63' title='bbox 849 940 913 994; x_wconf 70' lang='lat' dir='ltr'>est!</span> <span class='ocrx_word' id='word_1_64' title='bbox 978 926 1052 995; x_wconf 88' lang='lat' dir='ltr'><strong>Post</strong></span> <span class='ocrx_word' id='word_1_65' title='bbox 1065 939 1121 995; x_wconf 86' lang='lat' dir='ltr'>hec</span> <span class='ocrx_word' id='word_1_66' title='bbox 1129 939 1212 995; x_wconf 87' lang='lat' dir='ltr'>venit</span> <span class='ocrx_word' id='word_1_67' title='bbox 1224 939 1381 998; x_wconf 80' lang='lat' dir='ltr'><strong>Patricius</strong></span> <span class='ocrx_word' id='word_1_68' title='bbox 1390 944 1429 999; x_wconf 90' lang='lat' dir='ltr'>ad</span> 
     </span>
     <span class='ocr_line' id='line_1_8' title="bbox 267 1025 1430 1100; baseline 0.004 -18"><span class='ocrx_word' id='word_1_69' title='bbox 267 1042 406 1100; x_wconf 86' lang='lat' dir='ltr'>campum</span> <span class='ocrx_word' id='word_1_70' title='bbox 433 1027 521 1100; x_wconf 90' lang='lat' dir='ltr'>Breg‚</span> <span class='ocrx_word' id='word_1_71' title='bbox 545 1037 577 1084; x_wconf 86' lang='lat' dir='ltr'>vt</span> <span class='ocrx_word' id='word_1_72' title='bbox 602 1027 714 1100; x_wconf 88' lang='lat' dir='ltr'>pascha</span> <span class='ocrx_word' id='word_1_73' title='bbox 739 1025 923 1097; x_wconf 80' lang='lat' dir='ltr'>celebraret3</span> <span class='ocrx_word' id='word_1_74' title='bbox 950 1035 980 1088; x_wconf 87' lang='lat' dir='ltr'>et</span> <span class='ocrx_word' id='word_1_75' title='bbox 1011 1027 1112 1100; x_wconf 81' lang='lat' dir='ltr'>ignem</span> <span class='ocrx_word' id='word_1_76' title='bbox 1137 1028 1299 1084; x_wconf 88' lang='lat' dir='ltr'>succendit.</span> <span class='ocrx_word' id='word_1_77' title='bbox 1351 1029 1430 1086; x_wconf 83' lang='lat' dir='ltr'>Erat</span> 
     </span>
     <span class='ocr_line' id='line_1_9' title="bbox 266 1113 1429 1189; baseline 0.002 -18"><span class='ocrx_word' id='word_1_78' title='bbox 266 1123 366 1171; x_wconf 87' lang='lat' dir='ltr'>autem</span> <span class='ocrx_word' id='word_1_79' title='bbox 380 1133 488 1188; x_wconf 86' lang='lat' dir='ltr'>magna</span> <span class='ocrx_word' id='word_1_80' title='bbox 502 1114 699 1187; x_wconf 77' lang='lat' dir='ltr'>solempnitas</span> <span class='ocrx_word' id='word_1_81' title='bbox 712 1113 742 1170; x_wconf 95' lang='lat' dir='ltr'>in</span> <span class='ocrx_word' id='word_1_82' title='bbox 756 1113 821 1172; x_wconf 87' lang='lat' dir='ltr'>ioco</span> <span class='ocrx_word' id='word_1_83' title='bbox 833 1115 891 1181; x_wconf 91' lang='lat' dir='ltr'>illo,</span> <span class='ocrx_word' id='word_1_84' title='bbox 904 1115 934 1170; x_wconf 95' lang='lat' dir='ltr'>in</span> <span class='ocrx_word' id='word_1_85' title='bbox 945 1131 1004 1188; x_wconf 88' lang='lat' dir='ltr'>qua</span> <span class='ocrx_word' id='word_1_86' title='bbox 1016 1131 1083 1171; x_wconf 91' lang='lat' dir='ltr'>mos</span> <span class='ocrx_word' id='word_1_87' title='bbox 1095 1123 1160 1171; x_wconf 85' lang='lat' dir='ltr'>erat</span> <span class='ocrx_word' id='word_1_88' title='bbox 1168 1123 1200 1171; x_wconf 92' lang='lat' dir='ltr'>vt</span> <span class='ocrx_word' id='word_1_89' title='bbox 1213 1131 1304 1172; x_wconf 87' lang='lat' dir='ltr'>nemo</span> <span class='ocrx_word' id='word_1_90' title='bbox 1314 1115 1429 1189; x_wconf 82' lang='lat' dir='ltr'>ignem</span> 
     </span>
     <span class='ocr_line' id='line_1_10' title="bbox 266 1200 1427 1275; baseline 0.003 -16"><span class='ocrx_word' id='word_1_91' title='bbox 266 1204 462 1260; x_wconf 88' lang='lat' dir='ltr'>succenderet</span> <span class='ocrx_word' id='word_1_92' title='bbox 474 1203 505 1258; x_wconf 94' lang='lat' dir='ltr'>in</span> <span class='ocrx_word' id='word_1_93' title='bbox 516 1202 599 1258; x_wconf 89' lang='lat' dir='ltr'>omni</span> <span class='ocrx_word' id='word_1_94' title='bbox 613 1201 774 1275; x_wconf 86' lang='lat' dir='ltr'>prouincia,</span> <span class='ocrx_word' id='word_1_95' title='bbox 783 1203 879 1258; x_wconf 92' lang='lat' dir='ltr'>donec</span> <span class='ocrx_word' id='word_1_96' title='bbox 889 1201 973 1274; x_wconf 90' lang='lat' dir='ltr'>prius</span> <span class='ocrx_word' id='word_1_97' title='bbox 985 1203 1016 1257; x_wconf 91' lang='lat' dir='ltr'>in</span> <span class='ocrx_word' id='word_1_98' title='bbox 1027 1200 1078 1257; x_wconf 91' lang='lat' dir='ltr'>ilio</span> <span class='ocrx_word' id='word_1_99' title='bbox 1088 1200 1152 1258; x_wconf 89' lang='lat' dir='ltr'>ioco</span> <span class='ocrx_word' id='word_1_100' title='bbox 1164 1219 1313 1260; x_wconf 86' lang='lat' dir='ltr'>accensus</span> <span class='ocrx_word' id='word_1_101' title='bbox 1327 1215 1427 1262; x_wconf 85' lang='lat' dir='ltr'>esset</span> 
     </span>
     <span class='ocr_line' id='line_1_11' title="bbox 223 1288 1428 1364; baseline 0.004 -20"><span class='ocrx_word' id='word_1_102' title='bbox 223 1303 254 1346; x_wconf 84' lang='lat' dir='ltr'>to</span> <span class='ocrx_word' id='word_1_103' title='bbox 267 1288 343 1345; x_wconf 91' lang='lat' dir='ltr'>Cum</span> <span class='ocrx_word' id='word_1_104' title='bbox 357 1299 458 1346; x_wconf 87' lang='lat' dir='ltr'>autem</span> <span class='ocrx_word' id='word_1_105' title='bbox 472 1307 526 1346; x_wconf 89' lang='lat' dir='ltr'>rex</span> <span class='ocrx_word' id='word_1_106' title='bbox 542 1289 691 1362; x_wconf 90' lang='lat' dir='ltr'>Leogaire</span> <span class='ocrx_word' id='word_1_107' title='bbox 704 1289 828 1346; x_wconf 90' lang='lat' dir='ltr'>vidisset</span> <span class='ocrx_word' id='word_1_108' title='bbox 846 1289 956 1362; x_wconf 87' lang='lat' dir='ltr'>ignem,</span> <span class='ocrx_word' id='word_1_109' title='bbox 969 1289 1025 1346; x_wconf 88' lang='lat' dir='ltr'>ait:</span> <span class='ocrx_word' id='word_1_110' title='bbox 1046 1289 1138 1358; x_wconf 82' lang='lat' dir='ltr'>‘Quis</span> <span class='ocrx_word' id='word_1_111' title='bbox 1150 1307 1241 1346; x_wconf 90' lang='lat' dir='ltr'>ausus</span> <span class='ocrx_word' id='word_1_112' title='bbox 1253 1299 1301 1346; x_wconf 87' lang='lat' dir='ltr'>est</span> <span class='ocrx_word' id='word_1_113' title='bbox 1314 1290 1428 1364; x_wconf 84' lang='lat' dir='ltr'>ignem</span> 
     </span>
     <span class='ocr_line' id='line_1_12' title="bbox 267 1376 1428 1450; baseline 0.003 -18"><span class='ocrx_word' id='word_1_114' title='bbox 267 1378 432 1434; x_wconf 79' lang='lat' dir='ltr'>accendere</span> <span class='ocrx_word' id='word_1_115' title='bbox 442 1379 538 1434; x_wconf 88' lang='lat' dir='ltr'>donee</span> <span class='ocrx_word' id='word_1_116' title='bbox 553 1377 637 1450; x_wconf 88' lang='lat' dir='ltr'>prius</span> <span class='ocrx_word' id='word_1_117' title='bbox 650 1376 679 1433; x_wconf 92' lang='lat' dir='ltr'>in</span> <span class='ocrx_word' id='word_1_118' title='bbox 689 1378 780 1433; x_wconf 91' lang='lat' dir='ltr'>domo</span> <span class='ocrx_word' id='word_1_119' title='bbox 790 1393 858 1434; x_wconf 87' lang='lat' dir='ltr'>mea</span> <span class='ocrx_word' id='word_1_120' title='bbox 867 1378 1079 1434; x_wconf 78' lang='lat' dir='ltr'>accendaturi&#39;</span> <span class='ocrx_word' id='word_1_121' title='bbox 1110 1376 1166 1434; x_wconf 91' lang='lat' dir='ltr'>Cui</span> <span class='ocrx_word' id='word_1_122' title='bbox 1176 1394 1283 1449; x_wconf 88' lang='lat' dir='ltr'>magus</span> <span class='ocrx_word' id='word_1_123' title='bbox 1293 1379 1428 1450; x_wconf 87' lang='lat' dir='ltr'>quidam</span> 
     </span>
     <span class='ocr_line' id='line_1_13' title="bbox 266 1463 1427 1538; baseline 0.002 -16"><span class='ocrx_word' id='word_1_124' title='bbox 266 1465 324 1522; x_wconf 86' lang='lat' dir='ltr'>ait:</span> <span class='ocrx_word' id='word_1_125' title='bbox 345 1465 426 1522; x_wconf 87' lang='lat' dir='ltr'>‘Nisi</span> <span class='ocrx_word' id='word_1_126' title='bbox 440 1465 519 1538; x_wconf 90' lang='lat' dir='ltr'>ignis</span> <span class='ocrx_word' id='word_1_127' title='bbox 532 1465 590 1522; x_wconf 88' lang='lat' dir='ltr'>iste</span> <span class='ocrx_word' id='word_1_128' title='bbox 602 1463 793 1537; x_wconf 82' lang='lat' dir='ltr'>extinguatur</span> <span class='ocrx_word' id='word_1_129' title='bbox 805 1464 835 1520; x_wconf 94' lang='lat' dir='ltr'>in</span> <span class='ocrx_word' id='word_1_130' title='bbox 850 1464 905 1521; x_wconf 86' lang='lat' dir='ltr'>bac</span> <span class='ocrx_word' id='word_1_131' title='bbox 918 1474 1013 1532; x_wconf 88' lang='lat' dir='ltr'>nocte,</span> <span class='ocrx_word' id='word_1_132' title='bbox 1024 1464 1090 1537; x_wconf 91' lang='lat' dir='ltr'>ipse</span> <span class='ocrx_word' id='word_1_133' title='bbox 1101 1463 1302 1538; x_wconf 88' lang='lat' dir='ltr'>principatum</span> <span class='ocrx_word' id='word_1_134' title='bbox 1315 1465 1352 1522; x_wconf 92' lang='lat' dir='ltr'>in</span> <span class='ocrx_word' id='word_1_135' title='bbox 1369 1467 1427 1524; x_wconf 89' lang='lat' dir='ltr'>bac</span> 
     </span>
     <span class='ocr_line' id='line_1_14' title="bbox 266 1550 1428 1624; baseline 0.003 -17"><span class='ocrx_word' id='word_1_136' title='bbox 266 1550 364 1608; x_wconf 89' lang='lat' dir='ltr'>insuia</span> <span class='ocrx_word' id='word_1_137' title='bbox 378 1552 491 1609; x_wconf 91' lang='lat' dir='ltr'>tenebit</span> <span class='ocrx_word' id='word_1_138' title='bbox 511 1552 541 1608; x_wconf 92' lang='lat' dir='ltr'>in</span> <span class='ocrx_word' id='word_1_139' title='bbox 557 1561 703 1622; x_wconf 88' lang='lat' dir='ltr'>eternum,</span> <span class='ocrx_word' id='word_1_140' title='bbox 717 1561 747 1608; x_wconf 91' lang='lat' dir='ltr'>et</span> <span class='ocrx_word' id='word_1_141' title='bbox 765 1551 805 1608; x_wconf 92' lang='lat' dir='ltr'>hii</span> <span class='ocrx_word' id='word_1_142' title='bbox 824 1569 892 1608; x_wconf 85' lang='lat' dir='ltr'>cum</span> <span class='ocrx_word' id='word_1_143' title='bbox 907 1551 1016 1624; x_wconf 86' lang='lat' dir='ltr'>quibus</span> <span class='ocrx_word' id='word_1_144' title='bbox 1035 1551 1092 1607; x_wconf 88' lang='lat' dir='ltr'>erit</span> <span class='ocrx_word' id='word_1_145' title='bbox 1106 1551 1240 1608; x_wconf 78' lang='lat' dir='ltr'>doctrina</span> <span class='ocrx_word' id='word_1_146' title='bbox 1256 1551 1344 1610; x_wconf 74' lang='lat' dir='ltr'>eius&#39;</span> <span class='ocrx_word' id='word_1_147' title='bbox 1389 1555 1428 1611; x_wconf 84' lang='lat' dir='ltr'>Et</span> 
     </span>
     <span class='ocr_line' id='line_1_15' title="bbox 266 1638 1427 1715; baseline 0.003 -19"><span class='ocrx_word' id='word_1_148' title='bbox 266 1639 400 1712; x_wconf 87' lang='lat' dir='ltr'>perrexit</span> <span class='ocrx_word' id='word_1_149' title='bbox 416 1657 472 1698; x_wconf 85' lang='lat' dir='ltr'>rex</span> <span class='ocrx_word' id='word_1_150' title='bbox 489 1657 556 1696; x_wconf 90' lang='lat' dir='ltr'>cum</span> <span class='ocrx_word' id='word_1_151' title='bbox 571 1657 626 1696; x_wconf 89' lang='lat' dir='ltr'>suo</span> <span class='ocrx_word' id='word_1_152' title='bbox 638 1639 781 1708; x_wconf 87' lang='lat' dir='ltr'>exercitu,</span> <span class='ocrx_word' id='word_1_153' title='bbox 794 1648 826 1696; x_wconf 89' lang='lat' dir='ltr'>vt</span> <span class='ocrx_word' id='word_1_154' title='bbox 842 1639 944 1712; x_wconf 86' lang='lat' dir='ltr'>ignem</span> <span class='ocrx_word' id='word_1_155' title='bbox 961 1639 1157 1712; x_wconf 84' lang='lat' dir='ltr'>extingueret.</span> <span class='ocrx_word' id='word_1_156' title='bbox 1196 1638 1233 1694; x_wconf 84' lang='lat' dir='ltr'>Et</span> <span class='ocrx_word' id='word_1_157' title='bbox 1249 1639 1290 1694; x_wconf 87' lang='lat' dir='ltr'>ait</span> <span class='ocrx_word' id='word_1_158' title='bbox 1309 1657 1427 1715; x_wconf 86' lang='lat' dir='ltr'>magus</span> 
     </span>
     <span class='ocr_line' id='line_1_16' title="bbox 223 1726 1426 1801; baseline 0.003 -19"><span class='ocrx_word' id='word_1_159' title='bbox 223 1741 252 1798; x_wconf 78' lang='lat'>¹⁵</span> <span class='ocrx_word' id='word_1_160' title='bbox 266 1728 303 1783; x_wconf 87' lang='lat' dir='ltr'>ad</span> <span class='ocrx_word' id='word_1_161' title='bbox 323 1744 443 1801; x_wconf 85' lang='lat' dir='ltr'>regem:</span> <span class='ocrx_word' id='word_1_162' title='bbox 467 1727 553 1783; x_wconf 86' lang='lat' dir='ltr'>‘Noli</span> <span class='ocrx_word' id='word_1_163' title='bbox 571 1735 604 1783; x_wconf 92' lang='lat' dir='ltr'>tu</span> <span class='ocrx_word' id='word_1_164' title='bbox 622 1727 706 1783; x_wconf 88' lang='lat' dir='ltr'>exire</span> <span class='ocrx_word' id='word_1_165' title='bbox 725 1728 762 1784; x_wconf 90' lang='lat' dir='ltr'>ad</span> <span class='ocrx_word' id='word_1_166' title='bbox 782 1726 936 1784; x_wconf 90' lang='lat' dir='ltr'>hominem</span> <span class='ocrx_word' id='word_1_167' title='bbox 954 1726 1047 1794; x_wconf 86' lang='lat' dir='ltr'>illum,</span> <span class='ocrx_word' id='word_1_168' title='bbox 1066 1743 1104 1783; x_wconf 90' lang='lat' dir='ltr'>ne</span> <span class='ocrx_word' id='word_1_169' title='bbox 1122 1727 1229 1782; x_wconf 84' lang='lat' dir='ltr'>adores</span> <span class='ocrx_word' id='word_1_170' title='bbox 1248 1743 1340 1796; x_wconf 88' lang='lat' dir='ltr'>eum;</span> <span class='ocrx_word' id='word_1_171' title='bbox 1367 1732 1426 1786; x_wconf 87' lang='lat' dir='ltr'>sed</span> 
     </span>
     <span class='ocr_line' id='line_1_17' title="bbox 266 1813 1426 1886; baseline 0.003 -16"><span class='ocrx_word' id='word_1_172' title='bbox 266 1813 315 1870; x_wconf 90' lang='lat' dir='ltr'>ilie</span> <span class='ocrx_word' id='word_1_173' title='bbox 335 1824 458 1873; x_wconf 88' lang='lat' dir='ltr'>vocetur</span> <span class='ocrx_word' id='word_1_174' title='bbox 481 1815 518 1871; x_wconf 90' lang='lat' dir='ltr'>ad</span> <span class='ocrx_word' id='word_1_175' title='bbox 541 1823 580 1883; x_wconf 90' lang='lat' dir='ltr'>te,</span> <span class='ocrx_word' id='word_1_176' title='bbox 599 1823 629 1872; x_wconf 85' lang='lat' dir='ltr'>et</span> <span class='ocrx_word' id='word_1_177' title='bbox 653 1831 743 1871; x_wconf 90' lang='lat' dir='ltr'>nemo</span> <span class='ocrx_word' id='word_1_178' title='bbox 765 1821 902 1886; x_wconf 82' lang='lat' dir='ltr'>assurgat</span> <span class='ocrx_word' id='word_1_179' title='bbox 926 1813 957 1869; x_wconf 89' lang='lat' dir='ltr'>in</span> <span class='ocrx_word' id='word_1_180' title='bbox 979 1813 1109 1870; x_wconf 88' lang='lat' dir='ltr'>aduentu</span> <span class='ocrx_word' id='word_1_181' title='bbox 1133 1813 1215 1870; x_wconf 78' lang='lat' dir='ltr'>eius.¹</span> <span class='ocrx_word' id='word_1_182' title='bbox 1253 1813 1317 1870; x_wconf 90' lang='lat' dir='ltr'>Sed</span> <span class='ocrx_word' id='word_1_183' title='bbox 1340 1833 1426 1874; x_wconf 89' lang='lat' dir='ltr'>vnus</span> 
     </span>
     <span class='ocr_line' id='line_1_18' title="bbox 266 1900 1426 1976; baseline 0.004 -19"><span class='ocrx_word' id='word_1_184' title='bbox 266 1909 365 1958; x_wconf 90' lang='lat' dir='ltr'>tamen</span> <span class='ocrx_word' id='word_1_185' title='bbox 377 1921 416 1960; x_wconf 90' lang='lat' dir='ltr'>ex</span> <span class='ocrx_word' id='word_1_186' title='bbox 426 1902 493 1972; x_wconf 87' lang='lat' dir='ltr'>illis,</span> <span class='ocrx_word' id='word_1_187' title='bbox 502 1904 624 1959; x_wconf 88' lang='lat' dir='ltr'>nomine</span> <span class='ocrx_word' id='word_1_188' title='bbox 636 1901 721 1976; x_wconf 86' lang='lat' dir='ltr'>Dego</span> <span class='ocrx_word' id='word_1_189' title='bbox 731 1901 751 1972; x_wconf 83' lang='lat'>⁸,</span> <span class='ocrx_word' id='word_1_190' title='bbox 762 1901 909 1958; x_wconf 85' lang='lat' dir='ltr'>surrexit:</span> <span class='ocrx_word' id='word_1_191' title='bbox 929 1909 959 1957; x_wconf 89' lang='lat' dir='ltr'>et</span> <span class='ocrx_word' id='word_1_192' title='bbox 968 1900 1120 1957; x_wconf 86' lang='lat' dir='ltr'>benedixit</span> <span class='ocrx_word' id='word_1_193' title='bbox 1128 1900 1211 1957; x_wconf 90' lang='lat' dir='ltr'>ilium</span> <span class='ocrx_word' id='word_1_194' title='bbox 1223 1900 1386 1975; x_wconf 77' lang='lat' dir='ltr'>Patricius,</span> <span class='ocrx_word' id='word_1_195' title='bbox 1395 1914 1426 1962; x_wconf 89' lang='lat' dir='ltr'>et</span> 
     </span>
     <span class='ocr_line' id='line_1_19' title="bbox 265 1975 1424 2062; baseline 0.003 -17"><span class='ocrx_word' id='word_1_196' title='bbox 265 1989 357 2046; x_wconf 86' lang='lat' dir='ltr'>vitam</span> <span class='ocrx_word' id='word_1_197' title='bbox 367 1998 503 2046; x_wconf 87' lang='lat' dir='ltr'>eternam</span> <span class='ocrx_word' id='word_1_198' title='bbox 514 1989 652 2062; x_wconf 85' lang='lat' dir='ltr'>promisit</span> <span class='ocrx_word' id='word_1_199' title='bbox 665 1989 710 2059; x_wconf 88' lang='lat' dir='ltr'>ei;</span> <span class='ocrx_word' id='word_1_200' title='bbox 729 1999 760 2046; x_wconf 88' lang='lat' dir='ltr'>et</span> <span class='ocrx_word' id='word_1_201' title='bbox 773 1990 821 2045; x_wconf 91' lang='lat' dir='ltr'>ille</span> <span class='ocrx_word' id='word_1_202' title='bbox 831 1987 956 2045; x_wconf 87' lang='lat' dir='ltr'>credidit</span> <span class='ocrx_word' id='word_1_203' title='bbox 965 1989 1031 2045; x_wconf 89' lang='lat' dir='ltr'>deo.</span> <span class='ocrx_word' id='word_1_204' title='bbox 1093 1975 1170 2044; x_wconf 85' lang='lat' dir='ltr'>Erat</span> <span class='ocrx_word' id='word_1_205' title='bbox 1181 1997 1282 2044; x_wconf 88' lang='lat' dir='ltr'>autem</span> <span class='ocrx_word' id='word_1_206' title='bbox 1292 1993 1424 2062; x_wconf 86' lang='lat' dir='ltr'>quidam</span> 
     </span>
     <span class='ocr_line' id='line_1_20' title="bbox 266 2073 1425 2150; baseline 0.003 -17"><span class='ocrx_word' id='word_1_207' title='bbox 266 2091 373 2149; x_wconf 84' lang='lat' dir='ltr'>magus</span> <span class='ocrx_word' id='word_1_208' title='bbox 385 2077 436 2149; x_wconf 93' lang='lat' dir='ltr'>qui</span> <span class='ocrx_word' id='word_1_209' title='bbox 452 2077 583 2150; x_wconf 86' lang='lat' dir='ltr'>grauiter</span> <span class='ocrx_word' id='word_1_210' title='bbox 596 2077 755 2134; x_wconf 87' lang='lat' dir='ltr'>resistebat</span> <span class='ocrx_word' id='word_1_211' title='bbox 768 2077 842 2132; x_wconf 91' lang='lat' dir='ltr'>deo:</span> <span class='ocrx_word' id='word_1_212' title='bbox 863 2077 947 2133; x_wconf 88' lang='lat' dir='ltr'>cuius</span> <span class='ocrx_word' id='word_1_213' title='bbox 964 2073 1153 2132; x_wconf 89' lang='lat' dir='ltr'>obstinatiam</span> <span class='ocrx_word' id='word_1_214' title='bbox 1165 2076 1272 2132; x_wconf 87' lang='lat' dir='ltr'>videns</span> <span class='ocrx_word' id='word_1_215' title='bbox 1291 2088 1425 2136; x_wconf 89' lang='lat' dir='ltr'>sanctus</span> 
     </span>
     <span class='ocr_line' id='line_1_21' title="bbox 222 2163 1425 2242; baseline 0.003 -22"><span class='ocrx_word' id='word_1_216' title='bbox 222 2181 254 2222; x_wconf 79' lang='lat' dir='ltr'>oo</span> <span class='ocrx_word' id='word_1_217' title='bbox 266 2165 305 2221; x_wconf 88' lang='lat' dir='ltr'>ait</span> <span class='ocrx_word' id='word_1_218' title='bbox 323 2165 361 2222; x_wconf 91' lang='lat' dir='ltr'>ad</span> <span class='ocrx_word' id='word_1_219' title='bbox 375 2165 549 2223; x_wconf 85' lang='lat' dir='ltr'>dominum:</span> <span class='ocrx_word' id='word_1_220' title='bbox 570 2164 718 2242; x_wconf 74' lang='lat' dir='ltr'>‘Domine</span> <span class='ocrx_word' id='word_1_221' title='bbox 735 2163 786 2237; x_wconf 89' lang='lat' dir='ltr'>qui</span> <span class='ocrx_word' id='word_1_222' title='bbox 804 2163 905 2220; x_wconf 89' lang='lat' dir='ltr'>omnia</span> <span class='ocrx_word' id='word_1_223' title='bbox 923 2173 1019 2236; x_wconf 89' lang='lat' dir='ltr'>potes,</span> <span class='ocrx_word' id='word_1_224' title='bbox 1032 2164 1080 2219; x_wconf 93' lang='lat' dir='ltr'>hic</span> <span class='ocrx_word' id='word_1_225' title='bbox 1096 2163 1208 2237; x_wconf 88' lang='lat' dir='ltr'>impius</span> <span class='ocrx_word' id='word_1_226' title='bbox 1224 2164 1425 2237; x_wconf 85' lang='lat' dir='ltr'>blasphemat</span> 
     </span>
     <span class='ocr_line' id='line_1_22' title="bbox 266 2250 1424 2321; baseline 0.003 -14"><span class='ocrx_word' id='word_1_227' title='bbox 266 2269 377 2308; x_wconf 90' lang='lat' dir='ltr'>nomen</span> <span class='ocrx_word' id='word_1_228' title='bbox 396 2262 497 2309; x_wconf 90' lang='lat' dir='ltr'>tuum:</span> <span class='ocrx_word' id='word_1_229' title='bbox 517 2253 604 2310; x_wconf 84' lang='lat' dir='ltr'>eleua</span> <span class='ocrx_word' id='word_1_230' title='bbox 622 2251 706 2308; x_wconf 90' lang='lat' dir='ltr'>ilium</span> <span class='ocrx_word' id='word_1_231' title='bbox 726 2251 814 2320; x_wconf 81' lang='lat' dir='ltr'>foras,</span> <span class='ocrx_word' id='word_1_232' title='bbox 832 2260 862 2308; x_wconf 89' lang='lat' dir='ltr'>ct</span> <span class='ocrx_word' id='word_1_233' title='bbox 881 2251 938 2307; x_wconf 91' lang='lat' dir='ltr'>cito</span> <span class='ocrx_word' id='word_1_234' title='bbox 957 2251 1116 2307; x_wconf 69' lang='lat' dir='ltr'>moriatur!</span> <span class='ocrx_word' id='word_1_235' title='bbox 1153 2250 1222 2308; x_wconf 90' lang='lat' dir='ltr'>Hiis</span> <span class='ocrx_word' id='word_1_236' title='bbox 1240 2251 1337 2321; x_wconf 90' lang='lat' dir='ltr'>dictis,</span> <span class='ocrx_word' id='word_1_237' title='bbox 1358 2256 1424 2311; x_wconf 85' lang='lat' dir='ltr'>eie·</span> 
     </span>
     <span class='ocr_line' id='line_1_23' title="bbox 266 2338 1425 2413; baseline 0.003 -18"><span class='ocrx_word' id='word_1_238' title='bbox 266 2349 353 2396; x_wconf 88' lang='lat' dir='ltr'>uatus</span> <span class='ocrx_word' id='word_1_239' title='bbox 371 2349 418 2396; x_wconf 89' lang='lat' dir='ltr'>est</span> <span class='ocrx_word' id='word_1_240' title='bbox 437 2356 542 2413; x_wconf 88' lang='lat' dir='ltr'>magus</span> <span class='ocrx_word' id='word_1_241' title='bbox 561 2340 591 2396; x_wconf 90' lang='lat' dir='ltr'>in</span> <span class='ocrx_word' id='word_1_242' title='bbox 609 2357 689 2409; x_wconf 86' lang='lat' dir='ltr'>aere,</span> <span class='ocrx_word' id='word_1_243' title='bbox 703 2348 732 2396; x_wconf 90' lang='lat' dir='ltr'>et</span> <span class='ocrx_word' id='word_1_244' title='bbox 751 2339 861 2395; x_wconf 89' lang='lat' dir='ltr'>iterum</span> <span class='ocrx_word' id='word_1_245' title='bbox 878 2339 1029 2396; x_wconf 86' lang='lat' dir='ltr'>demissus</span> <span class='ocrx_word' id='word_1_246' title='bbox 1045 2339 1084 2394; x_wconf 91' lang='lat' dir='ltr'>de</span> <span class='ocrx_word' id='word_1_247' title='bbox 1102 2338 1308 2411; x_wconf 80' lang='lat' dir='ltr'>superiacum</span> <span class='ocrx_word' id='word_1_248' title='bbox 1325 2341 1425 2412; x_wconf 86' lang='lat' dir='ltr'>giobo</span> 
     </span>
     <span class='ocr_line' id='line_1_24' title="bbox 265 2427 1423 2500; baseline 0.002 -16"><span class='ocrx_word' id='word_1_249' title='bbox 265 2427 353 2496; x_wconf 89' lang='lat' dir='ltr'>niuis,</span> <span class='ocrx_word' id='word_1_250' title='bbox 371 2444 461 2484; x_wconf 87' lang='lat' dir='ltr'>verso</span> <span class='ocrx_word' id='word_1_251' title='bbox 480 2427 577 2500; x_wconf 90' lang='lat' dir='ltr'>capite</span> <span class='ocrx_word' id='word_1_252' title='bbox 599 2428 636 2483; x_wconf 88' lang='lat' dir='ltr'>ad</span> <span class='ocrx_word' id='word_1_253' title='bbox 657 2427 797 2500; x_wconf 90' lang='lat' dir='ltr'>lapidem,</span> <span class='ocrx_word' id='word_1_254' title='bbox 817 2427 1018 2484; x_wconf 89' lang='lat' dir='ltr'>comminutus</span> <span class='ocrx_word' id='word_1_255' title='bbox 1036 2435 1066 2483; x_wconf 90' lang='lat' dir='ltr'>et</span> <span class='ocrx_word' id='word_1_256' title='bbox 1085 2436 1219 2482; x_wconf 75' lang='lat' dir='ltr'>mortuus</span> <span class='ocrx_word' id='word_1_257' title='bbox 1237 2437 1291 2483; x_wconf 91' lang='lat' dir='ltr'>est.</span> <span class='ocrx_word' id='word_1_258' title='bbox 1327 2427 1423 2486; x_wconf 87' lang='lat' dir='ltr'>Tunc</span> 
     </span>
     <span class='ocr_line' id='line_1_25' title="bbox 265 2514 1423 2585; baseline 0.002 -13"><span class='ocrx_word' id='word_1_259' title='bbox 265 2533 319 2572; x_wconf 88' lang='lat' dir='ltr'>rex</span> <span class='ocrx_word' id='word_1_260' title='bbox 333 2517 425 2573; x_wconf 90' lang='lat' dir='ltr'>iratus</span> <span class='ocrx_word' id='word_1_261' title='bbox 438 2515 569 2574; x_wconf 87' lang='lat' dir='ltr'>surrexit</span> <span class='ocrx_word' id='word_1_262' title='bbox 583 2533 651 2572; x_wconf 89' lang='lat' dir='ltr'>cum</span> <span class='ocrx_word' id='word_1_263' title='bbox 661 2533 716 2573; x_wconf 89' lang='lat' dir='ltr'>suo</span> <span class='ocrx_word' id='word_1_264' title='bbox 726 2516 910 2585; x_wconf 88' lang='lat' dir='ltr'>exercitu,vt</span> <span class='ocrx_word' id='word_1_265' title='bbox 923 2525 1059 2571; x_wconf 85' lang='lat' dir='ltr'>sanctum</span> <span class='ocrx_word' id='word_1_266' title='bbox 1073 2515 1228 2570; x_wconf 87' lang='lat' dir='ltr'>occideret</span> <span class='ocrx_word' id='word_1_267' title='bbox 1262 2514 1301 2570; x_wconf 88' lang='lat' dir='ltr'>Et</span> <span class='ocrx_word' id='word_1_268' title='bbox 1313 2518 1423 2574; x_wconf 85' lang='lat' dir='ltr'>statim</span> 
     </span>
     <span class='ocr_line' id='line_1_26' title="bbox 220 2601 1423 2676; baseline 0.003 -18"><span class='ocrx_word' id='word_1_269' title='bbox 220 2619 251 2672; x_wconf 76' lang='lat'>²⁵</span> <span class='ocrx_word' id='word_1_270' title='bbox 266 2612 445 2661; x_wconf 87' lang='lat' dir='ltr'>terremotus</span> <span class='ocrx_word' id='word_1_271' title='bbox 464 2603 559 2660; x_wconf 84' lang='lat' dir='ltr'>iactus</span> <span class='ocrx_word' id='word_1_272' title='bbox 578 2612 624 2660; x_wconf 89' lang='lat' dir='ltr'>est</span> <span class='ocrx_word' id='word_1_273' title='bbox 643 2620 778 2676; x_wconf 86' lang='lat' dir='ltr'>magnus,</span> <span class='ocrx_word' id='word_1_274' title='bbox 792 2611 822 2658; x_wconf 90' lang='lat' dir='ltr'>et</span> <span class='ocrx_word' id='word_1_275' title='bbox 840 2602 986 2659; x_wconf 89' lang='lat' dir='ltr'>tonitrus⁴</span> <span class='ocrx_word' id='word_1_276' title='bbox 1003 2611 1033 2658; x_wconf 91' lang='lat' dir='ltr'>et</span> <span class='ocrx_word' id='word_1_277' title='bbox 1050 2601 1129 2675; x_wconf 87' lang='lat' dir='ltr'>ignis</span> <span class='ocrx_word' id='word_1_278' title='bbox 1147 2610 1177 2657; x_wconf 87' lang='lat' dir='ltr'>et</span> <span class='ocrx_word' id='word_1_279' title='bbox 1194 2610 1304 2659; x_wconf 89' lang='lat' dir='ltr'>ventus</span> <span class='ocrx_word' id='word_1_280' title='bbox 1322 2605 1423 2662; x_wconf 85' lang='lat' dir='ltr'>vehe-</span> 
     </span>
     <span class='ocr_line' id='line_1_27' title="bbox 265 2689 1422 2763; baseline 0.001 -16"><span class='ocrx_word' id='word_1_281' title='bbox 265 2708 352 2748; x_wconf 86' lang='lat' dir='ltr'>mens</span> <span class='ocrx_word' id='word_1_282' title='bbox 363 2711 369 2762; x_wconf 90' lang='lat'><strong>;</strong></span> <span class='ocrx_word' id='word_1_283' title='bbox 383 2701 412 2748; x_wconf 92' lang='lat' dir='ltr'>et</span> <span class='ocrx_word' id='word_1_284' title='bbox 422 2691 594 2748; x_wconf 89' lang='lat' dir='ltr'>ceciderunt</span> <span class='ocrx_word' id='word_1_285' title='bbox 605 2709 643 2747; x_wconf 88' lang='lat' dir='ltr'>ex</span> <span class='ocrx_word' id='word_1_286' title='bbox 653 2691 698 2748; x_wconf 91' lang='lat' dir='ltr'>eis</span> <span class='ocrx_word' id='word_1_287' title='bbox 708 2690 802 2746; x_wconf 87' lang='lat' dir='ltr'>multi.</span> <span class='ocrx_word' id='word_1_288' title='bbox 831 2689 1006 2762; x_wconf 89' lang='lat' dir='ltr'>Ceterisque</span> <span class='ocrx_word' id='word_1_289' title='bbox 1017 2690 1074 2746; x_wconf 93' lang='lat' dir='ltr'>huc</span> <span class='ocrx_word' id='word_1_290' title='bbox 1083 2689 1211 2762; x_wconf 90' lang='lat' dir='ltr'>illucque</span> <span class='ocrx_word' id='word_1_291' title='bbox 1220 2689 1422 2763; x_wconf 86' lang='lat' dir='ltr'>fugientibus,</span> 
     </span>
     <span class='ocr_line' id='line_1_28' title="bbox 265 2777 1422 2852; baseline 0.002 -17"><span class='ocrx_word' id='word_1_292' title='bbox 265 2779 409 2836; x_wconf 87' lang='lat' dir='ltr'>remansit</span> <span class='ocrx_word' id='word_1_293' title='bbox 427 2797 482 2834; x_wconf 91' lang='lat' dir='ltr'>rex</span> <span class='ocrx_word' id='word_1_294' title='bbox 500 2795 569 2835; x_wconf 92' lang='lat' dir='ltr'>cum</span> <span class='ocrx_word' id='word_1_295' title='bbox 585 2788 712 2850; x_wconf 88' lang='lat' dir='ltr'>quatuor</span> <span class='ocrx_word' id='word_1_296' title='bbox 723 2777 807 2848; x_wconf 90' lang='lat' dir='ltr'>viris,</span> <span class='ocrx_word' id='word_1_297' title='bbox 820 2777 917 2835; x_wconf 87' lang='lat' dir='ltr'>latens</span> <span class='ocrx_word' id='word_1_298' title='bbox 936 2777 967 2833; x_wconf 91' lang='lat' dir='ltr'>in</span> <span class='ocrx_word' id='word_1_299' title='bbox 985 2777 1115 2850; x_wconf 85' lang='lat' dir='ltr'>quodam</span> <span class='ocrx_word' id='word_1_300' title='bbox 1128 2777 1201 2846; x_wconf 85' lang='lat' dir='ltr'>loco,</span> <span class='ocrx_word' id='word_1_301' title='bbox 1214 2795 1283 2833; x_wconf 89' lang='lat' dir='ltr'>cum</span> <span class='ocrx_word' id='word_1_302' title='bbox 1303 2795 1422 2852; x_wconf 82' lang='lat' dir='ltr'>magno</span> 
     </span>
     <span class='ocr_line' id='line_1_29' title="bbox 264 2863 1421 2938; baseline 0.002 -15"><span class='ocrx_word' id='word_1_303' title='bbox 264 2867 381 2923; x_wconf 89' lang='lat' dir='ltr'>timore.</span> <span class='ocrx_word' id='word_1_304' title='bbox 418 2865 507 2922; x_wconf 87' lang='lat' dir='ltr'>Venit</span> <span class='ocrx_word' id='word_1_305' title='bbox 524 2875 624 2922; x_wconf 89' lang='lat' dir='ltr'>autem</span> <span class='ocrx_word' id='word_1_306' title='bbox 642 2865 745 2938; x_wconf 89' lang='lat' dir='ltr'>regina</span> <span class='ocrx_word' id='word_1_307' title='bbox 762 2867 799 2922; x_wconf 88' lang='lat' dir='ltr'>ad</span> <span class='ocrx_word' id='word_1_308' title='bbox 814 2865 984 2932; x_wconf 79' lang='lat' dir='ltr'>Patricium,</span> <span class='ocrx_word' id='word_1_309' title='bbox 996 2875 1026 2921; x_wconf 92' lang='lat' dir='ltr'>et</span> <span class='ocrx_word' id='word_1_310' title='bbox 1045 2863 1120 2922; x_wconf 84' lang='lat' dir='ltr'>dixit</span> <span class='ocrx_word' id='word_1_311' title='bbox 1139 2865 1183 2922; x_wconf 88' lang='lat' dir='ltr'>ei:</span> <span class='ocrx_word' id='word_1_312' title='bbox 1204 2864 1324 2921; x_wconf 90' lang='lat' dir='ltr'>‘Homo</span> <span class='ocrx_word' id='word_1_313' title='bbox 1336 2866 1421 2925; x_wconf 88' lang='lat' dir='ltr'>iuste</span> 
     </span>
     <span class='ocr_line' id='line_1_30' title="bbox 264 2951 1420 3028; baseline 0.001 -17"><span class='ocrx_word' id='word_1_314' title='bbox 264 2963 294 3011; x_wconf 92' lang='lat' dir='ltr'>et</span> <span class='ocrx_word' id='word_1_315' title='bbox 307 2964 423 3028; x_wconf 89' lang='lat' dir='ltr'>potens,</span> <span class='ocrx_word' id='word_1_316' title='bbox 436 2971 475 3010; x_wconf 90' lang='lat' dir='ltr'>ne</span> <span class='ocrx_word' id='word_1_317' title='bbox 488 2954 598 3026; x_wconf 89' lang='lat' dir='ltr'>perdas</span> <span class='ocrx_word' id='word_1_318' title='bbox 611 2969 731 3025; x_wconf 83' lang='lat' dir='ltr'>regem:</span> <span class='ocrx_word' id='word_1_319' title='bbox 750 2953 852 3010; x_wconf 86' lang='lat' dir='ltr'>veniet</span> <span class='ocrx_word' id='word_1_320' title='bbox 865 2953 954 3020; x_wconf 90' lang='lat' dir='ltr'>enim,</span> <span class='ocrx_word' id='word_1_321' title='bbox 964 2961 993 3008; x_wconf 90' lang='lat' dir='ltr'>et</span> <span class='ocrx_word' id='word_1_322' title='bbox 1007 2969 1104 3025; x_wconf 85' lang='lat' dir='ltr'>genua</span> <span class='ocrx_word' id='word_1_323' title='bbox 1116 2951 1225 3019; x_wconf 84' lang='lat' dir='ltr'>flectet,</span> <span class='ocrx_word' id='word_1_324' title='bbox 1235 2962 1265 3008; x_wconf 88' lang='lat' dir='ltr'>et</span> <span class='ocrx_word' id='word_1_325' title='bbox 1278 2954 1420 3012; x_wconf 87' lang='lat' dir='ltr'>adorabit</span> 
     </span>
     <span class='ocr_line' id='line_1_31' title="bbox 218 3039 1492 3114; baseline 0 -16"><span class='ocrx_word' id='word_1_326' title='bbox 218 3061 251 3114; x_wconf 73' lang='lat'>³0</span> <span class='ocrx_word' id='word_1_327' title='bbox 264 3042 418 3099; x_wconf 87' lang='lat' dir='ltr'>dominum</span> <span class='ocrx_word' id='word_1_328' title='bbox 431 3043 532 3098; x_wconf 88' lang='lat' dir='ltr'>tuum.&#39;</span> <span class='ocrx_word' id='word_1_329' title='bbox 571 3039 609 3096; x_wconf 87' lang='lat' dir='ltr'>Et</span> <span class='ocrx_word' id='word_1_330' title='bbox 620 3041 703 3097; x_wconf 90' lang='lat' dir='ltr'>venit</span> <span class='ocrx_word' id='word_1_331' title='bbox 716 3057 770 3096; x_wconf 88' lang='lat' dir='ltr'>rex</span> <span class='ocrx_word' id='word_1_332' title='bbox 782 3039 888 3096; x_wconf 89' lang='lat' dir='ltr'>timore</span> <span class='ocrx_word' id='word_1_333' title='bbox 902 3039 1041 3108; x_wconf 79' lang='lat' dir='ltr'>tractus⁵,</span> <span class='ocrx_word' id='word_1_334' title='bbox 1053 3050 1084 3096; x_wconf 88' lang='lat' dir='ltr'>et</span> <span class='ocrx_word' id='word_1_335' title='bbox 1099 3056 1198 3112; x_wconf 86' lang='lat' dir='ltr'>genua</span> <span class='ocrx_word' id='word_1_336' title='bbox 1211 3039 1296 3096; x_wconf 88' lang='lat' dir='ltr'>ssexit</span> <span class='ocrx_word' id='word_1_337' title='bbox 1311 3058 1418 3099; x_wconf 87' lang='lat' dir='ltr'>coram</span> <span class='ocrx_word' id='word_1_338' title='bbox 1491 3067 1492 3080; x_wconf 59' lang='lat'><em>÷</em></span> 
     </span>
     <span class='ocr_line' id='line_1_32' title="bbox 263 3126 1417 3199; baseline -0.001 -12"><span class='ocrx_word' id='word_1_339' title='bbox 263 3138 376 3199; x_wconf 85' lang='lat' dir='ltr'>sancto,</span> <span class='ocrx_word' id='word_1_340' title='bbox 386 3139 416 3186; x_wconf 90' lang='lat' dir='ltr'>et</span> <span class='ocrx_word' id='word_1_341' title='bbox 428 3129 515 3186; x_wconf 88' lang='lat' dir='ltr'>finxit</span> <span class='ocrx_word' id='word_1_342' title='bbox 528 3146 562 3185; x_wconf 88' lang='lat' dir='ltr'>se</span> <span class='ocrx_word' id='word_1_343' title='bbox 574 3129 699 3185; x_wconf 88' lang='lat' dir='ltr'>adorare</span> <span class='ocrx_word' id='word_1_344' title='bbox 711 3149 719 3196; x_wconf 91' lang='lat'>;</span> <span class='ocrx_word' id='word_1_345' title='bbox 738 3129 792 3185; x_wconf 90' lang='lat' dir='ltr'>sed</span> <span class='ocrx_word' id='word_1_346' title='bbox 805 3128 895 3184; x_wconf 86' lang='lat' dir='ltr'>corde</span> <span class='ocrx_word' id='word_1_347' title='bbox 908 3145 969 3184; x_wconf 93' lang='lat' dir='ltr'>non</span> <span class='ocrx_word' id='word_1_348' title='bbox 982 3128 1129 3184; x_wconf 84' lang='lat' dir='ltr'>credebat</span> <span class='ocrx_word' id='word_1_349' title='bbox 1161 3126 1300 3183; x_wconf 84' lang='lat' dir='ltr'>Crastina</span> <span class='ocrx_word' id='word_1_350' title='bbox 1313 3138 1417 3186; x_wconf 86' lang='lat' dir='ltr'>autem</span> 
     </span>
     <span class='ocr_line' id='line_1_33' title="bbox 262 3200 1492 3286; baseline 0.001 -13"><span class='ocrx_word' id='word_1_351' title='bbox 262 3217 312 3273; x_wconf 84' lang='lat' dir='ltr'>die</span> <span class='ocrx_word' id='word_1_352' title='bbox 330 3218 412 3274; x_wconf 91' lang='lat' dir='ltr'>venit</span> <span class='ocrx_word' id='word_1_353' title='bbox 432 3216 576 3273; x_wconf 90' lang='lat' dir='ltr'>Patricius</span> <span class='ocrx_word' id='word_1_354' title='bbox 595 3233 664 3272; x_wconf 90' lang='lat' dir='ltr'>cum</span> <span class='ocrx_word' id='word_1_355' title='bbox 683 3225 749 3272; x_wconf 89' lang='lat' dir='ltr'>octo</span> <span class='ocrx_word' id='word_1_356' title='bbox 762 3215 835 3272; x_wconf 89' lang='lat' dir='ltr'>viris</span> <span class='ocrx_word' id='word_1_357' title='bbox 852 3215 889 3271; x_wconf 88' lang='lat' dir='ltr'>ad</span> <span class='ocrx_word' id='word_1_358' title='bbox 909 3215 1032 3272; x_wconf 88' lang='lat' dir='ltr'>domum</span> <span class='ocrx_word' id='word_1_359' title='bbox 1051 3214 1147 3286; x_wconf 88' lang='lat' dir='ltr'>regis:</span> <span class='ocrx_word' id='word_1_360' title='bbox 1173 3223 1203 3272; x_wconf 88' lang='lat' dir='ltr'>et</span> <span class='ocrx_word' id='word_1_361' title='bbox 1222 3215 1325 3271; x_wconf 88' lang='lat' dir='ltr'>statim</span> <span class='ocrx_word' id='word_1_362' title='bbox 1344 3227 1418 3274; x_wconf 86' lang='lat' dir='ltr'>ante</span> <span class='ocrx_word' id='word_1_363' title='bbox 1491 3200 1492 3250; x_wconf 52' lang='lat' dir='ltr'>i</span> 
     </span>
     <span class='ocr_line' id='line_1_34' title="bbox 263 3301 1418 3377; baseline -0.001 -16"><span class='ocrx_word' id='word_1_364' title='bbox 263 3321 333 3361; x_wconf 90' lang='lat' dir='ltr'>eum</span> <span class='ocrx_word' id='word_1_365' title='bbox 353 3305 441 3361; x_wconf 85' lang='lat' dir='ltr'>ianoe</span> <span class='ocrx_word' id='word_1_366' title='bbox 460 3313 563 3377; x_wconf 87' lang='lat' dir='ltr'>aperte</span> <span class='ocrx_word' id='word_1_367' title='bbox 582 3313 662 3373; x_wconf 91' lang='lat' dir='ltr'>sunt,</span> <span class='ocrx_word' id='word_1_368' title='bbox 681 3313 712 3360; x_wconf 91' lang='lat' dir='ltr'>et</span> <span class='ocrx_word' id='word_1_369' title='bbox 731 3303 909 3360; x_wconf 85' lang='lat' dir='ltr'>cenantibus</span> <span class='ocrx_word' id='word_1_370' title='bbox 927 3301 985 3359; x_wconf 91' lang='lat' dir='ltr'>illis</span> <span class='ocrx_word' id='word_1_371' title='bbox 1010 3303 1132 3358; x_wconf 87' lang='lat' dir='ltr'>intrauit</span> <span class='ocrx_word' id='word_1_372' title='bbox 1150 3301 1181 3357; x_wconf 89' lang='lat' dir='ltr'>in</span> <span class='ocrx_word' id='word_1_373' title='bbox 1200 3303 1326 3358; x_wconf 88' lang='lat' dir='ltr'>domum</span> <span class='ocrx_word' id='word_1_374' title='bbox 1345 3321 1418 3360; x_wconf 87' lang='lat' dir='ltr'>eon·</span> 
     </span>
     <span class='ocr_line' id='line_1_35' title="bbox 263 3387 1417 3462; baseline 0.001 -14"><span class='ocrx_word' id='word_1_375' title='bbox 263 3390 343 3459; x_wconf 91' lang='lat' dir='ltr'>uiuii,</span> <span class='ocrx_word' id='word_1_376' title='bbox 362 3401 392 3448; x_wconf 91' lang='lat' dir='ltr'>et</span> <span class='ocrx_word' id='word_1_377' title='bbox 414 3409 504 3448; x_wconf 90' lang='lat' dir='ltr'>nemo</span> <span class='ocrx_word' id='word_1_378' title='bbox 522 3391 654 3452; x_wconf 78' lang='lat' dir='ltr'>surrexit</span> <span class='ocrx_word' id='word_1_379' title='bbox 674 3400 743 3448; x_wconf 89' lang='lat' dir='ltr'>ante</span> <span class='ocrx_word' id='word_1_380' title='bbox 762 3407 840 3447; x_wconf 90' lang='lat' dir='ltr'>eum.</span> <span class='ocrx_word' id='word_1_381' title='bbox 876 3389 961 3446; x_wconf 89' lang='lat' dir='ltr'>Tunc</span> <span class='ocrx_word' id='word_1_382' title='bbox 983 3399 1070 3462; x_wconf 89' lang='lat' dir='ltr'>poeta</span> <span class='ocrx_word' id='word_1_383' title='bbox 1091 3387 1170 3462; x_wconf 84' lang='lat' dir='ltr'>regis</span> <span class='ocrx_word' id='word_1_384' title='bbox 1191 3391 1324 3447; x_wconf 85' lang='lat' dir='ltr'>surrexit</span> <span class='ocrx_word' id='word_1_385' title='bbox 1343 3403 1417 3449; x_wconf 87' lang='lat' dir='ltr'>ante</span> 
     </span>
     <span class='ocr_line' id='line_1_36' title="bbox 218 3476 1415 3556; baseline 0.001 -20"><span class='ocrx_word' id='word_1_386' title='bbox 218 3500 249 3556; x_wconf 79' lang='lat'>35</span> <span class='ocrx_word' id='word_1_387' title='bbox 263 3495 332 3536; x_wconf 87' lang='lat' dir='ltr'>eum</span> <span class='ocrx_word' id='word_1_388' title='bbox 345 3489 375 3534; x_wconf 91' lang='lat' dir='ltr'>et</span> <span class='ocrx_word' id='word_1_389' title='bbox 387 3478 512 3535; x_wconf 90' lang='lat' dir='ltr'>credidit</span> <span class='ocrx_word' id='word_1_390' title='bbox 524 3479 590 3535; x_wconf 88' lang='lat' dir='ltr'>deo.</span> <span class='ocrx_word' id='word_1_391' title='bbox 628 3477 666 3534; x_wconf 87' lang='lat' dir='ltr'>Et</span> <span class='ocrx_word' id='word_1_392' title='bbox 679 3496 747 3534; x_wconf 91' lang='lat' dir='ltr'>cum</span> <span class='ocrx_word' id='word_1_393' title='bbox 760 3478 889 3535; x_wconf 86' lang='lat' dir='ltr'>sedisset</span> <span class='ocrx_word' id='word_1_394' title='bbox 904 3477 1059 3547; x_wconf 83' lang='lat' dir='ltr'>Patricius,</span> <span class='ocrx_word' id='word_1_395' title='bbox 1072 3476 1154 3533; x_wconf 87' lang='lat' dir='ltr'>dedit</span> <span class='ocrx_word' id='word_1_396' title='bbox 1166 3477 1194 3533; x_wconf 90' lang='lat' dir='ltr'>ei</span> <span class='ocrx_word' id='word_1_397' title='bbox 1207 3494 1262 3534; x_wconf 87' lang='lat' dir='ltr'>rex</span> <span class='ocrx_word' id='word_1_398' title='bbox 1276 3489 1415 3550; x_wconf 83' lang='lat' dir='ltr'>pateram</span> 
     </span>
     <span class='ocr_line' id='line_1_37' title="bbox 263 3563 1416 3639; baseline 0.003 -17"><span class='ocrx_word' id='word_1_399' title='bbox 263 3583 357 3635; x_wconf 89' lang='lat' dir='ltr'>suam,</span> <span class='ocrx_word' id='word_1_400' title='bbox 370 3575 401 3622; x_wconf 93' lang='lat' dir='ltr'>vt</span> <span class='ocrx_word' id='word_1_401' title='bbox 419 3566 543 3624; x_wconf 84' lang='lat' dir='ltr'>biberet.</span> <span class='ocrx_word' id='word_1_402' title='bbox 580 3565 665 3622; x_wconf 87' lang='lat' dir='ltr'>Tunc</span> <span class='ocrx_word' id='word_1_403' title='bbox 683 3583 789 3639; x_wconf 86' lang='lat' dir='ltr'>magus</span> <span class='ocrx_word' id='word_1_404' title='bbox 805 3565 927 3638; x_wconf 86' lang='lat' dir='ltr'>quidam</span> <span class='ocrx_word' id='word_1_405' title='bbox 945 3565 1068 3622; x_wconf 90' lang='lat' dir='ltr'>immisit</span> <span class='ocrx_word' id='word_1_406' title='bbox 1086 3563 1198 3636; x_wconf 89' lang='lat' dir='ltr'>aliquid</span> <span class='ocrx_word' id='word_1_407' title='bbox 1215 3583 1255 3621; x_wconf 88' lang='lat' dir='ltr'>ex</span> <span class='ocrx_word' id='word_1_408' title='bbox 1267 3583 1343 3623; x_wconf 86' lang='lat' dir='ltr'>vase</span> <span class='ocrx_word' id='word_1_409' title='bbox 1360 3585 1416 3625; x_wconf 89' lang='lat' dir='ltr'>suo</span> 
     </span>
     <span class='ocr_line' id='line_1_38' title="bbox 262 3652 1414 3727; baseline 0.002 -17"><span class='ocrx_word' id='word_1_410' title='bbox 262 3653 293 3711; x_wconf 92' lang='lat' dir='ltr'>iu</span> <span class='ocrx_word' id='word_1_411' title='bbox 307 3662 440 3727; x_wconf 88' lang='lat' dir='ltr'>pateram</span> <span class='ocrx_word' id='word_1_412' title='bbox 453 3653 544 3710; x_wconf 89' lang='lat' dir='ltr'>iilam.</span> <span class='ocrx_word' id='word_1_413' title='bbox 580 3653 696 3710; x_wconf 87' lang='lat' dir='ltr'>Videns</span> <span class='ocrx_word' id='word_1_414' title='bbox 708 3663 807 3710; x_wconf 90' lang='lat' dir='ltr'>autem</span> <span class='ocrx_word' id='word_1_415' title='bbox 821 3653 877 3709; x_wconf 90' lang='lat' dir='ltr'>hoc</span> <span class='ocrx_word' id='word_1_416' title='bbox 888 3652 1042 3722; x_wconf 90' lang='lat' dir='ltr'>Patricius,</span> <span class='ocrx_word' id='word_1_417' title='bbox 1052 3652 1198 3709; x_wconf 89' lang='lat' dir='ltr'>conuertit</span> <span class='ocrx_word' id='word_1_418' title='bbox 1210 3670 1245 3710; x_wconf 91' lang='lat' dir='ltr'>os</span> <span class='ocrx_word' id='word_1_419' title='bbox 1255 3663 1364 3725; x_wconf 84' lang='lat' dir='ltr'>patere</span> <span class='ocrx_word' id='word_1_420' title='bbox 1376 3657 1414 3712; x_wconf 86' lang='lat' dir='ltr'>ad</span> 
     </span>
     <span class='ocr_line' id='line_1_39' title="bbox 261 3739 1415 3816; baseline 0.001 -17"><span class='ocrx_word' id='word_1_421' title='bbox 261 3742 391 3816; x_wconf 83' lang='lat' dir='ltr'>palmam</span> <span class='ocrx_word' id='word_1_422' title='bbox 402 3759 505 3800; x_wconf 87' lang='lat' dir='ltr'>suam:</span> <span class='ocrx_word' id='word_1_423' title='bbox 525 3751 555 3798; x_wconf 93' lang='lat' dir='ltr'>et</span> <span class='ocrx_word' id='word_1_424' title='bbox 568 3743 648 3798; x_wconf 89' lang='lat' dir='ltr'>stetit</span> <span class='ocrx_word' id='word_1_425' title='bbox 661 3740 758 3815; x_wconf 88' lang='lat' dir='ltr'>liquor</span> <span class='ocrx_word' id='word_1_426' title='bbox 770 3739 800 3797; x_wconf 92' lang='lat' dir='ltr'>in</span> <span class='ocrx_word' id='word_1_427' title='bbox 814 3750 926 3812; x_wconf 87' lang='lat' dir='ltr'>patera,</span> <span class='ocrx_word' id='word_1_428' title='bbox 934 3750 963 3797; x_wconf 91' lang='lat' dir='ltr'>et</span> <span class='ocrx_word' id='word_1_429' title='bbox 977 3739 1041 3797; x_wconf 89' lang='lat' dir='ltr'>sola</span> <span class='ocrx_word' id='word_1_430' title='bbox 1050 3749 1133 3814; x_wconf 87' lang='lat' dir='ltr'>gutta</span> <span class='ocrx_word' id='word_1_431' title='bbox 1144 3740 1194 3796; x_wconf 85' lang='lat' dir='ltr'>illa</span> <span class='ocrx_word' id='word_1_432' title='bbox 1203 3740 1312 3797; x_wconf 87' lang='lat' dir='ltr'>cecidit</span> <span class='ocrx_word' id='word_1_433' title='bbox 1322 3761 1415 3815; x_wconf 88' lang='lat' dir='ltr'>quam</span> 
     </span>
     <span class='ocr_line' id='line_1_40' title="bbox 263 3815 1414 3904; baseline 0.002 -18"><span class='ocrx_word' id='word_1_434' title='bbox 263 3848 368 3904; x_wconf 86' lang='lat' dir='ltr'>magus</span> <span class='ocrx_word' id='word_1_435' title='bbox 383 3829 522 3886; x_wconf 90' lang='lat' dir='ltr'>immisit:</span> <span class='ocrx_word' id='word_1_436' title='bbox 542 3838 572 3885; x_wconf 90' lang='lat' dir='ltr'>et</span> <span class='ocrx_word' id='word_1_437' title='bbox 589 3838 692 3902; x_wconf 91' lang='lat' dir='ltr'>potum</span> <span class='ocrx_word' id='word_1_438' title='bbox 709 3829 791 3898; x_wconf 91' lang='lat' dir='ltr'>bibit,</span> <span class='ocrx_word' id='word_1_439' title='bbox 805 3837 833 3885; x_wconf 91' lang='lat' dir='ltr'>et</span> <span class='ocrx_word' id='word_1_440' title='bbox 852 3828 950 3884; x_wconf 89' lang='lat' dir='ltr'>mirati</span> <span class='ocrx_word' id='word_1_441' title='bbox 969 3837 1048 3885; x_wconf 86' lang='lat' dir='ltr'>sunt.</span> <span class='ocrx_word' id='word_1_442' title='bbox 1122 3815 1164 3884; x_wconf 85' lang='lat' dir='ltr'>Et</span> <span class='ocrx_word' id='word_1_443' title='bbox 1181 3838 1251 3901; x_wconf 86' lang='lat' dir='ltr'>post</span> <span class='ocrx_word' id='word_1_444' title='bbox 1268 3831 1414 3901; x_wconf 88' lang='lat' dir='ltr'>pusillum</span> 
     </span>
     <span class='ocr_line' id='line_1_41' title="bbox 215 3915 1492 4001; baseline -0.004 -26"><span class='ocrx_word' id='word_1_445' title='bbox 215 3949 248 4001; x_wconf 47' lang='grc' dir='ltr'>,ς</span> <span class='ocrx_word' id='word_1_446' title='bbox 262 3918 337 3976; x_wconf 86' lang='lat' dir='ltr'>dixit</span> <span class='ocrx_word' id='word_1_447' title='bbox 361 3935 484 3991; x_wconf 87' lang='lat' dir='ltr'>magus:</span> <span class='ocrx_word' id='word_1_448' title='bbox 516 3916 690 3973; x_wconf 88' lang='lat' dir='ltr'>‘Faciamus</span> <span class='ocrx_word' id='word_1_449' title='bbox 715 3916 817 3989; x_wconf 84' lang='lat' dir='ltr'>signa’</span> <span class='ocrx_word' id='word_1_450' title='bbox 863 3915 1032 3989; x_wconf 87' lang='lat' dir='ltr'>Respondit</span> <span class='ocrx_word' id='word_1_451' title='bbox 1058 3915 1221 3972; x_wconf 86' lang='lat' dir='ltr'>Patricius:</span> <span class='ocrx_word' id='word_1_452' title='bbox 1254 3916 1415 3987; x_wconf 78' lang='lat' dir='ltr'>‘Quaiiai&#39;</span> <span class='ocrx_word' id='word_1_453' title='bbox 1491 3967 1492 3970; x_wconf 74' lang='grc'>,</span> 
     </span>
     <span class='ocr_line' id='line_1_42' title="bbox 263 4002 1414 4078; baseline 0.002 -16"><span class='ocrx_word' id='word_1_454' title='bbox 263 4006 300 4062; x_wconf 86' lang='lat' dir='ltr'>Et</span> <span class='ocrx_word' id='word_1_455' title='bbox 319 4006 359 4063; x_wconf 85' lang='lat' dir='ltr'>ait</span> <span class='ocrx_word' id='word_1_456' title='bbox 379 4023 502 4078; x_wconf 86' lang='lat' dir='ltr'>magus:</span> <span class='ocrx_word' id='word_1_457' title='bbox 530 4004 729 4061; x_wconf 88' lang='lat' dir='ltr'>‘inducamus</span> <span class='ocrx_word' id='word_1_458' title='bbox 751 4004 852 4060; x_wconf 90' lang='lat' dir='ltr'>niuem</span> <span class='ocrx_word' id='word_1_459' title='bbox 875 4020 968 4076; x_wconf 89' lang='lat' dir='ltr'>super</span> <span class='ocrx_word' id='word_1_460' title='bbox 985 4005 1113 4060; x_wconf 71' lang='lat' dir='ltr'>terram!</span> <span class='ocrx_word' id='word_1_461' title='bbox 1152 4002 1299 4060; x_wconf 87' lang='lat' dir='ltr'>Patricius</span> <span class='ocrx_word' id='word_1_462' title='bbox 1320 4006 1414 4064; x_wconf 89' lang='lat' dir='ltr'>dixit:</span> 
     </span>
     <span class='ocr_line' id='line_1_43' title="bbox 262 4090 1415 4164; baseline 0.002 -14"><span class='ocrx_word' id='word_1_463' title='bbox 262 4095 356 4150; x_wconf 88' lang='lat' dir='ltr'>‘Nolo</span> <span class='ocrx_word' id='word_1_464' title='bbox 373 4103 476 4150; x_wconf 89' lang='lat' dir='ltr'>contra</span> <span class='ocrx_word' id='word_1_465' title='bbox 488 4093 671 4149; x_wconf 88' lang='lat' dir='ltr'>voluntatem</span> <span class='ocrx_word' id='word_1_466' title='bbox 684 4093 733 4149; x_wconf 89' lang='lat' dir='ltr'>dei</span> <span class='ocrx_word' id='word_1_467' title='bbox 749 4092 863 4149; x_wconf 63' lang='lat' dir='ltr'>taceret</span> <span class='ocrx_word' id='word_1_468' title='bbox 899 4090 984 4147; x_wconf 91' lang='lat' dir='ltr'>Tunc</span> <span class='ocrx_word' id='word_1_469' title='bbox 1001 4107 1107 4164; x_wconf 87' lang='lat' dir='ltr'>magus</span> <span class='ocrx_word' id='word_1_470' title='bbox 1124 4107 1179 4163; x_wconf 88' lang='lat' dir='ltr'>per</span> <span class='ocrx_word' id='word_1_471' title='bbox 1194 4090 1415 4152; x_wconf 82' lang='lat' dir='ltr'>incantationes</span> 
     </span>
     <span class='ocr_line' id='line_1_44' title="bbox 261 4177 1415 4254; baseline -0.001 -14"><span class='ocrx_word' id='word_1_472' title='bbox 261 4199 332 4240; x_wconf 84' lang='lat' dir='ltr'>suas</span> <span class='ocrx_word' id='word_1_473' title='bbox 353 4181 470 4238; x_wconf 85' lang='lat' dir='ltr'>induxit</span> <span class='ocrx_word' id='word_1_474' title='bbox 491 4180 594 4237; x_wconf 89' lang='lat' dir='ltr'>niuem</span> <span class='ocrx_word' id='word_1_475' title='bbox 619 4197 711 4253; x_wconf 91' lang='lat' dir='ltr'>super</span> <span class='ocrx_word' id='word_1_476' title='bbox 734 4187 828 4236; x_wconf 91' lang='lat' dir='ltr'>totum</span> <span class='ocrx_word' id='word_1_477' title='bbox 853 4195 1001 4252; x_wconf 84' lang='lat' dir='ltr'>campum.</span> <span class='ocrx_word' id='word_1_478' title='bbox 1038 4177 1092 4235; x_wconf 92' lang='lat' dir='ltr'>Vir</span> <span class='ocrx_word' id='word_1_479' title='bbox 1112 4177 1161 4234; x_wconf 92' lang='lat' dir='ltr'>dei</span> <span class='ocrx_word' id='word_1_480' title='bbox 1181 4177 1240 4235; x_wconf 86' lang='lat' dir='ltr'>ait:</span> <span class='ocrx_word' id='word_1_481' title='bbox 1267 4179 1415 4254; x_wconf 87' lang='lat' dir='ltr'>‘Depone</span> 
     </span>
    </p>
   </div>
   <div class='ocr_carea' id='block_1_3' title="bbox 262 4309 1417 4441">
    <p class='ocr_par' dir='ltr' id='par_1_3' title="bbox 262 4309 1417 4441">
     <span class='ocr_line' id='line_1_45' title="bbox 293 4309 1414 4376; baseline 0.001 -15"><span class='ocrx_word' id='word_1_482' title='bbox 293 4311 663 4376; x_wconf 80' lang='lat' dir='ltr'>¹T.Dimittite,E.Dimitte.</span> <span class='ocrx_word' id='word_1_483' title='bbox 722 4309 867 4360; x_wconf 78' lang='lat' dir='ltr'>’Vitmei</span> <span class='ocrx_word' id='word_1_484' title='bbox 926 4309 1045 4368; x_wconf 63' lang='lat' dir='ltr'>’som</span> <span class='ocrx_word' id='word_1_485' title='bbox 1062 4309 1152 4370; x_wconf 85' lang='lat' dir='ltr'>Colg.:</span> <span class='ocrx_word' id='word_1_486' title='bbox 1170 4309 1220 4359; x_wconf 85' lang='lat' dir='ltr'>Ere</span> <span class='ocrx_word' id='word_1_487' title='bbox 1230 4312 1338 4360; x_wconf 83' lang='lat' dir='ltr'>nomine</span> <span class='ocrx_word' id='word_1_488' title='bbox 1347 4313 1414 4362; x_wconf 82' lang='lat' dir='ltr'>filius</span> 
     </span>
     <span class='ocr_line' id='line_1_46' title="bbox 262 4374 1417 4441; baseline -0.003 -12"><span class='ocrx_word' id='word_1_489' title='bbox 262 4379 348 4441; x_wconf 80' lang='lat' dir='ltr'>Dego,</span> <span class='ocrx_word' id='word_1_490' title='bbox 357 4379 476 4441; x_wconf 86' lang='lat' dir='ltr'>quinunc</span> <span class='ocrx_word' id='word_1_491' title='bbox 485 4379 641 4428; x_wconf 83' lang='lat' dir='ltr'>adoratorio</span> <span class='ocrx_word' id='word_1_492' title='bbox 650 4377 752 4426; x_wconf 86' lang='lat' dir='ltr'>civitate</span> <span class='ocrx_word' id='word_1_493' title='bbox 762 4377 848 4427; x_wconf 88' lang='lat' dir='ltr'>Siane.</span> <span class='ocrx_word' id='word_1_494' title='bbox 892 4374 985 4438; x_wconf 84' lang='lat' dir='ltr'>⁴s0T.,</span> <span class='ocrx_word' id='word_1_495' title='bbox 996 4376 1026 4424; x_wconf 80' lang='lat' dir='ltr'>E.</span> <span class='ocrx_word' id='word_1_496' title='bbox 1035 4375 1171 4426; x_wconf 84' lang='lat' dir='ltr'>tonitruus.</span> <span class='ocrx_word' id='word_1_497' title='bbox 1218 4376 1417 4431; x_wconf 60' lang='lat' dir='ltr'>‘Wtcoactus</span> 
     </span>
    </p>
   </div>
   <div class='ocr_carea' id='block_1_4' title="bbox 0 0 1510 4898">
    <p class='ocr_par' dir='ltr' id='par_1_4' title="bbox 0 0 1510 4898">
     <span class='ocr_line' id='line_1_47' title="bbox 0 0 1510 4898; baseline 0 5"><span class='ocrx_word' id='word_1_498' title='bbox 0 0 1510 4898; x_wconf 95' lang='lat' dir='ltr'> </span> 
     </span>
    </p>
   </div>
  </div>
 </body>
</html>
