3028 4894
269 313 344 408 478
587 309 717 396 naua
742 305 932 412 tratum
957 307 1108 411 finale·
1225 324 1404 406 rx-rurma

269 519 299 566 et
323 509 439 568 nobiles
462 509 655 582 quamplures
678 508 842 566 earundem
866 507 1013 582 virginum
1037 508 1251 581 plurimarum
1278 519 1407 585 parentes

269 597 399 668 Quidam
417 597 506 654 etiarn
522 597 655 672 ipsarum
668 598 771 670 sponsi
785 597 947 654 extiterunt
958 596 1127 667 multarum,
1143 601 1206 656 sed
1225 601 1266 655 ad
1278 597 1407 673 ipsarurrr¹

269 685 389 758 nuptias
402 686 529 742 necdum
539 694 747 759 peruenerant,
757 703 869 758 sponso
881 684 983 742 celesti
996 685 1067 742 eos*
1080 688 1304 758 preueniente.
1327 684 1408 742 Comi·

268 774 341 830 tisse
358 773 495 830 similiter
512 773 707 830 interfuerunt
719 774 848 846 quedam
866 781 896 830 et
913 773 1032 830 ducisse
1050 783 1141 846 atque
1156 775 1282 848 regine,
1295 773 1410 846 exeeptis
1469 809 1473 876 ἰ

240 861 417 930 §nobilibus
429 863 527 918 adhuc
540 861 684 918 matronis
696 861 907 934 compluribus.
946 861 1115 918 Extiterunt
1131 863 1236 919 etiarn
1255 863 1334 918 inter
1344 859 1411 916 illas¹
1478 863 1480 898 ¹

269 950 401 1006 nutrices
420 949 622 1022 quamplures,
641 965 700 1022 que
719 948 808 1005 simili
827 949 934 1005 ardore
955 950 1078 1005 martirii
1099 958 1130 1005 et
1154 949 1341 1007 desiderio⁸
1357 965 1411 1020 pas·

269 1037 363 1094 sionis
386 1037 572 1094 anhelabant
622 1035 759 1110 Denique
782 1054 836 1093 rex
861 1036 958 1094 iunior
984 1037 1063 1093 lilius
1086 1037 1174 1110 regis
1209 1041 1302 1095 beate
1319 1036 1411 1092 Vrsule

269 1143 408 1199 sponsus,
420 1125 495 1182 duas
513 1125 571 1181 illic
590 1141 709 1182 sorores
728 1125 871 1182 habebat:
893 1142 982 1181 vnarn
1002 1123 1078 1181 inira
1096 1142 1202 1182 annos
1225 1125 1412 1198 puellariter

268 1214 392 1270 alteram
424 1213 565 1282 nubilem,
589 1231 649 1286 que
679 1213 779 1269 comiti
809 1213 927 1270 cuidam
954 1212 1045 1268 nobili
1073 1213 1270 1286 desponsata
1301 1223 1345 1270 est
1371 1208 1410 1266 et*

225 1313 257 1352 to
270 1301 379 1357 iuueni.
421 1301 489 1371 Que
513 1317 582 1357 cum
611 1309 713 1356 sancta
737 1299 847 1357 Vrsula
874 1309 904 1356 et
928 1299 1036 1356 ceteris
1065 1300 1242 1374 virginibus
1275 1299 1411 1358 Christum

269 1389 380 1446 habere
398 1405 544 1461 sponsum
563 1387 719 1456 recusauit,
731 1389 871 1446 comitem
892 1388 933 1444 illi
950 1405 1122 1462 preponens
1135 1391 1178 1446 ad
1194 1399 1328 1446 matrem
1340 1385 1412 1444 rediit

269 1486 397 1550 nuptura
425 1477 538 1532 marito.
576 1475 622 1532 De
646 1494 705 1549 qua
729 1475 820 1533 irater
844 1476 919 1544 eius,
943 1477 1030 1534 beate
1054 1477 1165 1533 Vrsule
1195 1494 1342 1551 sponsus,
1363 1475 1412 1529 ait:
1479 1487 1480 1496 ¹

269 1565 381 1621 ‘Soror
398 1581 467 1620 mea
486 1563 555 1636 plus
573 1562 697 1636 gloriam
717 1573 746 1620 et
768 1565 940 1636 dignitatern
961 1563 1066 1621 dilexit
1084 1573 1249 1621 terrenam
1268 1581 1355 1638 quam
1374 1577 1412 1616 ce
1476 1515 1480 1634 i

1467 669 1471 715 l

269 1652 385 1720 lestem,
399 1669 523 1710 reuersa
535 1653 650 1709 ducens
665 1653 805 1709 comitem
818 1651 974 1708 maritum!
1011 1651 1069 1721 Qui
1083 1655 1286 1724 postmodum
1300 1653 1331 1707 in
1342 1648 1411 1705 breui

227 1751 256 1804 ¹5
269 1741 348 1797 male
369 1740 440 1797 obiit
459 1741 665 1812 interemptus.
714 1739 799 1796 Tunc
820 1739 919 1796 illam·
941 1757 1010 1796 sero
1032 1740 1156 1813 penituit
1185 1757 1345 1798 sacrarum
1364 1738 1411 1793 vir-

268 1829 372 1904 ginum
381 1829 553 1886 deseruisse
566 1828 747 1896 comitatum,
759 1837 789 1884 et
802 1827 868 1901 ipsa
880 1827 909 1884 in
923 1828 1227 1902 breuipostmortua
1240 1838 1298 1886 est

322 1986 346 2048 il
362 1984 408 2042 De
419 2000 547 2042 nurnero
560 2000 665 2056 regum
677 1993 708 2041 et
720 1983 931 2056 episcoporum
944 1983 995 2057 qui
1008 1984 1047 2040 de
1059 1983 1171 2057 Anglia
1183 2001 1258 2042 cum
1272 1982 1365 2040 sacris

352 2081 422 2130 suut
435 2071 600 2146 virginibus
613 2071 736 2144 proiecti
749 2081 779 2129 et
792 2071 904 2144 pariter
915 2089 983 2129 cum
996 2073 1042 2128 eis
1055 2070 1175 2128 suerunt
1188 2071 1341 2128 trucidati.

307 2183 431 2268 Regum
450 2203 481 2252 et
498 2195 707 2268 episcoporum
725 2195 776 2269 qui
794 2211 863 2252 curn
882 2195 997 2252 eisdem
1014 2193 1124 2251 Christi
1144 2195 1245 2252 sacris
1257 2192 1409 2267 urginnus

268 2286 308 2342 de
322 2283 475 2341 Britannia
492 2291 562 2340 sunt
580 2282 705 2356 proiecti
724 2293 754 2340 et
778 2281 839 2355 [de]
859 2281 975 2338 illarum
995 2282 1090 2355 patria
1107 2294 1272 2352 venerunt,
1291 2281 1408 2338 breuiter

270 2374 317 2430 hic
336 2371 511 2446 genealogia
529 2379 558 2428 et
578 2373 672 2428 series
691 2370 830 2444 tangitur,
849 2370 952 2427 sedin
973 2369 1033 2427 fine
1055 2369 1178 2427 historie
1200 2371 1295 2429 huius
1313 2370 1343 2425 in
1360 2364 1406 2422 allo
1479 2407 1480 2413 κ

227 2483 258 2522 20
270 2459 442 2517 voluminel
460 2459 619 2516 conuersio
640 2459 757 2515 illorum
778 2467 808 2515 et
830 2465 924 2515 status
944 2469 1114 2531 exponetur
1133 2459 1236 2517 latius.
1283 2459 1406 2529 Quinque

269 2547 418 2620 siquidem
432 2547 565 2620 episcopi
579 2565 631 2605 eas
644 2549 682 2604 de
695 2545 805 2619 Anglia
817 2555 886 2603 sunt
900 2546 1017 2619 sequuti
1025 2545 1043 2614 ⁸,
1056 2547 1111 2603 sed
1124 2547 1231 2620 plures
1245 2547 1305 2604 illis
1317 2553 1405 2618 postea

270 2644 341 2692 sunt
352 2635 444 2691 additi
458 2635 488 2692 in
502 2635 631 2692 diuersis
648 2635 818 2708 regionibus
834 2643 864 2690 et
877 2633 987 2706 regnis.
1026 2633 1163 2691 Priorum
1182 2645 1288 2692 autem
1308 2633 1405 2706 episto

269 2741 376 2798 porum
403 2723 458 2779 bec
483 2733 531 2779 est
555 2723 651 2780 series
675 2731 705 2779 et
725 2723 906 2795 genealogia
951 2721 1086 2792 Quorum
1107 2739 1185 2779 vnus
1207 2733 1331 2780 sanctus
1353 2723 1404 2774 crat

268 2811 452 2879 Willelmus,
471 2811 522 2883 qui
541 2811 682 2884 proprio’
701 2821 824 2866 vocatus
845 2819 891 2866 est
916 2809 1038 2866 nomine
1064 2809 1213 2882 Michae13
1242 2823 1329 2886 pater
1345 2821 1404 2863 vero

226 2920 256 2972 ¹5
271 2899 349 2957 illius
362 2898 535 2956 Willelmus
546 2898 717 2955 dicebatur:
738 2897 808 2954 inde
821 2896 878 2954 iste
890 2897 979 2955 traxit
996 2915 1180 2972 cognomen3
1199 2902 1250 2957 vir
1263 2916 1334 2958 sane
1346 2909 1402 2968 pnt-

269 2989 346 3045 dens
363 2997 392 3044 et
411 2987 534 3058 sapiens
547 2985 636 3059 [erat]
647 2987 675 3056 ¹⁰,
689 2985 841 3058 nobilique
857 2995 940 3042 ortus
957 2987 1098 3060 prosapia
1115 3005 1149 3044 ac
1164 2989 1204 3045 de
1218 2987 1312 3061 regali
1325 2984 1402 3054 stirpe

269 3075 454 3150 progenitus.
491 3074 698 3131 Consobrinus
716 3073 827 3131 etenim
846 3083 910 3130 crat
928 3074 1008 3147 regis
1026 3085 1131 3132 sancte
1142 3074 1256 3134 Vrsule
1274 3075 1401 3150 patriast

269 3164 379 3219 multas
409 3162 440 3218 in
466 3161 523 3218 hoc
553 3179 639 3218 sacro
662 3163 812 3235 virginum
843 3163 982 3218 comitatu
1009 3162 1111 3220 habuit
1136 3175 1288 3237 cognatas.
1324 3161 1401 3218 Porro
1478 3195 1479 3212 ,

269 3260 390 3307 sanctus
411 3250 536 3307 lacobus
554 3251 600 3306 vir
618 3259 760 3307 strenuus
778 3248 868 3306 irater
887 3249 991 3322 ipsius,
1010 3259 1039 3307 et
1062 3253 1149 3308 beata
1166 3251 1314 3312 Gerasina
1330 3258 1402 3306 soror
1478 3215 1479 3304 i

225 3358 257 3410 30
270 3337 348 3394 illius
373 3347 509 3394 matrona
533 3337 656 3394 illustris
680 3355 748 3394 cunr
777 3337 873 3393 tribus
904 3337 1029 3407 filiabus,
1060 3339 1285 3410 proficiscentes
1314 3346 1399 3395 secum

270 3426 399 3482 suerunt.
435 3425 523 3482 Alter
537 3425 746 3499 episcoporum
764 3424 866 3482 sane¹¹
885 3424 1088 3483 Columbanus
1105 3427 1269 3498 dicebatur,
1289 3425 1343 3500 [vir
1359 3437 1400 3476 nrt

269 3512 349 3585 bilis]
373 3523 402 3570 et
424 3514 463 3569 de
485 3513 576 3586 regali
602 3523 685 3569 ortus
696 3512 716 3544 ¹²
737 3512 894 3585 prosapia:
926 3511 1005 3570 filius
1029 3513 1083 3569 suit
1104 3524 1207 3572 sancte
1233 3507 1399 3574 Alexandrie

269 3596 392 3654 illustris
411 3597 538 3660 ducisse,
558 3597 669 3653 sororis
688 3595 796 3654 Vrsule
816 3596 928 3653 matris.
963 3595 1018 3652 Vir
1040 3615 1169 3672 namque
1188 3602 1323 3672 prudens
1340 3599 1399 3656 erat,

269 3695 378 3754 castus,
404 3686 563 3757 magnique
587 3683 711 3754 consilii,
735 3701 770 3740 ac
795 3694 897 3741 sancte
921 3687 1166 3744 conuersationis.
1201 3687 1320 3744 Tertius
1340 3693 1398 3736 ver⁰

225 3797 256 3849 35
270 3775 480 3847 episcoporum
511 3773 616 3829 beatus
648 3781 711 3828 erat
736 3771 878 3842 Ywanus,
903 3771 950 3829 vir
976 3775 1149 3845 grandeuus
1178 3776 1318 3850 boneque
1343 3767 1398 3828 ute,

270 3879 363 3936 sagax
382 3869 411 3916 et
430 3861 572 3933 prudens,
591 3868 680 3932 atque
698 3861 736 3915 ab
754 3869 840 3916 vtero
859 3859 962 3916 matris
980 3877 1034 3916 sue
1053 3878 1176 3934 semper
1194 3873 1293 3920 castus
1311 3853 1396 3918 extr'tl'l
1477 3925 1478 3930 η

272 3951 343 4008 Erat
361 3948 451 4005 etiam
471 3948 537 4019 ipse
552 3949 590 4004 de
604 3947 789 4004 nobilissima
808 3947 903 4020 stirpe
925 3949 1108 4020 progenitus,
1125 3953 1291 4008 auunculus
1310 3941 1396 4005 matris
1477 3959 1478 4000 r

270 4037 379 4096 Vrsule
403 4035 536 4108 virginis,
559 4045 589 4092 et
614 4035 700 4091 beate
725 4034 919 4105 Alexandrie,
942 4053 975 4092 ac
999 4046 1101 4093 sancte
1127 4036 1251 4096 Eulalie.
1288 4038 1397 4108 Quartus
1476 4067 1478 4164 ἵ

270 4125 480 4198 episcoporum
491 4121 638 4195 denique³
650 4132 770 4179 sanctus
784 4121 837 4178 suit
853 4121 1051 4194 Eleutherius,
1063 4123 1110 4180 vir
1123 4125 1232 4183 nobilis
1245 4136 1276 4184 et
1288 4122 1395 4196 sapiens
1477 4167 1478 4174 κ

302 4249 311 4278 ¹
330 4245 477 4296 B.illarum.
543 4243 553 4273 ²
570 4243 599 4294 B.
610 4259 663 4293 eas.
729 4243 739 4272 ⁸
757 4245 787 4294 E.
797 4245 926 4294 desiderii.
991 4244 1002 4275 ⁴
1019 4246 1049 4295 B.
1059 4247 1196 4309 puellares.
1261 4249 1272 4280 ⁸
1288 4245 1360 4298 omia
1371 4237 1392 4286 B·

269 4315 279 4346 ⁸
297 4314 327 4362 B.
341 4313 392 4362 illa.
470 4308 479 4336 ¹
496 4325 531 4360 sc.
544 4311 569 4359 in
582 4311 624 4360 lib.
639 4310 673 4370 ll,
684 4311 770 4360 which
783 4311 804 4358 is
816 4326 867 4360 om.
879 4312 905 4359 in
918 4311 947 4361 E.
1023 4313 1032 4339 ¹
1049 4311 1079 4361 E.
1092 4324 1211 4375 sequute.
1290 4316 1300 4346 θ
1316 4313 1342 4362 Β.
1351 4319 1394 4370 ΡΝ

270 4380 340 4444 pne,
359 4377 463 4428 nomine
474 4391 525 4428 om.
591 4379 609 4404 ¹⁰
626 4392 677 4426 om.
743 4378 762 4406 ¹¹
795 4376 947 4428 rannerus
1014 4375 1033 4406 ¹¹
1050 4377 1170 4432 scetus.
