3046 4902
265 253 339 346 638
695 243 899 348 appendit
927 245 980 322 ll.
1080 289 1084 298 ·

262 467 298 508 eo
316 449 392 524 quod
410 457 602 506 antecessores
619 447 662 504 sui
680 457 807 520 tempore
824 449 935 504 turbate
954 446 1033 519 pacis
1052 445 1172 503 violenta
1192 444 1348 504 innasione
1368 446 1421 502 s'bi

262 545 471 606 vsurpauerant,
483 535 520 588 ad
534 550 584 588 sue
596 533 680 588 sortis
693 532 854 604 porcionem
870 531 989 588 asseruit
1006 531 1151 602 pertinere.
1187 530 1321 586 Veniens
1337 531 1421 602 igitur

261 618 300 673 ad
312 629 440 672 sanctium
452 616 644 684 Edmundum,
657 615 731 686 regis
744 626 906 686 preceptum
922 613 1019 670 abbati
1032 613 1186 685 proposuit,
1199 613 1263 668 sine
1276 614 1420 670 dilacione

262 701 407 772 postulans
429 699 482 753 sibi
505 697 563 754 fieri
585 697 802 754 restitucionem.
837 699 935 753 Abbas
958 707 1053 752 autern
1077 695 1205 752 inducias
1229 698 1369 766 postulat,
1389 705 1419 749 ut

234 805 248 856 5
263 783 372 840 interim
381 781 448 854 quid
455 781 588 854 equitatis
598 780 704 837 inesset
716 779 874 852 calumpnie
882 791 978 852 posset
988 780 1163 851 perscrutari.
1201 781 1283 850 Quas
1296 797 1364 834 cum
1376 780 1420 834 ille

262 867 330 922 dare
346 875 494 934 recusaret,
508 875 659 936 uotumque
676 881 757 920 suurn
774 864 802 919 in
819 864 944 936 proximo
960 862 1116 935 promoueri
1129 861 1248 918 minime
1261 863 1418 918 sensisset:

262 949 302 1006 ins
322 950 446 1004 tumidus
469 949 561 1004 minas
586 947 756 1018 intorquens,
781 947 902 1002 martiris
927 964 1026 1018 parum
1050 947 1180 1002 deferens
1204 946 1363 1012 sanctitati,
1384 947 1419 1001 ad

261 1032 490 1088 archidiaconum
511 1031 557 1103 qui
582 1029 733 1086 Londoniis
753 1031 915 1086 morabatur
936 1029 989 1085 iter
1013 1029 1158 1096 conuertit,
1180 1028 1261 1099 quasi
1287 1030 1328 1085 de
1353 1029 1419 1099 regii

262 1125 425 1188 contemptu
442 1115 566 1186 precepti
586 1115 612 1170 ei
627 1113 830 1186 querimoniam
846 1113 979 1168 illaturus.
1015 1113 1114 1168 Abbas
1129 1129 1196 1166 vero
1210 1112 1338 1182 priorem
1355 1130 1419 1167 oon·

220 1209 364 1254 sonemus
385 1199 425 1257 ad,
443 1197 673 1253 archidiaconum
694 1195 779 1264 misit,
798 1195 844 1266 qui
864 1195 903 1252 rei
923 1195 1070 1252 veritatem
1088 1193 1188 1265 pandit
1207 1195 1232 1250 ei
1253 1211 1290 1249 ex
1309 1195 1421 1262 ordine,

261 1283 424 1337 miraculum
447 1280 536 1336 eciam
560 1281 636 1351 quod
661 1279 728 1335 olim
752 1280 840 1335 virtus
864 1279 960 1334 diuina
985 1279 1017 1334 in
1041 1277 1160 1349 predicti
1184 1279 1421 1348 calumpniatoris

261 1365 505 1437 predecessoribus
524 1365 645 1419 eandem
664 1362 760 1417 villam
784 1363 982 1418 inuadentibus
1007 1363 1035 1417 in
1059 1361 1101 1416 sui
1125 1361 1250 1416 martiris
1275 1362 1421 1417 ulcionem

260 1457 427 1519 pannum,
450 1447 584 1518 scripturn
609 1446 741 1501 ostendit.
785 1446 916 1500 Tandem
944 1445 1099 1517 impetratis
1124 1444 1253 1512 induciis,
1278 1445 1359 1516 prior
1383 1445 1422 1500 ad

260 1531 459 1586 monasterium
470 1529 613 1586 remeauit.
651 1529 734 1584 Miles
746 1546 814 1584 vero
830 1529 1008 1584 aduersarius
1024 1527 1124 1584 eodem
1140 1527 1196 1594 die,
1208 1544 1267 1598 quo
1282 1537 1312 1582 et
1334 1529 1421 1598 prior,

218 1624 248 1676 15
261 1617 298 1670 ab
309 1615 377 1670 vrbe
390 1613 559 1684 digrediens,
572 1613 602 1668 in
618 1612 717 1668 itinere
733 1612 881 1668 manifesta
898 1621 927 1666 et
939 1611 1031 1668 subita
1043 1611 1151 1666 vlcione
1167 1611 1292 1665 nianiris
1307 1613 1422 1681 grauis-

261 1699 333 1754 sima
349 1715 496 1770 percussus
511 1695 695 1752 innalitudine
705 1694 723 1764 ¹,
740 1696 786 1750 vir
803 1695 842 1750 ad
862 1695 1018 1766 hospicium
1036 1694 1113 1764 apud
1130 1694 1347 1750 Chelmesforde
1367 1695 1422 1750 sibi

261 1790 441 1854 preparatum
457 1781 568 1836 delatus
585 1789 637 1835 est.
675 1781 709 1834 ln
727 1779 849 1834 crastim
871 1777 1028 1846 discedens,
1047 1777 1229 1832 Colcestriam
1251 1793 1319 1832 curn
1341 1778 1421 1832 omni

261 1865 400 1922 anxietate
416 1862 551 1934 peruenit,
571 1861 666 1934 ibique
677 1878 695 1917 a
706 1861 852 1918 monachis
870 1871 1026 1933 susceptus,
1040 1861 1166 1931 protinus
1183 1869 1241 1915 tam
1260 1860 1420 1916 miserabili

261 1947 355 2004 vexari
373 1946 446 2017 cepit
464 1944 592 2000 amencia
608 1955 638 2000 vt
657 1961 715 2000 non
732 1946 824 2000 solum
842 1960 860 1999 a
881 1943 934 1999 sibi
952 1942 1182 2010 ministrantibus,
1203 1960 1304 1998 verum
1326 1945 1421 2000 eciam

219 2043 251 2080 ²0
262 2049 280 2086 a
298 2029 416 2100 coniuge
430 2029 543 2100 propria
557 2028 773 2100 relinqueretur;
800 2028 937 2084 terribiles
956 2044 1022 2098 ergo
1039 2036 1135 2097 gestus
1154 2027 1302 2097 preferens
1321 2045 1421 2099 arrep-

262 2115 328 2184 ticii,
344 2113 473 2168 omnibus
489 2112 537 2184 qui
554 2111 671 2166 aderant
688 2111 847 2166 incuciebat
861 2112 1012 2166 horrorem.
1050 2111 1147 2165 Panno
1164 2109 1249 2179 igitur
1263 2109 1420 2178 inuolatus,

261 2197 377 2252 nexibus
389 2195 536 2252 artissimis
549 2195 723 2260 constrictus,
736 2211 846 2250 summa
865 2194 1034 2264 fatigacione
1048 2193 1248 2248 relucuucium
1261 2193 1310 2248 vix
1326 2195 1421 2266 potuit
1513 2219 1514 2222 ¹

261 2279 391 2335 cohiberi.
428 2279 452 2334 tl
473 2280 536 2333 Hoc
548 2276 665 2334 audiens
677 2278 776 2346 abbas,
790 2277 909 2348 priorem
922 2294 1002 2333 suum
1014 2277 1052 2332 ad
1066 2277 1257 2332 miserandum
1270 2279 1419 2334 hominem

260 2361 421 2430 destinauit,
443 2361 574 2432 quatinus
595 2359 619 2414 ei
641 2361 828 2431 persuaderet,
850 2359 874 2414 si
894 2359 1012 2416 redisset
1033 2359 1072 2414 ad
1092 2359 1265 2428 memoriam,
1285 2371 1317 2416 vt
1335 2377 1368 2416 se
1389 2362 1419 2416 in

218 2457 248 2509 ²5
261 2445 403 2500 martirem
419 2443 570 2515 deliquisse
584 2443 766 2498 reminiscens
786 2444 822 2499 de
840 2453 999 2514 perpetrata
1015 2442 1114 2498 iniuria
1133 2443 1244 2497 veniam
1260 2445 1419 2512 postularet

260 2528 537 2598 satisfaccionemque
556 2527 767 2598 repromitteret.
804 2527 983 2598 veniensque
1004 2527 1042 2582 ad
1063 2543 1137 2598 eum,
1155 2526 1263 2597 accepit
1286 2529 1325 2582 ab
1347 2529 1419 2583 assi·

261 2611 391 2666 dentibus
407 2627 472 2666 eum
487 2611 608 2666 necdum
627 2609 800 2666 memorandi
820 2611 960 2681 recepisse
977 2611 1153 2676 facultatem;
1172 2627 1244 2665 vnus
1264 2621 1366 2666 autem
1381 2612 1419 2666 de

260 2693 394 2750 ministris
414 2694 560 2766 prosiliens
580 2693 693 2748 vadium
716 2711 767 2764 pro
791 2693 905 2748 domino
929 2711 982 2749 suo
1006 2692 1090 2765 priori
1115 2693 1222 2764 optulit,
1242 2695 1420 2764 condignam
1513 2707 1514 2710 ’

261 2780 402 2850 spondens
422 2777 652 2833 emendacionem
671 2778 694 2832 si
714 2777 803 2832 sancti
822 2777 965 2832 Edmundi
988 2776 1173 2832 miseracione
1193 2777 1229 2830 de
1251 2776 1419 2834 infirmitate

216 2871 249 2921 30
261 2865 475 2918 concalesceret.
513 2861 620 2916 Placuit
638 2878 706 2931 ergo
725 2859 807 2932 priori
824 2878 912 2931 vsque
930 2860 958 2915 in
975 2861 1128 2916 crastinum
1143 2859 1289 2915 sustinere.
1329 2864 1419 2917 Mane

260 2955 355 3002 autem
373 2946 447 3002 facto
466 2945 566 3000 iterato
581 2945 706 3011 veniens,
723 2943 829 3000 audiuit
844 2961 909 2998 eum
928 2943 1017 3000 tocius
1034 2943 1125 2998 noctis
1147 2943 1243 3014 spacio
1262 2943 1418 3014 quieuisse,

260 3029 371 3101 iamque
388 3029 548 3084 facultatem
564 3027 736 3097 intelligendi
753 3027 849 3082 diuino
868 3043 983 3082 munere
1000 3027 1148 3097 recepisse.
1185 3025 1263 3080 Hinc
1280 3029 1360 3096 prior
1379 3029 1418 3084 ad

259 3123 386 3184 egrotum
398 3111 604 3180 intromittitur;
623 3111 731 3182 peccani
744 3109 949 3166 immanitatem
957 3108 983 3165 ei
996 3111 1135 3181 aperiens,
1144 3109 1230 3165 suasit
1243 3110 1281 3164 ad
1295 3113 1417 3167 oelmem

259 3196 391 3250 festinare
410 3193 640 3250 satisfaccionem.
678 3195 728 3249 Ille
743 3211 810 3248 vero
829 3193 937 3249 monita
957 3194 1053 3248 salutis
1075 3203 1217 3264 gratanter
1236 3193 1415 3264 suscipiens:

216 3287 247 3338 35
261 3295 292 3335 se
316 3278 399 3333 nimis
423 3277 573 3350 deliquisse
596 3295 812 3348 recognoscens,
837 3277 994 3348 postposita
1018 3277 1177 3332 intencione
1200 3275 1416 3347 calumpniandi

260 3361 386 3428 vetitum,
400 3362 536 3432 pollicitus
553 3372 597 3418 est
613 3360 667 3432 [se]
686 3360 761 3416 omni
775 3361 830 3416 vite
844 3377 894 3416 sue
906 3371 1033 3431 tempore
1044 3362 1128 3416 beato
1141 3359 1245 3414 martiri
1259 3360 1416 3416 Edmundo

261 3445 389 3498 sedtrlum
412 3445 599 3500 exhibiturum
622 3445 895 3499 famulatum—Nec
923 3443 991 3498 illud
1016 3443 1155 3498 silendum
1178 3453 1221 3498 est
1245 3444 1325 3514 quod
1349 3461 1416 3499 cum

261 3525 374 3598 quidam
393 3528 622 3597 predecessorum
641 3527 721 3582 istius
740 3526 836 3582 militis
854 3527 890 3581 de
908 3526 963 3580 hac
981 3526 1081 3581 eadem
1100 3525 1260 3595 calumpnia
1275 3527 1415 3582 aduersus

261 3611 409 3668 ecclesiam
422 3610 511 3666 saneti
525 3610 667 3665 Edmundi
680 3609 787 3665 litteras
799 3609 890 3679 regias
907 3609 963 3663 alia
974 3609 1035 3664 vice
1049 3607 1211 3664 detulisset:
1230 3608 1300 3662 dum
1316 3610 1415 3681 hospi-

214 3706 248 3758 40
262 3709 365 3755 teretur
385 3698 414 3753 in
434 3699 500 3753 villa
519 3699 685 3754 mandatum
709 3697 784 3766 regis
805 3696 835 3751 in
859 3696 989 3764 crastino,
1009 3695 1033 3750 si
1055 3697 1081 3751 ei
1104 3695 1293 3764 successisset,
1316 3697 1416 3753 abbati

262 3793 432 3850 ostensurus,
443 3783 471 3837 in
481 3782 542 3852 ipsa
551 3791 634 3837 nocte
645 3781 718 3836 iusta
729 3779 851 3835 martiris
861 3779 1010 3836 sanccione
1023 3778 1252 3850 superuenientes
1264 3780 1415 3836 latrunculi

261 3867 351 3937 spolia
370 3865 457 3936 ipsius
476 3865 648 3937 diripientes,
666 3863 773 3919 litteras
792 3863 882 3919 eciam
902 3863 979 3934 ipsas
998 3862 1072 3917 inter
1090 3872 1183 3918 cetera
1201 3878 1298 3918 secum
1317 3879 1416 3936 aspor-

260 3958 397 4005 tauerunt.

721 4075 729 4106 ¹
745 4075 796 4125 Tit.
807 4075 952 4126 valitudine.
