3042 4884
257 303 326 374 ι74
525 283 529 294 ’
566 282 696 370 mono
722 280 912 385 [intuita
937 281 1088 386 Rugii&

252 481 484 552 prosperitatem
496 490 601 539 eterne
613 481 673 539 vite
686 481 852 540 felicitatem
867 481 1013 554 negligat’
1088 469 1151 539 Per
1162 481 1316 538 dimidium
1331 491 1401 554 post

253 567 309 626 hec
333 585 455 639 annum,
477 569 704 644 ingrauescente
729 571 824 628 morbi
850 570 995 640 molestia,
1020 588 1088 626 raro
1113 571 1151 628 de
1176 571 1251 626 lecto
1277 587 1402 642 surgere

252 655 360 724 valuit;
380 666 410 714 et
431 667 536 730 quarto
560 670 630 716 ante
652 659 783 716 obitum¹
805 676 893 716 suum
915 659 971 727 die,
991 675 1059 715 cum
1082 677 1136 716 rex
1157 658 1350 715 Malcolmus¹
1370 657 1401 714 in

253 745 444 816 expeditione
456 755 545 815 esset,
558 746 670 804 tristior
682 747 768 804 solito
781 747 886 805 effecta
898 757 944 804 est
961 757 991 804 et
1007 747 1206 803 assidentibus
1219 747 1274 802 ait:
1294 746 1404 802 ‘Forte

226 833 343 898 shodie
365 843 478 891 tantum
504 835 575 892 mali
600 835 712 907 negno¹
733 835 890 892 Scotorum
915 835 1020 892 accidit
1038 843 1181 908 quantum
1202 834 1302 890 multis
1322 843 1405 891 retro

253 922 438 994 temporibus
463 939 522 979 non
547 923 699 996 prouenit·
738 923 809 981 Post
833 925 944 996 aliquot
966 923 1031 980 dies
1055 921 1230 978 nunciorum
1249 921 1405 990 relatione,

253 1011 361 1066 eodem
372 1010 419 1068 die
430 1029 489 1085 quo
501 1013 605 1084 regina
617 1010 733 1068 dixerat
745 1027 849 1084 regern
861 1029 929 1068 cum
939 1010 999 1067 filio
1011 1009 1158 1068 Edwardo
1172 1009 1263 1066 fuisse
1272 1009 1406 1066 occisum

254 1109 479 1170 cognouerunt;
497 1115 588 1173 quern
605 1099 679 1172 ipsa,
691 1099 776 1172 quasi
794 1099 958 1156 futurorum
976 1097 1101 1171 prescia,
1118 1097 1241 1154 multum
1261 1097 1407 1169 prohibu·

254 1194 317 1242 erat
342 1205 381 1244 ne
404 1203 554 1260 quoquam
578 1195 647 1244 tunc
671 1205 739 1244 cum
763 1189 896 1244 exercitu
920 1187 1160 1259 progrederetur.
1197 1186 1309 1254 Quarto
1335 1195 1406 1257 post

212 1289 242 1322 ιο
255 1283 381 1331 mortem
406 1274 486 1347 regis
510 1275 567 1344 die,
592 1275 745 1348 paulisper
768 1275 913 1348 lenigata*
936 1273 1116 1342 infirmitate,
1137 1272 1245 1330 missas
1268 1272 1407 1328 auditura

255 1361 416 1419 oratorium
435 1363 565 1434 intrauit,
585 1373 615 1420 et
639 1363 752 1420 exitum
773 1379 860 1420 suum
882 1361 1020 1418 dominici
1045 1361 1179 1434 corporis
1199 1369 1229 1416 ct
1249 1360 1406 1433 sanguinis

254 1449 359 1508 viatico
372 1451 561 1522 premuniuit.
600 1451 638 1507 Et
655 1450 812 1508 confestim
825 1449 973 1523 prioribus
990 1457 1148 1522 aggrauata
1159 1447 1312 1504 doloribus
1328 1449 1406 1504 lecto

255 1547 411 1611 prostrata,
419 1540 456 1595 ad
467 1538 579 1596 exitum
590 1549 743 1598 crescente
757 1539 893 1595 molestia
901 1537 1108 1595 vehementius
1115 1546 1246 1609 vrgetur.
1273 1535 1405 1592 Crucem

256 1625 356 1684 Scotie
368 1626 493 1699 nigram,
507 1645 596 1700 quam
615 1643 739 1700 semper
756 1627 786 1683 in
805 1643 913 1700 magna
925 1625 1117 1682 veneratione
1133 1623 1242 1694 habuit,
1254 1624 1405 1696 amplecti,

212 1724 242 1774 15
256 1715 429 1785 deosculari,
449 1715 551 1772 oculos
569 1715 735 1788 faciemque
753 1715 802 1772 illa
821 1714 940 1786 signare
959 1711 1093 1769 crebrius
1112 1711 1231 1768 curauit
1271 1711 1406 1769 Rediens

255 1801 367 1860 interea
388 1805 426 1860 de
448 1802 581 1861 exercitu
606 1802 685 1860 filius
710 1819 782 1860 suus
803 1801 941 1875 Edgarus
960 1800 1124 1858 cubiculum
1144 1799 1247 1871 regine
1267 1799 1405 1856 intrauit:

255 1909 346 1965 quem
366 1891 415 1948 illa
434 1894 473 1949 de
492 1900 576 1964 patre
598 1901 627 1948 et
649 1891 740 1948 fratre
758 1891 937 1963 interrogat3
965 1890 1019 1946 sed
1044 1888 1094 1944 ille
1115 1889 1195 1960 quod
1214 1904 1320 1944 verum
1341 1899 1406 1944 erat

255 1980 358 2036 dicere
373 1979 476 2049 noluit,
489 1997 529 2036 ne
547 1979 647 2036 audita
659 1987 756 2035 morte
769 1977 886 2034 illorum
899 1977 1039 2034 continuo
1052 1985 1081 2034 et
1094 1975 1215 2049 ipsa[m]
1225 1974 1237 2006 ⁶
1249 1975 1325 2031 mori
1336 1993 1405 2031 eon-

255 2066 391 2139 tingeret.
430 2067 606 2140 Respondit,
627 2084 680 2123 eos
704 2067 783 2122 bene
805 2066 915 2123 valere.
951 2065 993 2121 At
1018 2063 1066 2120 illa
1090 2063 1219 2138 grauiter
1240 2063 1405 2135 suspirans,

213 2163 244 2198 ²0
256 2155 342 2226 ‘scio‚
355 2155 458 2228 inquit,
471 2155 522 2224 fili,
535 2155 614 2222 scio,’
629 2163 659 2210 et
677 2153 822 2210 adiurauit
841 2171 910 2210 eum
923 2161 954 2210 vt
967 2151 1122 2209 veritatem
1142 2151 1185 2208 rei
1203 2169 1265 2206 non
1283 2151 1405 2208 celaret.

257 2241 311 2300 Ille
330 2259 403 2300 vero
424 2251 552 2312 coactus,
575 2242 649 2300 sicut
670 2250 755 2298 erant
780 2250 865 2314 gesta
885 2239 1032 2313 exposuit.
1069 2239 1185 2309 Quibus
1208 2237 1322 2307 auditis,
1344 2255 1404 2294 non

256 2331 391 2403 peccauit
409 2330 495 2387 labiis
513 2329 576 2387 suis
594 2346 692 2403 neque
711 2329 832 2386 stultum
849 2329 919 2401 quid
937 2336 1040 2385 contra
1058 2328 1147 2384 deum
1167 2327 1263 2382 locuta
1280 2335 1336 2394 est,
1349 2326 1405 2382 sed

256 2435 363 2474 manus
380 2419 417 2474 ad
435 2419 532 2475 celum
549 2417 679 2484 eleuans,
693 2417 723 2474 in
737 2417 856 2473 laudern
873 2425 903 2473 et
919 2415 1081 2488 gratiarum
1098 2413 1243 2471 actionem
1260 2413 1406 2486 prorupit,

256 2504 378 2562 dicens:
399 2505 535 2563 ‘Laudes
548 2515 577 2563 et
589 2507 698 2579 gratias
711 2503 762 2561 tibi
777 2503 967 2577 omnipotens
979 2505 1054 2560 deus
1067 2503 1174 2571 refero,
1183 2501 1233 2574 qui
1246 2519 1294 2558 me
1307 2509 1406 2557 tantas

213 2603 242 2652 ²⁵
256 2591 286 2648 in
299 2609 367 2648 meo
381 2593 462 2650 exitu
476 2593 627 2668 angustias
640 2593 777 2661 tolerare,
791 2593 905 2664 hasque
920 2592 1096 2648 tolerantem
1116 2591 1154 2646 ab
1171 2589 1316 2662 aliquibus
1333 2605 1406 2661 pec·

256 2679 313 2737 cati
334 2681 457 2738 maculis
481 2683 524 2753 (vt
548 2683 649 2755 spero)
672 2681 818 2738 mundare
839 2679 976 2736 voluisti.’
1012 2677 1155 2735 Sentiens
1178 2687 1277 2734 autern
1301 2677 1406 2748 regina

257 2777 383 2825 mortem
396 2771 513 2840 adesse,
526 2770 602 2826 hanc
615 2768 781 2827 orationem
794 2767 894 2825 dicere
907 2765 1003 2839 cepit:
1023 2765 1171 2824 ‘Domine
1186 2764 1275 2822 lhesu
1284 2763 1407 2822 Christe

256 2855 307 2927 qui
325 2873 364 2913 ex
376 2857 530 2914 voluntate
547 2857 649 2931 patris,
663 2865 843 2929 cooperante
861 2854 966 2927 spiritu
984 2863 1095 2920 sancto,
1108 2869 1165 2925 per
1180 2860 1306 2908 mortem
1322 2860 1406 2908 tuam

257 2945 402 3000 mundum
415 2944 589 3001 uiuificasti:
610 2945 703 3001 libera
720 2946 786 3000 me.'
823 2943 898 3000 Cum
911 2941 1025 2998 diceret
1040 2941 1151 2998 ‘libera
1168 2943 1235 3010 me,'
1248 2940 1372 2996 liberata
1389 2957 1407 2996 a

214 3047 246 3095 30
256 3030 382 3088 vinculis
402 3033 536 3104 corporis
556 3033 655 3089 anima
676 3034 713 3089 ad
732 3049 804 3089 vere
826 3030 978 3098 libertatis,
998 3046 1088 3102 quem
1110 3045 1231 3102 semper
1250 3027 1407 3097 dilexerat,

256 3128 408 3176 auctorem
433 3119 587 3177 Christum
618 3119 773 3193 migrauit;
806 3118 952 3176 felicitatis
982 3133 1086 3174 eorum
1115 3115 1263 3189 particeps
1290 3115 1406 3184 effecta,

257 3223 383 3278 quorum
392 3207 508 3264 virtutis
521 3219 646 3281 sequuta
659 3217 705 3265 est
718 3208 867 3279 exempla.
906 3205 1025 3262 Faciem
1034 3215 1134 3262 autem
1145 3204 1219 3272 eius,
1229 3221 1288 3276 que
1299 3211 1360 3259 tota
1373 3203 1405 3260 in

258 3303 353 3350 morte
367 3295 520 3367 palluerat,
534 3296 572 3352 ita
591 3305 660 3370 post
677 3305 805 3352 mortem
823 3295 914 3350 rubor
926 3310 993 3349 cum
1007 3293 1137 3350 candore
1153 3291 1320 3364 permixtus
1336 3307 1407 3362 per·

257 3380 340 3451 fudit,
353 3391 385 3438 vt
399 3399 459 3438 non
478 3392 601 3453 mortua,
615 3384 669 3440 sed
681 3382 788 3440 viuens
805 3391 855 3438 aut
868 3381 1020 3438 dormiens
1037 3380 1118 3436 credi
1135 3379 1288 3452 potuisset.
1325 3377 1407 3435 Obiit

214 3485 244 3536 ³5
258 3467 336 3524 enim
363 3479 468 3542 quarto
488 3470 556 3530 idus
579 3471 666 3541 lunii,
686 3480 716 3528 et
740 3470 771 3526 in
796 3469 923 3528 ecclesia
943 3477 1046 3525 sancte
1066 3466 1213 3533 trinitatis,
1232 3483 1321 3540 quarn
1340 3466 1407 3538 ipsa

258 3564 472 3626 construxerat,
494 3567 596 3615 contra
621 3559 713 3616 altare
738 3557 970 3630 sepelitur—⁸
982 3544 1065 3614 Cum
1084 3563 1183 3612 autern
1204 3553 1308 3622 Dauid,
1327 3553 1406 3612 filius

258 3652 361 3701 sancte
383 3643 561 3717 Margarete‚
582 3645 612 3702 in
633 3647 716 3703 curia
739 3645 820 3718 regis
838 3645 950 3718 Anglie
972 3643 1096 3700 Henrici
1121 3641 1210 3714 primi
1231 3650 1406 3713 moraretur,

259 3740 347 3788 nocte
360 3733 490 3805 quadam
506 3751 524 3789 a
539 3751 644 3791 sorore
661 3751 716 3791 sua
729 3731 851 3790 Matilde
869 3732 981 3805 regina,
995 3749 1053 3804 que
1072 3730 1174 3786 matris
1186 3727 1312 3801 vestigia
1331 3745 1407 3801 puro

260 3820 351 3875 corde
365 3821 554 3893 sequebatur,
562 3832 692 3891 vocatus,
703 3823 740 3877 ad
753 3821 915 3876 thalamum
926 3819 992 3876 eius
1001 3817 1137 3876 accessit.
1170 3815 1207 3874 Et
1216 3835 1286 3873 ecce
1298 3817 1408 3875 domus

213 3925 246 3976 40
258 3906 350 3980 plena
363 3907 507 3980 leprosis;
527 3917 556 3964 et
573 3909 678 3981 regina
696 3908 726 3965 in
745 3908 844 3964 medio
863 3916 954 3976 stanS,
969 3905 1105 3979 deposito
1118 3904 1208 3978 pallio
1225 3922 1259 3961 se
1276 3903 1408 3961 lintheo*

258 3995 417 4067 precinxit,
437 4005 467 4052 et
488 3995 586 4070 posita
611 3996 641 4052 in
662 3995 742 4069 pelui
762 4013 848 4068 aqua,
870 3995 965 4067 pedes
987 4007 1091 4050 eorum
1111 3993 1221 4060 lauare,
1240 4000 1407 4064 extergere,

259 4091 397 4140 extersos
408 4083 541 4157 utrisque
555 4083 694 4141 manibus
710 4083 917 4156 constringere
929 4091 959 4138 et
972 4079 1166 4139 deuotissime
1177 4079 1305 4137 osculari
1320 4079 1408 4154 cepit

294 4285 347 4335 ¹E.
360 4287 464 4338 abitum.
525 4285 582 4338 ¹E.
595 4285 753 4338 malcolinus.
814 4285 871 4336 ¹5.
885 4301 1001 4348 regnum.
1061 4284 1248 4348 ‘'Rieuigate.
1309 4282 1365 4332 ⁵T.
1378 4283 1407 4336 E.

259 4351 331 4414 ipsa;
347 4353 382 4402 al.
390 4353 448 4416 ipsa
461 4360 611 4402 moreretur.
677 4353 688 4384 ‘
703 4352 742 4403 Cf.
754 4351 845 4402 Ailred
857 4351 965 4402 Genesi.
979 4352 1088 4414 Regum.
1155 4347 1165 4377 ¹
1183 4349 1212 4399 E.
1223 4349 1324 4398 lintheo
1336 4365 1373 4399 se.
