3052 4896
444 310 519 403 Di
542 307 706 399 &mtto
732 309 923 398 mistim.
1191 335 1259 410 511

114 511 249 569 ascendit
261 519 291 568 et
303 527 360 583 per
371 526 441 567 aera
453 509 643 568 uelocissimo
657 527 745 567 cursu
764 510 880 568 cunctis
896 510 1069 569 uidentibus
1086 511 1157 568 ferri
1175 513 1264 584 cepit,

113 609 144 657 et
157 599 368 657 miserabiliter
379 599 513 654 clamans
522 598 707 655 ‘Succurrite
716 599 805 664 ciues,
819 599 998 669 succurrite,’
1011 609 1103 656 totam
1114 600 1263 657 ciuitatem

113 688 283 744 commouit
328 686 444 744 Omnes
466 693 564 742 autem
582 703 652 742 eum
674 695 843 743 currentem
867 703 923 758 per
947 703 1018 744 aera
1039 696 1263 760 conspexerunt

112 777 255 848 quamdiu
268 775 395 832 naturali
408 774 560 831 oculorum
574 775 636 831 acie
649 781 817 846 potuerunt
836 773 947 847 Sicque
959 775 1080 832 tandem
1094 778 1262 834 subtractus

112 863 229 920 nisibus
242 863 406 931 hominum,
419 871 541 920 eternus
553 861 715 918 demonum
729 861 827 918 socius
840 860 964 918 effectus
977 870 1023 918 est
1032 862 1063 936 ¹.]
1274 875 1290 928 5

357 1021 381 1082 tl
403 1009 458 1078 Dr.
475 1035 591 1076 sancto
609 1017 787 1090 Wc[r]nrco
805 1035 998 1076 conrrssons
1005 1018 1024 1075 ¹.

175 1131 268 1190 Eatus
277 1131 436 1203 ericns³,
446 1132 483 1189 de
497 1130 640 1187 mediocri
653 1130 821 1202 Anglorum
831 1140 923 1202 gente
934 1130 1080 1203 originem
1095 1131 1218 1202 ducens,
1231 1130 1262 1188 in

209 1219 372 1290 Contona⁴,
386 1229 452 1276 octo
464 1237 481 1275 a
499 1217 649 1274 Bristollia
667 1217 831 1274 miliaribus
850 1217 978 1275 distante
989 1217 1001 1249 ⁵
1012 1227 1108 1287 natus,
1121 1219 1218 1290 alitus,
1231 1227 1262 1276 et

112 1315 311 1365 conuersatus
324 1316 378 1375 est,
390 1309 440 1364 vbi
453 1316 483 1364 et
495 1305 658 1363 sacerdotis
671 1304 803 1363 officium
816 1323 872 1379 per
884 1323 981 1363 annos
994 1306 1104 1380 aliquot
1121 1306 1262 1364 adminis—

111 1395 220 1452 trauit:
240 1413 348 1452 canum
360 1403 389 1451 et
399 1395 498 1450 auium
506 1393 715 1451 venationibus
724 1393 874 1467 presbiter
883 1411 944 1450 non
952 1393 1101 1450 abstinuit.
1124 1394 1261 1452 Tandem

111 1484 193 1556 apud
217 1481 476 1555 Haselbergiam⁸,
493 1483 531 1538 ab
550 1481 684 1538 Exonia⁷
697 1480 818 1553 triginta
835 1480 1000 1538 miliaribus
1018 1481 1190 1550 distantem,
1208 1482 1260 1538 mi·
1276 1501 1307 1539 ro

110 1570 228 1644 grauit:
247 1571 297 1627 vbi
311 1569 341 1626 in
357 1569 463 1627 cellula
478 1567 604 1626 ecclesie
621 1571 768 1641 contigua,
782 1567 862 1623 nulla
880 1567 1014 1641 episcopi
1032 1567 1260 1637 introductione,

111 1658 194 1714 nulla
205 1657 422 1715 benedictionis
435 1656 655 1729 solempnitate,
668 1656 723 1712 sed
735 1655 873 1711 familiari
890 1654 1014 1727 spiritus
1028 1655 1121 1712 sancti
1134 1655 1261 1712 auctori·

110 1752 181 1813 tate,
195 1745 314 1801 Christo
334 1762 368 1801 se
386 1743 590 1816 consepeliuit,
604 1743 696 1799 multo
709 1741 818 1798 ieiunio
831 1741 1027 1798 mortificabat
1045 1743 1180 1798 membra
1196 1759 1260 1811 sua,

109 1841 142 1891 et
154 1832 320 1905 vigiliarum
333 1831 435 1888 labore
448 1831 585 1899 vexabat,
598 1839 629 1886 vt
642 1829 729 1902 pellis
740 1831 791 1886 vix
804 1829 923 1885 ossibus
937 1830 1064 1886 hereret.
1094 1829 1165 1885 Erat
1180 1829 1260 1886 enim

109 1920 139 1976 ei
164 1937 220 1992 pro
244 1920 310 1976 cibo
334 1917 495 1975 delicatiori
519 1919 606 1990 panis
630 1916 799 1986 auenacius,
824 1923 855 1973 et
879 1916 1065 1989 pulmentum
1096 1917 1134 1972 de
1164 1933 1261 1973 auena
1276 1935 1305 1988 ¹5

109 2006 230 2064 sactum.
275 2005 387 2062 Vinum
409 2015 440 2062 et
459 2022 549 2061 omne
569 2005 648 2077 quod
668 2003 816 2061 inebriare
840 2012 949 2076 potest,
970 2002 1029 2060 nisi
1053 2002 1084 2058 in
1109 2002 1260 2075 precipuis

109 2093 370 2168 solempnitatibus
389 2094 429 2149 ob
447 2091 649 2149 reuerentiam
674 2090 743 2147 sesti
767 2089 863 2162 magis
885 2106 975 2163 quarn
995 2090 1094 2146 carnis
1116 2089 1260 2148 refocilla-

109 2181 234 2253 tionem,
256 2198 317 2238 non
342 2180 482 2253 gustauit.
518 2177 695 2251 Vigiliarum
715 2195 788 2234 vero
813 2186 875 2234 tam
900 2175 1027 2251 peruigil
1052 2185 1083 2234 et
1106 2177 1261 2234 indelessa

109 2268 270 2326 assiduitas
301 2277 374 2337 erat,
398 2277 430 2324 vt
461 2267 638 2339 insompnes
663 2281 788 2338 prorsus
814 2265 936 2321 duceret
962 2273 1076 2332 noctes,
1107 2265 1165 2320 nisi
1190 2281 1259 2321 cum

109 2356 255 2413 naturalis
268 2355 418 2412 interdum
432 2353 593 2411 infirmitas
606 2359 799 2426 pemrgerct:
819 2362 849 2409 et
862 2361 933 2408 tune
945 2369 1006 2407 non
1020 2351 1115 2408 lecto⁸
1128 2351 1259 2424 quidem,
1275 2371 1306 2409 ao

111 2444 168 2500 sed
197 2442 293 2516 capite
317 2444 356 2500 ad
386 2443 531 2516 parietem
557 2440 709 2508 reclinato,
734 2457 795 2495 non
826 2447 887 2496 tam
918 2439 1053 2512 capiebat
1080 2439 1262 2512 sompnnm’

109 2548 201 2604 quam
218 2529 394 2602 incipiebat;
413 2539 444 2586 et
456 2528 597 2586 continuo
610 2527 690 2585 velut
702 2527 741 2582 ad
753 2526 891 2582 iniuriam
904 2525 1012 2583 iactam
1025 2525 1170 2599 euigilans
1179 2526 1211 2596 ²⁰,
1224 2544 1261 2583 eo

109 2617 216 2674 sortior
230 2635 290 2690 quo
307 2616 455 2674 recentior
471 2617 509 2672 ad
526 2624 670 2673 consueta
688 2614 812 2672 redibat.
848 2613 983 2672 Ceruical
1003 2631 1122 2686 quoque
1141 2615 1179 2671 de
1198 2613 1259 2670 seni

108 2705 231 2762 funibus
262 2705 420 2772 intextum,
446 2703 534 2776 capiti
560 2719 734 2775 supponere
758 2701 922 2758 consueuit
968 2700 1071 2758 Cilicio
1095 2701 1193 2774 primo
1221 2702 1260 2759 ad

109 2809 243 2862 carnem,
257 2792 366 2850 deinde
377 2790 470 2847 lorica
482 2807 555 2848 vsus
572 2799 627 2846 est.
666 2788 810 2845 Noctibus
822 2805 895 2845 vero
908 2787 939 2844 in
952 2787 1063 2860 frigore
1076 2797 1105 2844 et
1119 2788 1259 2858 nuditate,
1275 2809 1313 2861 ²5:

108 2880 141 2936 in
154 2898 208 2936 vas
227 2881 376 2953 quoddam
390 2879 497 2952 frigida
509 2894 587 2951 aqua
598 2875 730 2933 infusum
749 2876 960 2942 descendebat,
974 2875 1208 2948 psalteriumque
1220 2893 1260 2932 ex

108 2967 227 3040 integro
239 2966 360 3024 domino
373 2966 556 3022 decantabat.
594 2963 708 3021 Exiens
721 2981 794 3020 vero
806 2963 844 3018 de
856 2979 933 3035 aqua
941 2961 1064 3018 loricam
1074 2962 1177 3031 induit,
1186 2971 1215 3018 et
1228 2961 1259 3019 in

108 3054 233 3127 hymnis
251 3063 281 3111 et
300 3053 492 3122 orationibus,
506 3068 574 3108 cum
590 3051 704 3108 crebris
718 3048 997 3123 genuflectionibus,
1011 3049 1091 3121 quod
1110 3048 1259 3121 reliquum

108 3151 173 3200 erat
190 3141 365 3215 vigiliarum,
378 3142 505 3197 deuotus
527 3147 557 3195 et
575 3137 704 3196 alacer¹¹
722 3137 921 3210 expendebat.
958 3135 1113 3192 incentiua
1124 3135 1146 3168 ¹⁸
1161 3135 1259 3191 carnis

108 3245 174 3296 sue,
193 3230 277 3286 cuius
297 3227 459 3285 acerrimos
478 3226 614 3284 stimulos
633 3225 810 3299 patiebatur,
828 3223 859 3280 in
883 3223 968 3296 aquis
986 3223 1259 3281 vehementissimis
1273 3241 1305 3293 30

108 3316 308 3373 mortlficauit.
369 3303 515 3390 Quadam
524 3313 606 3370 enim
614 3313 792 3378 noctc,dum
802 3329 840 3368 ex
850 3328 935 3367 more
944 3311 982 3367 de
991 3327 1068 3384 aqua
1076 3313 1259 3380 ascenderet,

106 3422 200 3462 manu
221 3420 329 3478 aquam
349 3403 515 3473 excutiens,
532 3411 706 3476 serpentem
725 3419 743 3457 a
761 3399 875 3457 femore
894 3400 1117 3473 dependentem
1135 3399 1258 3458 inuenit

140 3507 148 3538 ¹
167 3515 230 3565 Ant.
241 3516 292 3564 and
304 3513 370 3564 Coll.
383 3515 409 3562 in
420 3513 468 3564 T.=

140 3569 222 3643 Auge
234 3581 317 3642 nobis,
330 3581 406 3628 lhesu
417 3579 528 3640 Christe,
538 3577 749 3627 benediccionem
762 3576 846 3638 grecie
858 3583 901 3625 tue
913 3591 961 3638 per
971 3575 1062 3624 merita
1071 3573 1203 3624 Wlshildis
1215 3581 1259 3624 tue

107 3649 208 3706 dilecte,
221 3662 269 3708 per
280 3648 351 3695 cuius
363 3647 495 3694 caritatem
508 3652 606 3693 tantum
617 3643 767 3692 miraculum
779 3643 898 3703 dignatus
910 3657 939 3690 es
950 3641 1091 3698 declarare,
1102 3647 1129 3688 ut
1141 3641 1259 3690 omnibus

106 3713 253 3775 hospitibus
270 3711 373 3760 saciatis
390 3711 475 3772 liquor
492 3711 572 3772 priori
589 3708 749 3772 plenitudine
766 3708 930 3769 reperiretur.
968 3705 1091 3754 Preciosa
1107 3706 1259 3768 angelorum

106 3795 209 3842 gemma
221 3777 379 3840 Wlsl1i[l]da‚
393 3791 440 3839 pro
452 3777 549 3824 nostris
560 3775 708 3824 criminibus
721 3774 851 3822 dominum
863 3772 1004 3833 interpella

143 3831 221 3894 Deus
233 3843 356 3891 castitatis
368 3849 466 3891 amator
478 3848 504 3891 et
519 3840 683 3891 continentie
699 3847 875 3897 conseruator,
887 3837 930 3898 qui
942 3853 990 3898 pro
1006 3835 1132 3898 pudicicia
1147 3835 1258 3885 tribuisti

105 3911 182 3960 beate
199 3908 327 3957 Wllhilde
343 3909 512 3967 sanctitatem,
530 3923 578 3968 pro
596 3905 670 3954 bonis
688 3904 808 3967 operibus
825 3902 947 3965 gloriam:
965 3902 1079 3951 concede
1096 3901 1179 3960 nobis,
1196 3917 1258 3962 que·

105 3990 203 4032 sumus,
217 3975 386 4050 eiussanctis
403 3973 509 4050 meritis,
521 3980 550 4021 ut
561 3971 603 4036 [T.
616 3971 663 4034 ita]
676 3969 773 4044 apertis
788 3969 871 4017 ianuis
887 3967 961 4030 regni
979 3967 1081 4017 celestis
1097 3981 1197 4016 summo
1216 3967 1257 4031 [Τ.

105 4036 933 4164 21:313}lrfficggqffireflqcffirerfffrqrgignasrrzhpegapgh
950 4098 1001 4146 and
1019 4097 1073 4146 tls.
1088 4097 1155 4146 Rub.
1167 4095 1257 4148 Vallis.

105 4171 169 4222 nur.
189 4171 254 4219 from
272 4171 317 4219 the
334 4169 393 4218 Vita
409 4169 445 4230 by
461 4169 531 4229 John
549 4168 580 4217 os
593 4167 613 4215 F
614 4167 669 4226 ord,
688 4166 714 4214 in
736 4165 791 4214 MS.
809 4165 878 4214 Cott.
898 4164 982 4212 faust
1001 4163 1032 4212 B.
1045 4161 1098 4221 lV.,
1118 4160 1189 4210 Harl.
1208 4177 1257 4223 aaa

107 4242 153 4300 (an
165 4237 342 4298 abridgement
351 4235 380 4284 ui
388 4235 474 4284 which
487 4235 509 4283 is
521 4235 565 4283 the
576 4233 620 4282 lise
627 4233 662 4293 by
670 4231 748 4280 ldath.
757 4229 851 4294 Puris).
912 4228 976 4278 ‘vn
992 4227 1124 4287 Wliricus,
1134 4227 1256 4277 ericus.

1 4319 2 4328 ¹
105 4303 158 4352 ⁴1¹2.
170 4309 288 4352 centana.
344 4300 395 4351 ΙΤ.
407 4301 512 4349 distans.
571 4297 838 4358 ⁸E.llalesbergiam.
896 4291 1062 4344 'Bononia
1117 4293 1169 4344 ⁸13.
1179 4300 1255 4345 tecto.

105 4368 179 4418 lom.
192 4367 260 4417 inT.
325 4365 344 4396 ¹⁰
362 4365 391 4416 E.
403 4366 511 4416 eiulans.
578 4364 596 4394 ¹¹
615 4363 644 4413 E.
657 4361 782 4413 alamiter.
851 4358 871 4392 ¹²
889 4359 918 4412 E.
931 4359 1072 4410 lucentia».
