3028 4894
313 300 388 393 bt
412 296 577 389 &aaut
602 249 818 386 titillatum
844 297 1037 398 miratu
1175 313 1247 393 455

97 501 227 576 gratiam
252 499 368 558 alienus
391 511 456 558 erat
480 518 498 557 a
523 499 657 574 corporis
681 500 829 569 sensibus,
850 507 881 556 et
906 516 992 556 mens
1017 497 1082 555 eius
1106 483 1251 570 occupata

98 590 262 648 celestibus
286 589 318 646 in
342 597 457 646 tanturn
483 598 621 661 separata
644 605 662 644 a
686 590 776 645 rebus
801 587 941 644 humanis
968 595 1039 656 erat,
1065 595 1097 643 vt
1123 584 1249 643 abscisis

98 677 243 735 verendis
256 676 404 746 omnibus,
418 676 491 732 nihil
504 676 629 732 sentiret
643 675 770 749 penitus.
809 674 875 732 Hec
888 673 1072 731 Vincentius.

233 906 257 966 ll
274 891 329 962 DE
348 921 464 960 SANCTO
483 891 664 961 WILLELMO
683 919 826 960 triscoro
846 919 883 959 ΕΤ
901 899 1119 960 ΕΟΝΡΕὸὃΟΒΕῙ.

163 1016 275 1074 liatus²
292 1015 474 1086 WillelmuS,
493 1016 637 1090 preclaris
655 1015 797 1073 natalium
814 1015 908 1073 titulis
927 1014 1094 1088 insignitus,
1108 1029 1146 1070 ex
1165 1021 1250 1087 patre

199 1105 348 1162 Herberto
370 1103 597 1162 strenuissimo³
616 1105 733 1170 comite,
752 1113 782 1160 et
805 1111 901 1159 matre
922 1102 1028 1159 Emma
1048 1118 1151 1159 sorore
1171 1099 1278 1173 regiss

101 1191 278 1265 Anglorum
297 1192 454 1265 Stephani,
479 1192 625 1265 originem
650 1191 748 1248 traxit
784 1189 898 1246 Verum
928 1207 967 1246 ne
998 1189 1062 1246 sola
1091 1197 1250 1262 parentum

101 1279 289 1352 generositas
314 1282 373 1336 vite
405 1281 470 1336 eius
501 1279 610 1336 seriem
642 1278 733 1334 titulis
758 1278 920 1348 decoraret,
946 1276 1073 1333 euolutis
1104 1292 1250 1332 annorum

101 1365 230 1436 circulis,
249 1384 317 1424 cum
336 1375 402 1424 etas
420 1374 525 1424 tenera
546 1366 736 1423 discretionis
757 1364 902 1438 regimine
922 1364 1042 1421 solidari
1063 1364 1150 1436 cepit,
1169 1363 1251 1419 omni

101 1470 221 1511 morum
234 1455 391 1511 honestate
404 1454 542 1527 pollebat.
580 1453 793 1511 crescentibus
806 1453 928 1510 tandem
941 1452 1084 1510 virtutum
1097 1460 1127 1509 et
1142 1451 1251 1508 sancti·

101 1541 170 1598 tatis
183 1541 247 1598 eius
264 1541 388 1610 meritis,
400 1541 592 1598 eboracensis
605 1539 825 1598 thesaurarius⁴
837 1540 971 1606 effectus,
984 1557 1058 1613 opes
1072 1557 1143 1596 suas
1156 1537 1252 1596 inter⁰
1268 1560 1297 1596 ιο

103 1645 212 1686 manus
237 1647 402 1703 egenorum
424 1629 554 1686 transire
578 1629 683 1701 coegit,
703 1629 818 1684 nullum
843 1627 1017 1684 thesaurum
1038 1625 1251 1700 preciosiorem

101 1717 256 1785 estimans,
269 1733 359 1790 quam
378 1716 536 1790 penuriam
555 1716 736 1789 patientibus
755 1714 926 1772 subuenire.
964 1714 1111 1771 Defuncto
1130 1714 1252 1769 tandem

101 1803 267 1861 Thurstino
285 1804 511 1877 archiepiscopo
530 1803 714 1868 eboracensi,
728 1802 774 1859 vir
793 1819 911 1859 summe
927 1800 1175 1869 mansuetudinis,
1188 1800 1252 1872 pie·

101 1891 180 1960 tatis,
193 1902 224 1949 et
241 1891 393 1949 charitatis
411 1891 538 1965 eligitur,
552 1892 604 1948 sed
622 1891 700 1947 liuor
718 1892 796 1947 edax
814 1899 845 1947 et
862 1907 947 1946 arnor
965 1887 1139 1946 dominandi
1158 1905 1253 1960 quen·

102 1979 173 2035 dam
192 1979 328 2036 eiusdem
351 1979 478 2036 ecclesie
503 1975 743 2035 archidiaconum
768 1977 798 2034 in
825 1977 980 2050 regionem
1001 1975 1252 2033 dissimilitudinis
1269 2001 1296 2050 ¹5

102 2067 179 2122 adeo
198 2067 327 2134 attraxit,
339 2076 371 2122 vt
389 2067 467 2122 inter
485 2066 630 2139 eligentes
650 2065 807 2122 discidium
826 2063 970 2134 excitans,
982 2081 1001 2120 a
1019 2063 1150 2120 saniori⁶
1168 2071 1252 2136 parte

103 2154 233 2211 electum
250 2155 419 2226 impediret.
458 2153 541 2210 Licet
560 2153 641 2210 enim
661 2153 691 2208 in
710 2151 855 2210 electione
874 2152 940 2209 eius
962 2151 1083 2208 laudum
1103 2150 1252 2225 preconia,

104 2242 204 2298 clerus
216 2242 386 2298 acclamans
398 2251 428 2298 et
441 2241 528 2314 plebs
540 2241 738 2314 applaudens,
750 2239 834 2295 illum
852 2239 967 2296 iusticie
985 2249 1016 2295 et
1033 2255 1152 2295 morum
1171 2254 1253 2294 ama—

103 2339 200 2386 torem
215 2328 391 2402 precipuum
404 2338 596 2398 testarentur,
610 2327 762 2401 negotium
776 2337 876 2383 tamen
892 2326 1096 2400 suspenditur,
1109 2326 1146 2382 ad
1163 2341 1253 2399 apos·

103 2417 191 2473 tolice
202 2417 283 2473 sedis
293 2434 421 2473 examen
431 2424 635 2489 prouocatum.
660 2414 806 2471 Summus
816 2415 896 2472 enim
907 2414 1043 2487 pontifex
1052 2413 1253 2471 cisterciensis
1268 2435 1299 2471 ιο

103 2503 218 2560 ordinis
245 2502 407 2577 Eugenius,
432 2521 493 2560 non
517 2503 589 2559 vitio
614 2520 752 2577 persone,
778 2504 832 2559 sed
858 2519 913 2559 sue
936 2501 1098 2559 voluntatis
1123 2500 1253 2568 arbitrio,

103 2591 281 2649 electionem
303 2592 368 2648 eius
388 2590 517 2648 cassauit
542 2598 572 2647 et
597 2589 782 2647 Henricum⁷
809 2589 964 2660 Murdach,
989 2588 1114 2663 predicti
1139 2588 1253 2646 ordinis
1297 2597 1298 2602 ’

103 2678 318 2753 professorem,
340 2677 532 2736 eboracensis
556 2677 684 2735 ecclesie
710 2684 862 2752 pastorem
888 2677 1045 2734 ordinauit.
1082 2676 1253 2734 Venenosis

102 2767 150 2822 vir
173 2766 222 2823 dei
242 2765 415 2823 Willelmus
440 2765 661 2824 detrahentium
683 2765 855 2822 morsibus⁸
874 2765 1032 2836 laceratus,
1052 2782 1108 2838 pro
1129 2763 1255 2828 solatio’¹

103 2854 277 2929 patientiam
291 2853 400 2925 habuit,
413 2853 511 2911 varios
531 2864 658 2911 euentus
675 2853 839 2910 constantia
857 2869 1005 2926 superans
1022 2852 1114 2909 animi
1131 2852 1195 2908 sui:
1216 2852 1253 2906 ad
1270 2873 1299 2922 ²5

105 2941 273 2998 Henricum
293 2941 525 2998 wintoniensem
546 2941 732 3013 episcopum,
753 2948 893 3013 patruum
913 2956 1010 3007 suum,
1029 2938 1164 3008 accessit,
1191 2939 1253 3011 [qui

103 3029 186 3100 eum]
215 3029 347 3102 benigne
374 3028 608 3102 susc[ipiens]¹⁰‚
633 3029 672 3085 ad
699 3027 765 3084 eius
793 3026 934 3099 obsequia
963 3043 1084 3083 ornnem
1111 3026 1253 3082 familiam

104 3134 191 3174 suam
204 3116 377 3189 assignauit.
414 3116 475 3173 Sed
492 3115 541 3172 vir
557 3116 614 3184 dei,
627 3132 769 3189 pompam
782 3115 874 3172 seculi
891 3114 1066 3185 abhorrens,
1079 3113 1110 3169 in
1123 3113 1254 3186 quodam

104 3205 237 3278 episcopi
254 3221 360 3261 manso
379 3203 569 3260 solitudinem
588 3204 731 3260 affectans
750 3201 868 3273 mansit,
888 3209 917 3260 et
935 3201 1166 3258 commissorum
1185 3217 1254 3257 suo-

104 3310 172 3349 rum
190 3292 396 3366 penitudinem
411 3309 517 3366 gerere
536 3299 567 3348 et
582 3291 703 3348 vltrices
721 3307 867 3365 penarum
886 3289 1023 3346 flammas
1042 3288 1252 3345 lachrimarum
1269 3314 1300 3364 3⁰

103 3381 241 3438 ubertate
257 3379 438 3452 restringere
451 3379 574 3437 curauit
611 3378 683 3436 Erat
699 3379 782 3436 enim
794 3379 854 3434 vita
871 3378 936 3435 eius
949 3377 979 3434 in
995 3393 1113 3434 summo
1126 3375 1255 3446 silentio,

105 3485 266 3541 moresque
285 3467 444 3540 tranquilli,
464 3467 548 3524 nec¹¹
567 3485 627 3524 vox
645 3484 724 3523 vana
743 3475 795 3523 aut
813 3466 932 3522 ociosus
950 3482 1052 3522 sermo
1073 3464 1139 3522 eius
1158 3464 1255 3522 inten-

105 3557 218 3613 tionem
245 3573 263 3612 a
288 3555 390 3612 diuina
421 3555 672 3629 contemplatione
702 3554 849 3629 impedire
880 3561 1049 3626 potuerunt.
1095 3552 1255 3624 Augebant

39 3703 41 3710 ,
106 3646 246 3700 ardorem
266 3643 434 3700 deuotionis
456 3644 644 3700 considerata
663 3643 890 3715 dampnatorum
912 3639 1065 3713 supplicia,
1085 3641 1255 3696 beatorum·

106 3747 165 3805 que
179 3732 311 3804 premia3
331 3741 361 3787 et
374 3749 464 3804 quarn
480 3749 574 3804 graue
591 3731 638 3800 sit,
651 3730 683 3786 in
696 3739 832 3786 extrema
844 3727 1036 3784 ventilatione
1049 3728 1139 3783 deum
1151 3725 1254 3783 videre
1269 3751 1299 3800 35

105 3829 138 3877 et
158 3821 296 3892 perdere,
315 3835 333 3875 a
355 3821 499 3876 memoria
519 3836 579 3874 non
598 3819 731 3874 recessit.
769 3817 875 3885 Pauca,
894 3816 949 3872 sed
967 3814 1075 3884 debita,
1094 3814 1255 3887 indulgens

107 3914 223 3976 nature,
238 3905 319 3962 nulla
337 3907 423 3979 gule:
443 3915 474 3962 et
490 3905 516 3963 si
533 3907 653 3979 quando
669 3903 878 3978 generositatis
897 3902 1060 3959 eminentia
1072 3901 1255 3958 visitantium

106 3995 210 4051 turbas
230 3993 350 4051 offerret
367 3995 456 4050 etiam
476 3993 576 4064 inuito,
594 3993 648 4066 [in]
663 3993 797 4066 ipsarum
812 3989 965 4064 aspectu¹¹
982 3996 1044 4046 tam
1063 3988 1255 4060 honorabilis,

140 4111 708 4175 ¹Ed.inn58.13011.oJune11.p.13⁶.
742 4111 881 4160 abesam
898 4107 1057 4158 theVitain
1076 4107 1131 4158 lis.
1145 4105 1218 4158 Harl.
1232 4121 1255 4161 a,

108 4178 124 4227 f.
138 4179 219 4240 ἰθ-88
232 4177 275 4242 (¹3
287 4185 355 4227 cent.
367 4193 374 4239 ς
390 4180 443 4228 abr.
455 4179 481 4227 in
495 4179 628 4234 Bronton,
641 4175 757 4241 Stubbs).
830 4174 840 4203 ¹
857 4175 886 4224 T.
901 4175 1027 4234 Sanctus;
1044 4173 1073 4222 E.
1085 4173 1136 4222 Vit.
1149 4173 1254 4224 Beatus.

107 4244 163 4294 ³1²..
177 4244 382 4294 strennuissimo.
459 4243 516 4293 ‘E.
531 4244 715 4294 thezaurarius.
789 4239 866 4292 ‘tut
879 4241 954 4291 intra
1038 4238 1093 4288 ⁸T.
1107 4238 1136 4287 E.
1148 4239 1253 4288 seniori.

107 4305 118 4338 '
133 4308 162 4360 T.
173 4309 295 4359 Hennde
304 4310 339 4360 ll.
404 4307 585 4360 'Emonbus
651 4309 661 4338 ⁸
679 4308 708 4357 E.
716 4305 906 4364 consolatione;
917 4305 947 4355 Τ.
956 4303 1061 4354 solacio.
1127 4303 1145 4332 ¹⁰
1162 4303 1191 4352 T.
1201 4303 1231 4352 E.
1240 4319 1256 4352 ι

108 4389 160 4438 quo
171 4377 195 4430 b.
206 4383 350 4440 susceptus.
416 4374 435 4405 ¹¹
453 4375 504 4426 vn.
517 4391 550 4424 ne
562 4412 569 4426 .
582 4412 590 4427 .
603 4409 610 4426 .
623 4375 667 4424 int.
676 4375 710 4424 ad
720 4374 808 4423 diuina
820 4371 947 4422 obturbet.
1014 4369 1034 4399 ¹¹
1050 4369 1101 4422 Vit.
1114 4369 1171 4434 ipso
1183 4370 1247 4421 visu.
