3064 4882
399 276 475 370 U:
498 274 662 366 sanctu
687 276 956 380 utuntauurno.
1186 303 1254 372 119

103 473 255 548 diligenter
267 476 472 535 ministrabat
511 477 545 534 ln
565 477 614 534 die
631 495 821 550 parasceueS,
840 479 937 551 plagis
951 479 1101 552 virgarum
1120 489 1150 536 et
1169 479 1254 535 nudi·

101 573 155 618 tate
173 573 203 620 et
226 565 350 622 crebris
371 566 639 638 genuflectionibus
658 568 740 622 diem
758 583 826 622 cum
846 575 933 622 nocte
951 567 1141 624 continuauit.
1178 567 1253 624 Sab-

101 651 162 706 bato
189 661 294 708 autem
327 663 443 722 sancto,
468 662 497 710 et
521 671 617 726 vsque
646 655 684 710 ad
708 655 814 710 horam
839 655 1069 712 resurrectionis
1094 655 1253 724 dominice,

100 747 230 810 tempore
253 740 356 796 diuini
378 740 465 796 officii
487 751 623 815 excepto,
643 741 674 796 in
696 743 825 814 quodam
844 742 1004 814 sepulchro
1023 760 1057 800 se
1076 743 1253 815 flagellando

99 824 232 884 latitabat.
314 815 466 884 Nondum
493 837 613 884 renatos
638 828 669 885 in
698 845 752 884 sua
781 829 892 886 diocesi
919 831 957 886 ad
982 831 1073 887 fidem
1098 832 1281 901 conuertit‚5

97 923 245 984 apostatas
268 925 302 972 et
327 915 477 972 hereticos
496 933 551 972 sua
571 917 707 972 doctrina
726 934 800 973 sana
820 919 859 974 ad
879 928 982 975 sancte
1003 920 1107 975 matris
1128 919 1253 976 ecclesie

10 1049 11 1052 ,
97 1003 242 1072 gremium
252 1004 429 1072 reuocauit:
445 1005 608 1060 demonum
618 1005 798 1061 simulachra
806 1004 916 1078 ubique
927 1006 1081 1077 subuertit,
1090 1007 1253 1064 nonnullas

96 1089 236 1146 ecclesias
256 1094 439 1161 construxit,
457 1091 631 1164 parochias¹
651 1092 740 1148 certis
760 1092 901 1149 limitibus
921 1093 1070 1162 distinxit:
1096 1104 1126 1150 et
1144 1095 1252 1167 ubique

97 1175 209 1234 lucrum
223 1181 402 1236 animarum
415 1181 569 1252 querendo
581 1179 786 1251 proficiscens,
797 1197 856 1236 non
870 1198 948 1253 equo
960 1190 1065 1238 uectus
1072 1182 1091 1252 ¹,
1104 1183 1158 1238 sed
1169 1199 1253 1238 more

94 1267 304 1336 apostolorum
323 1269 420 1340 pedes
437 1268 482 1324 ire
499 1267 625 1324 volebat.
701 1255 755 1325 Ne
776 1279 876 1326 autem
898 1286 1007 1340 panem
1027 1287 1114 1326 suum
1135 1270 1253 1326 ociosus
1270 1291 1299 1326 ιο

94 1355 268 1412 comederet
277 1355 300 1426 ⁸,
324 1357 462 1412 manibus
487 1356 550 1411 suis
575 1355 606 1410 in
631 1355 811 1428 agricultura
836 1356 972 1412 laborare
997 1357 1160 1414 consueuit.
1215 1357 1253 1414 Et

94 1457 159 1496 cum
172 1444 274 1500 boues
288 1443 386 1500 semel
400 1443 457 1500 sibi
469 1445 621 1513 deessent,
635 1460 742 1500 ceruos
755 1445 793 1499 de
806 1443 883 1500 saltu
896 1444 927 1500 in
943 1445 1065 1500 nomine
1083 1446 1195 1501 domini
1214 1446 1253 1501 ad

95 1544 126 1583 se
149 1531 259 1588 venire
287 1539 321 1588 et
344 1531 410 1588 loco
434 1532 524 1587 boum
549 1541 660 1588 terram
685 1548 771 1587 arare
795 1532 939 1604 precepit.
993 1532 1052 1602 Qui
1076 1534 1176 1589 statim
1201 1534 1254 1589 ob·

94 1623 306 1689 temperantes
331 1627 362 1674 et
387 1619 535 1676 mansueti
559 1619 666 1688 effecti,
691 1627 803 1674 terram
827 1636 923 1688 arare,
947 1622 985 1676 ad
1010 1637 1122 1692 pascua
1146 1622 1198 1689 ire,
1223 1631 1254 1678 et

95 1704 130 1758 ad
149 1721 231 1778 opus
252 1715 434 1763 consuetum
458 1707 558 1763 redire
582 1707 728 1763 solebant.
764 1707 902 1763 Tandem
926 1708 958 1764 in
977 1724 1070 1763 vnum
1090 1709 1129 1764 de
1153 1709 1298 1779 ceruis15

95 1790 195 1850 labore
215 1794 376 1867 fatigatum
394 1795 483 1867 lupus
495 1797 614 1850 irruens
627 1793 792 1864 suffocant,
805 1803 835 1850 et
853 1811 992 1851 voracem
1012 1795 1194 1867 ingluuiem⁴
1214 1814 1253 1853 ex

96 1874 158 1932 eius
171 1879 327 1936 cadauere
341 1877 491 1934 saturauit.
529 1877 596 1948 Quo
613 1878 722 1946 audito,
734 1887 857 1935 sanctus
876 1877 1115 1951 Kentegemus⁶,
1128 1896 1252 1936 manum

96 1973 198 2020 contra
214 1967 327 2022 siluam
350 1967 528 2034 extendens,
551 1966 642 2022 dixit:
672 1966 724 2022 ‘ln
746 1967 867 2022 nomine
891 1976 995 2023 sancte
1020 1967 1158 2023 trinitatis
1184 1985 1253 2039 pre-

96 2049 171 2122 cipio
192 2063 225 2110 vt
245 2055 338 2127 lupus
360 2053 410 2126 qui
433 2053 524 2110 michi
546 2055 711 2126 dampnum
733 2052 838 2125 intulit,
859 2053 1065 2110 satisfacturus
1084 2055 1149 2110 sine
1169 2071 1252 2110 mora

97 2142 238 2197 acccdat’
280 2141 318 2198 Et
331 2158 412 2211 ecce,
428 2141 517 2212 lupus
533 2141 572 2197 de
584 2141 660 2197 silua
672 2142 841 2213 prosiliens,
853 2158 922 2198 cum
934 2141 1046 2199 vlulatu
1059 2143 1168 2198 corruit
1181 2150 1252 2198 ante
1268 2169 1299 2206 20

97 2229 191 2296 pedes
224 2233 301 2286 eius
345 2228 400 2285 Cui
430 2239 572 2286 sanctus:
612 2228 734 2301 ‘Surge
762 2229 865 2301 inquit,
894 2237 924 2286 et
951 2229 982 2285 in
1011 2231 1133 2286 nomine
1162 2229 1252 2286 Ihesu

98 2313 207 2374 Christi
239 2316 378 2391 precipio
402 2317 454 2372 tibi
478 2326 510 2373 vt
535 2317 600 2372 loco
625 2317 706 2374 cerui
733 2335 823 2389 quem
848 2317 1009 2386 deuorasti,
1034 2327 1131 2374 aratro
1156 2319 1253 2390 appli-

98 2413 179 2460 catus
197 2423 271 2462 ares
284 2421 325 2461 ex
342 2404 459 2477 integro
478 2405 557 2477 quod
576 2413 670 2460 restat
688 2405 833 2460 arandum
842 2405 870 2460 ⁶.'
910 2403 1014 2478 Lupus
1032 2407 1132 2478 itaque
1150 2406 1252 2462 verbis

98 2493 190 2548 sancti
216 2493 373 2562 obediens
398 2501 428 2548 et
456 2491 563 2549 ceruo⁷
589 2491 754 2564 copulatae,
780 2509 891 2548 nouem
916 2494 1019 2565 iugera
1045 2494 1176 2549 arando⁸
1201 2511 1252 2549 ex-

98 2577 193 2650 plens,
222 2581 318 2638 libere
348 2580 431 2636 abire
461 2581 651 2652 permittitur.
697 2580 734 2636 Et
762 2597 830 2636 cum
862 2581 946 2636 multi
977 2580 1189 2638 conuenissent
1213 2581 1250 2637 ad
1267 2601 1296 2652 ²5

98 2669 313 2738 spectaculum,
333 2677 454 2724 sanctus
478 2670 619 2740 aperiens
641 2683 676 2724 os
701 2685 789 2724 suum
810 2667 901 2724 dixit:
935 2667 1016 2723 ‘Viri
1041 2668 1159 2737 fratres,
1179 2669 1251 2740 quid

99 2755 289 2814 admiramini
302 2754 482 2828 aspicientes
494 2756 620 2812 verbum
639 2755 714 2812 hoc?
751 2755 872 2813 Credite
891 2757 972 2825 mihi,
986 2765 1146 2828 antequam
1161 2756 1251 2811 homo

99 2839 276 2902 inobediens
296 2861 351 2900 suo
370 2843 515 2900 conditori
535 2843 687 2910 existeret,
706 2861 768 2900 non
793 2843 891 2899 solum
916 2843 1063 2912 animalia,
1084 2844 1138 2900 sed
1159 2843 1250 2898 etiam

100 2931 248 2990 elementa
267 2931 513 3004 obtemperabant
531 2930 582 2986 illi.
620 2930 707 2988 Nunc
719 2947 792 2987 vero
811 2932 849 2986 ob
868 2931 963 3003 ipsius
982 2929 1250 3004 preuaricationem

100 3021 238 3077 omnibus
261 3021 292 3076 in
318 3021 446 3076 aduersa
467 3017 572 3090 versis,
594 3019 641 3074 leo
666 3019 807 3088 lacerare,
829 3018 919 3090 lupus
942 3019 1098 3086 deuorare,
1122 3035 1251 3091 serpens
1265 3037 1297 3086 ³0

100 3108 233 3164 sauciare
241 3109 260 3176 ⁹,
272 3124 351 3180 aqua
368 3107 574 3178 submergere,
587 3105 666 3178 ignis
683 3105 872 3174 comburere,
885 3123 939 3162 aer
953 3122 1157 3178 corrumpere,
1171 3114 1251 3164 terra

100 3209 170 3268 sepe
183 3197 285 3253 ferrea
298 3194 403 3251 effecta
415 3193 493 3250 same
503 3195 649 3250 subruere
660 3192 825 3250 consueuit.
854 3193 891 3248 Et
903 3194 941 3249 ad
951 3193 1103 3249 cumulum
1113 3195 1250 3250 consueti

100 3283 175 3354 mali,
189 3284 282 3340 homo
299 3299 359 3338 non
377 3282 475 3338 solum
488 3281 652 3350 bominem,
665 3282 719 3337 sed
739 3282 805 3353 ipse
822 3281 912 3338 homo
929 3281 960 3336 in
978 3280 1079 3354 seipso
1097 3281 1251 3353 peccando

100 3381 201 3428 contra
217 3372 352 3442 seipsum
365 3377 474 3442 sponte
485 3370 610 3426 deseuit.
648 3368 710 3425 Sed
723 3371 864 3440 quoniam
877 3368 1013 3441 plerique
1026 3369 1121 3425 sancti
1135 3369 1165 3424 in
1178 3386 1251 3426 vera

99 3458 276 3526 innocentia,
289 3466 320 3513 et
332 3473 409 3530 pura
420 3456 598 3526 obedientia,
611 3457 640 3512 in
654 3456 818 3524 sanctitate,
831 3455 997 3525 dilectione,
1011 3456 1079 3523 fide,
1093 3465 1123 3513 et
1136 3455 1250 3512 iusticia
1265 3471 1295 3522 35

100 3561 198 3604 coram
212 3547 335 3602 domino
352 3543 476 3618 perlecti
495 3543 609 3600 inuenti
628 3552 707 3612 sunt,
720 3543 806 3616 quasi
824 3544 980 3616 antiquum
999 3545 1046 3600 ius
1064 3553 1094 3601 et
1114 3544 1250 3601 naturale

100 3633 292 3690 dominiuma
304 3632 425 3689 domino
438 3641 617 3704 recuperant
626 3631 655 3700 ¹⁰,
668 3632 739 3688 dum
754 3631 858 3687 bestiis
871 3639 901 3688 et
913 3630 1081 3701 clementie,
1094 3631 1208 3688 morbis
1220 3641 1251 3688 et

101 3721 246 3778 mortibus
256 3721 407 3792 imperare
415 3719 513 3776 solent
523 3719 561 3775 ¹¹.'
582 3719 695 3776 Etcum
705 3727 797 3775 totam
811 3735 962 3776 annonam
972 3719 1155 3793 pauperibus
1167 3736 1250 3775 erro-

99 3818 209 3880 gasset,
227 3817 386 3881 assumpta
406 3823 507 3875 arena,
525 3808 591 3864 vice
610 3806 735 3864 seminis
753 3807 785 3863 in
803 3815 916 3862 terram
936 3807 1064 3879 sparsit:
1090 3815 1119 3862 et
1140 3805 1249 3864 messis

101 3905 236 3970 tempore
256 3895 387 3952 triticum
406 3894 553 3968 optimum
578 3903 659 3951 terra
683 3895 862 3966 producens,
881 3911 989 3951 omnes
1013 3895 1069 3950 hoc
1093 3893 1249 3950 audientes
1262 3915 1296 3965 40

100 3985 188 4042 deum
212 3983 244 4040 in
266 3982 401 4040 sancto¹²
420 3982 485 4039 eius
503 3983 626 4039 laudare
652 3991 682 4038 et
707 3981 886 4038 benedicere
910 3980 988 4038 lecit.
1062 3969 1148 4037 Dum
1167 3979 1248 4036 enim

99 4071 237 4130 victualia
253 4088 308 4144 pro
320 4069 462 4128 fratribus
474 4069 539 4127 vice
552 4070 680 4142 quadam
698 4086 758 4126 non
776 4069 910 4138 haberet,
922 4085 1027 4141 regem
1040 4069 1248 4126 cambrensem

129 4213 137 4241 ¹
156 4211 185 4262 E.
198 4211 342 4274 perocbias.
430 4207 441 4237 ’
458 4207 486 4259 E.
500 4217 597 4258 nectus.
691 4207 701 4236 ¹
717 4207 746 4257 E.
758 4207 939 4258 commederet.
1030 4205 1041 4235 ⁴
1059 4207 1088 4259 E.
1101 4207 1248 4269 ingluuiam.

99 4278 107 4306 ¹
123 4277 153 4328 E.
166 4277 352 4339 Kentegrinus.
443 4273 453 4303 ⁸
469 4273 519 4325 Vit.
533 4274 645 4337 agelluli.
721 4273 731 4301 ¹
748 4273 798 4324 vit
813 4289 870 4323 cum
882 4273 963 4322 altero
975 4288 996 4324 c.
1072 4273 1083 4302 ⁸
1100 4273 1128 4323 E.
1141 4275 1246 4324 orando.

99 4345 107 4372 ’
123 4344 151 4393 E.
163 4343 269 4394 saciare.
370 4339 388 4369 ¹⁰
404 4339 455 4392 vit.
469 4339 662 4406 recuperabant.
729 4341 747 4370 ¹¹
766 4340 931 4404 imperabant
1000 4337 1019 4368 ¹²
1036 4339 1064 4390 T.
1078 4339 1098 4389 E
1118 4347 1241 4391 sanctum.
