3042 4884
276 321 296 372 2
301 319 348 392 30
584 293 715 380 mulla
739 289 930 393 [tumba
955 289 1106 393 tinuit.

275 493 347 552 Idus
362 493 455 561 iunii;
473 501 503 551 et
515 501 597 552 tanta
608 490 667 550 illic
684 491 751 548 rniri
768 491 870 550 odon's
887 507 1012 564 aspersa
1027 500 1075 550 cst
1092 487 1259 564 fragrantia,
1271 497 1304 546 vt
1315 505 1435 548 omnes

274 583 325 657 qui
337 582 396 640 illic
410 582 535 639 aderant
546 580 737 638 inestimabili
755 579 901 638 suauitate
914 578 1190 652 replerentur.-'
1201 566 1325 635 Accidit
1341 579 1432 634 enim

273 679 411 742 tempore
428 668 535 726 Canuti
551 667 630 742 regis
647 667 816 740 Anglorum
832 676 862 724 et
880 665 1041 736 Dacorum,
1053 666 1133 738 quod
1146 665 1268 738 quidam
1279 665 1336 721 viri
1354 683 1433 722 ossa

274 758 370 815 sancti
389 756 523 831 Odulphi
540 757 713 814 auferentes
721 757 741 826 ²,
763 756 839 812 mira
860 754 983 812 audacia
1005 753 1177 812 londonias
1198 753 1431 810 transtulerunt.

246 843 321 910 5Ea
344 853 523 919 tempestate
543 843 733 901 Ailwardus⁸
758 842 920 916 episcopus
945 841 1152 898 londoniensis
1171 841 1330 898 ecclesiam
1356 859 1432 898 eue-

276 932 490 990 shamensem⁴
502 931 643 1004 regebat:
663 931 715 1004 qui
730 947 798 987 cum
811 929 1009 986 intellexisset
1025 928 1167 1002 reliquias
1180 928 1275 985 sancti
1288 928 1429 1000 Odulphi

276 1017 441 1076 Londoniis
468 1019 618 1088 aduectas,
640 1027 760 1076 centurn
785 1017 876 1074 libras
900 1013 1119 1073 vendentibus⁵
1143 1016 1233 1080 dedit,
1258 1015 1365 1087 sicque
1385 1017 1429 1072 in-

275 1106 474 1163 estimabilem
484 1106 686 1178 t[h]ezaurum
696 1104 825 1178 gloriose
835 1103 1001 1176 acquisiuit,
1011 1112 1041 1160 et
1054 1119 1121 1158 cum
1135 1119 1244 1175 magno
1258 1103 1376 1159 honore
1389 1103 1430 1158 ad

275 1193 544 1250 eueshamenscm⁴
564 1191 719 1250 ecclesiam
740 1192 869 1248 aduenit.
942 1177 1100 1264 Tempore
1119 1189 1143 1246 F
1144 1189 1270 1246 rederici
1289 1189 1429 1263 episcopi

232 1299 262 1336 ro
276 1281 461 1338 traiectensis
479 1281 599 1336 beatum
617 1279 794 1352 Odulphum
813 1277 898 1335 altari
913 1278 1054 1335 assistere
1072 1277 1193 1350 contigit
1210 1287 1239 1333 et
1256 1295 1327 1334 ecce
1343 1277 1429 1334 iuxta

275 1368 369 1427 altare
381 1369 471 1426 astitit
485 1368 512 1424 ei
525 1368 649 1439 angelus
662 1366 784 1438 domini,
794 1366 862 1422 talia
872 1375 976 1422 sancto
984 1365 1049 1422 viro
1061 1365 1265 1422 annuncians:
1280 1365 1429 1434 ‘Festina

275 1455 379 1528 inquit,
392 1455 439 1512 vir
457 1455 515 1524 dei,
531 1455 663 1512 velocius
681 1453 805 1510 missam
824 1453 921 1523 finire,
938 1463 968 1510 et
987 1453 1065 1509 sicut
1082 1461 1172 1522 astas,
1189 1453 1430 1508 sacerdotalibus

275 1541 464 1600 vestimentis
488 1541 619 1608 indutus,
644 1551 781 1598 sanctum
811 1539 934 1596 calicem
966 1540 1105 1596 manibus
1132 1549 1248 1608 tenens,
1273 1541 1311 1596 ad
1342 1557 1429 1596 mare

276 1629 392 1688 concito
408 1629 502 1702 gradu
522 1645 671 1702 propera:
700 1627 818 1700 illicque
838 1644 947 1684 nauem
966 1627 1112 1695 inuenies,
1130 1644 1189 1700 que
1205 1636 1235 1683 te
1252 1625 1428 1686 Traiectum

233 1733 261 1784 15
276 1727 357 1776 recto
386 1717 505 1774 tramite
535 1717 672 1774 deducet.
719 1715 785 1772 Nisi
808 1715 889 1772 enim
914 1714 1060 1772 festinans
1087 1714 1156 1772 illuc
1185 1715 1270 1770 citius
1294 1715 1430 1782 veneris,

276 1803 462 1862 traiectensis
497 1803 634 1878 pontifex
663 1819 747 1859 more
778 1802 864 1858 solito
895 1802 1019 1860 missam
1049 1802 1224 1859 solemniter
1254 1801 1429 1871 celebrabit,

276 1893 356 1966 quod
376 1891 402 1949 si
420 1908 495 1948 ausu
517 1889 676 1950 temerario
694 1890 792 1946 facere
811 1889 1039 1963 presumpserit,
1058 1890 1161 1946 diuino
1179 1888 1284 1946 iuditio
1302 1901 1431 1963 propter

185 1995 188 2004 ’
276 1989 432 2055 peccatum
459 1980 539 2053 quod
570 1987 658 2035 nocte
688 1977 836 2034 commisit
861 1977 979 2034 diabolo
1005 1978 1129 2034 traditus
1160 1976 1374 2034 miserabiliter
1398 1979 1429 2034 in

276 2067 429 2125 infernum
448 2066 640 2140 sepeliendus
659 2065 888 2122 suffocabitur⁶.'
927 2065 993 2122 Hec
1010 2066 1116 2138 angelo
1134 2064 1252 2121 dicente
1268 2082 1429 2138 genusque

233 2175 264 2212 ao
277 2155 390 2230 peccati
411 2155 542 2212 seriatim
562 2153 778 2222 innotescente,
797 2161 918 2209 sanctus
937 2152 1098 2226 Odulphus
1116 2169 1197 2219 mox,
1215 2151 1292 2208 sicut
1311 2152 1430 2208 iussum

277 2242 382 2311 iuerat,
395 2243 517 2299 calicem
534 2239 672 2297 manibus
688 2240 789 2296 ferens
802 2239 1095 2312 sacerdotalibusque
1106 2239 1293 2297 vestimentis
1303 2239 1429 2296 indutus

278 2332 316 2387 ad
337 2346 430 2397 mare,
451 2327 563 2385 nemini
589 2327 748 2400 quicquam
773 2327 885 2398 dicens,
907 2327 1022 2384 concito
1047 2329 1236 2400 properabat,
1261 2337 1291 2383 et
1316 2345 1429 2384 nauem

277 2416 455 2486 ascendens,
464 2415 530 2473 sine
540 2413 640 2487 aliquo
648 2431 800 2471 remorum
810 2424 861 2470 aut
872 2415 957 2471 nauis
968 2415 977 2445 ⁷
986 2414 1189 2488 gubernaculo
1199 2415 1236 2472 ad
1246 2415 1429 2472 traiectense

279 2503 361 2560 littus
385 2503 533 2576 appulsus
559 2509 622 2558 est:
649 2501 824 2574 inuenitque
848 2501 1022 2575 episcopum
1048 2520 1116 2560 cum
1142 2501 1233 2560 nimia
1258 2519 1372 2575 pompa
1390 2504 1428 2559 ad

234 2611 263 2660 25
278 2590 439 2648 missarum
470 2588 617 2646 solemnia
646 2605 681 2646 se
711 2599 932 2663 preparantem.
980 2588 1095 2647 Videns
1130 2601 1229 2646 autem
1264 2589 1429 2663 episcopus

278 2679 399 2736 beatum
429 2675 604 2750 Odulphum
634 2676 870 2733 sacerdotalibus
900 2677 1037 2734 indutum
1068 2676 1251 2750 calicemque
1288 2677 1429 2734 manibus

277 2775 432 2823 tenentem
462 2781 557 2837 prope
587 2763 739 2832 assistere,
763 2763 916 2821 admirans
941 2763 998 2821 ait:
1024 2763 1122 2834 ‘Quid
1152 2773 1193 2835 tu,
1217 2763 1322 2836 inquit,
1348 2765 1429 2821 bone

279 2851 430 2927 Odulphe,
460 2859 522 2908 tarn
552 2849 724 2923 insperatus
746 2861 784 2908 ¹et
815 2859 876 2908 tarn
906 2851 1059 2925 inopinato
1090 2853 1179 2909 modo
1207 2862 1339 2924 paratus,
1365 2861 1428 2909 tam

278 2939 406 2998 festinus
431 2939 487 2998 hac
512 2938 561 2997 die
585 2937 769 2996 aduenistii'
814 2938 851 2994 Et
875 2938 945 2998 ille:
974 2939 1179 2996 ‘Necessitate
1204 2941 1333 3013 quadam
1359 2957 1429 3013 pcr-

233 3051 266 3100 30
279 3027 411 3086 maxima
441 3036 570 3098 coactus,
601 3025 722 3082 domine
752 3035 845 3098 pater,
873 3034 1006 3084 vestram
1036 3027 1223 3084 sanctitatem
1255 3027 1306 3083 tali
1337 3029 1430 3084 modo

279 3115 408 3189 expetii!
456 3113 636 3186 Vocansque
673 3111 848 3186 episcopum
887 3131 1034 3185 seorsum,
1073 3115 1221 3172 visionem
1260 3115 1430 3188 angelicam

280 3219 464 3275 omnemque
481 3201 525 3259 rei
539 3202 694 3258 veritatem
712 3199 770 3258 sibi
787 3219 826 3258 ex
843 3202 948 3259 ordine
967 3203 1088 3276 pandit:
1111 3202 1252 3275 quoniam
1270 3202 1301 3259 in
1320 3205 1429 3260 eadem

279 3290 469 3349 sanctissima
506 3298 593 3346 nocte
624 3288 759 3361 paschali
789 3305 858 3345 cum
888 3290 1016 3363 quadarn
1049 3289 1273 3357 sanctimoniali,
1305 3292 1430 3364 propria

278 3377 417 3436 videlicet
433 3393 546 3448 sorore,
563 3387 725 3450 peccasset
762 3376 850 3447 Quod
869 3377 995 3434 audiens
1011 3379 1180 3452 episcopus,
1199 3389 1229 3435 et
1247 3377 1324 3436 vltra
1337 3397 1429 3452 quam

235 3488 265 3538 ³5
279 3464 411 3523 estimari
430 3463 525 3537 possit
543 3463 591 3520 dei
610 3462 751 3520 iudicium
770 3481 987 3536 expauescens‚
1006 3466 1093 3523 iussit
1111 3467 1231 3524 beatum
1252 3466 1429 3539 Odulphum

280 3553 405 3609 missam
427 3551 603 3607 solemniter
627 3551 788 3608 celebrare.
828 3551 936 3608 Postea
959 3563 1059 3609 autem
1084 3553 1263 3626 condignam
1288 3555 1430 3626 peniten-

279 3641 362 3709 tiam,
375 3656 393 3695 a
406 3646 508 3696 sancto
521 3637 663 3710 Odulpho
676 3638 732 3694 sibi
745 3638 916 3706 iniunctam,
929 3640 1064 3713 explens,
1077 3641 1285 3715 episcopatum
1298 3641 1429 3714 reliquit,

280 3729 387 3786 decem
415 3727 502 3784 annis
531 3725 655 3783 exilium
687 3743 795 3798 passus
825 3728 1025 3801 omnibusque
1053 3729 1116 3786 suis
1140 3728 1319 3801 incognitus,
1342 3731 1430 3787 beato

281 3815 423 3888 Odulpho
441 3829 513 3876 cura
530 3813 671 3886 pastorali
690 3813 861 3871 commissa.
899 3816 1018 3889 Elapsis
1036 3834 1109 3874 vero
1127 3817 1233 3874 decem
1251 3816 1340 3872 annis
1359 3836 1430 3891 pre-

234 3926 268 3974 40
280 3905 358 3962 fatus
382 3901 517 3976 pontifex
545 3900 730 3970 Fredencus,
753 3902 847 3958 sancti
872 3903 996 3976 spiritus
1017 3913 1163 3976 operante
1184 3903 1287 3976 gratia,
1312 3905 1429 3977 apicem

281 3991 474 4065 pontificatus
504 3997 535 4046 et
564 3987 637 4045 tanti
665 3989 780 4048 ordinis
808 3990 1014 4048 admirandam
1045 3991 1242 4062 sanctitatem,
1266 4001 1299 4048 vt
1322 3996 1430 4050 crebra

280 4079 376 4154 ipsius
388 4085 535 4136 testantur
546 4075 697 4146 miracula,
709 4076 844 4134 obtinere
858 4077 974 4136 meruit.

312 4217 321 4246 ¹
338 4215 376 4265 Cf.
391 4215 460 4266 Hist.
474 4214 563 4266 transl.
575 4216 615 4264 ed.
628 4214 740 4277 Maeray,
752 4231 776 4278 p.
789 4231 844 4278 31³·
978 4216 988 4246 ²
1004 4232 1039 4269 se
1050 4217 1115 4267 from
1127 4217 1255 4268 Stavoren
1267 4218 1294 4267 in
1307 4217 1430 4270 Helland.

280 4281 289 4310 ⁸
306 4282 340 4330 al.
351 4281 522 4332 Aeliwardus.
634 4280 644 4309 ⁴
661 4281 690 4330 T.
703 4283 918 4332 euisbamensem.
1027 4284 1038 4314 ⁸
1055 4285 1088 4333 al.
1099 4284 1260 4334 vehentibus.
1371 4283 1382 4314 ⁴
1397 4287 1430 4336 al.

279 4347 428 4410 proicietur.
538 4344 549 4376 ¹
565 4346 598 4395 al.
615 4347 672 4396 sine
683 4347 749 4410 velo,
762 4349 848 4398 remis
