3032 4882
288 289 361 363 288
600 287 731 376 matra
755 284 946 388 [inmun
970 284 1122 390 fluuii&

285 485 390 544 dilexit
409 485 510 544 illum:
536 485 699 560 aspiciebat
714 485 797 544 enim
816 487 921 556 solem,
939 487 1052 556 lunam,
1073 495 1103 543 et
1120 485 1227 556 celum,
1245 495 1276 544 et
1292 504 1351 560 per
1369 486 1435 546 illas

285 585 438 632 creaturas
458 575 579 648 agnouit
597 585 762 632 creatorem
780 591 894 632 earum.
929 575 1014 631 Tunc
1033 585 1174 647 parentes
1191 575 1257 632 eius
1274 576 1434 633 audientes

286 661 396 719 lamam
411 663 538 732 Patricii,
550 673 699 720 venerunt
714 663 753 718 ad
765 680 835 718 eum
848 680 916 719 cum
933 662 994 720 filia
1010 680 1072 731 sua,
1086 673 1116 720 et
1127 663 1269 720 dixerunt
1286 665 1331 721 ei:
1353 664 1434 721 ‘Nos

286 749 379 806 coacti
401 767 506 808 sumus
525 751 629 808 venire
650 751 689 807 ad
708 761 739 807 te
760 767 850 806 causa
872 749 932 807 filie
954 759 1065 818 nostre,
1086 768 1145 824 que
1167 751 1260 808 nimio
1281 751 1434 809 desiderio

257 853 272 908 5
288 839 369 911 cupit
382 837 486 896 videre
503 847 533 896 te
544 839 570 896 ¹.’
606 837 692 894 Tunc
705 847 828 894 sanctus
842 837 987 895 Patricius
1006 837 1082 895 dixit
1100 839 1138 894 ad
1151 856 1236 896 eam:
1260 839 1385 896 ‘Credis
1403 840 1433 896 in

286 925 412 982 deumi'
450 925 517 996 Que
537 926 598 983 ait:
626 926 758 984 ‘Credo'
796 925 834 982 Et
859 925 960 982 statim
982 925 1138 998 baptizata,
1159 926 1279 983 tradidit
1300 927 1433 984 anirnanr

286 1029 373 1070 suam
385 1013 417 1070 in
436 1031 543 1071 manus
561 1013 745 1086 angelorum,
758 1023 788 1070 et
805 1013 846 1071 ibi
863 1023 980 1070 mortua
991 1023 1039 1071 est
1056 1021 1144 1086 atque
1156 1015 1282 1087 sepulta.
1357 1003 1433 1072 Post

285 1099 342 1157 hec
366 1117 513 1175 prospero
537 1101 643 1158 itinere
668 1101 801 1174 perrexit
827 1100 971 1158 Patricius
997 1101 1145 1158 Romam:
1177 1111 1207 1158 et
1230 1102 1338 1159 detulit
1363 1102 1434 1160 inde

286 1189 427 1262 reliquias
438 1188 640 1261 apostolorum
655 1189 734 1247 Petri
746 1199 777 1246 et
790 1188 882 1257 Pauli,
895 1199 926 1245 et
939 1189 1086 1262 Stephani
1103 1189 1243 1260 martiris,
1256 1197 1286 1246 et
1306 1191 1433 1246 linthea-

243 1297 274 1335 re
286 1293 355 1333 men
370 1294 463 1350 super
474 1279 553 1350 quod
567 1277 621 1334 suit
635 1276 757 1350 sanguis
769 1276 882 1333 donrini
899 1276 994 1334 nostri
1009 1275 1100 1334 lhesu
1112 1276 1240 1346 Christi;
1260 1285 1290 1333 et
1307 1277 1433 1350 reliquie

285 1365 342 1420 iste
360 1373 440 1422 retro
457 1365 550 1422 altare
564 1364 682 1421 Patricii
702 1373 905 1422 reseruantur.
979 1351 1103 1422 Deinde
1116 1364 1260 1421 Patricius
1277 1365 1384 1422 exiens
1402 1367 1433 1422 in

285 1452 441 1508 desertum
472 1451 503 1508 in
536 1451 775 1525 quadragesima,
805 1460 868 1508 erat
900 1450 940 1508 ibi
970 1468 1063 1524 super
1092 1451 1220 1525 lapidem
1251 1454 1373 1520 sedens,
1403 1463 1434 1510 et

285 1547 412 1611 quatuor
424 1539 539 1613 lapides
552 1540 630 1597 circa
642 1539 741 1613 ipsum
758 1557 776 1596 a
788 1549 914 1613 quatuor
931 1540 1072 1612 partibus.
1109 1539 1194 1596 Tunc
1211 1557 1320 1612 magna
1334 1541 1435 1597 multi-

285 1627 357 1683 tudo
375 1628 413 1684 de
431 1627 538 1684 auibus
557 1627 659 1700 nigris,
676 1628 694 1682 i.
708 1627 895 1696 demonibus,
907 1627 1047 1683 volabant
1065 1627 1143 1683 cirea
1161 1644 1239 1696 eum,
1252 1637 1282 1684 et
1299 1628 1435 1701 grauiter·

242 1739 272 1792 ¹5
286 1714 451 1772 orationem
476 1715 542 1771 eius
571 1714 783 1788 impediebant
831 1713 975 1771 Patricius
998 1731 1071 1770 vero
1095 1715 1243 1787 percussit
1269 1715 1433 1773 cimbalum

286 1819 379 1874 super
387 1819 450 1873 eos,
459 1811 490 1859 et
503 1801 614 1876 fugauit
627 1819 680 1859 eos
689 1811 773 1858 trans
787 1818 888 1858 mare:
909 1811 938 1858 et
949 1801 1049 1858 statim
1058 1802 1185 1874 repleuit
1194 1811 1287 1859 totum
1298 1813 1434 1860 montem

285 1891 442 1946 multitudo
467 1891 641 1963 angelorum
663 1889 694 1946 in
716 1889 821 1946 formis
842 1889 1123 1946 candidissimamm
1144 1893 1253 1955 auium,
1273 1899 1303 1946 et
1327 1891 1435 1948 suauia

285 1979 419 2034 carmina
435 1979 592 2034 cantabant
608 1979 645 2034 ei.
718 1965 905 2052 Quotidiana
917 1994 990 2034 vero
1003 1975 1068 2033 eius
1080 1977 1140 2034 vita
1155 1977 1223 2033 talis
1238 1985 1320 2034 erat:
1340 1978 1434 2035 Omni

285 2081 417 2140 namque
427 2065 476 2123 die
484 2065 659 2138 psalterium
669 2083 737 2122 cum
748 2065 871 2121 canticis
883 2074 913 2122 et
926 2065 1047 2137 hymnis
1060 2075 1090 2121 et
1103 2065 1239 2122 ducentis
1249 2065 1435 2124 orationibus

242 2175 274 2212 ao
286 2153 424 2221 cantauit,
437 2163 467 2210 et
482 2152 625 2210 offerebat
642 2170 752 2226 corpus
765 2152 884 2223 Christi,
898 2153 1023 2210 docebat
1035 2153 1208 2226 discipulos,
1220 2153 1315 2210 turbis
1331 2156 1435 2226 predi-

285 2243 379 2311 cabat,
392 2249 422 2297 et
440 2239 471 2296 in
490 2241 572 2297 omni
592 2242 665 2297 hora
683 2240 769 2313 signo
788 2239 885 2297 crucis
898 2240 1010 2297 Christi
1028 2241 1142 2298 centies
1161 2239 1296 2314 signabat
1315 2259 1359 2299 se.
1397 2241 1434 2300 ln

285 2329 384 2401 prima
396 2345 467 2384 vero
481 2327 577 2385 noctis
594 2337 680 2402 parte
693 2337 812 2384 centum
828 2327 961 2401 psalmos
978 2330 1111 2398 canebat,
1125 2337 1155 2386 et
1167 2330 1304 2388 ducentis
1316 2329 1435 2388 vicibus

285 2432 385 2488 genua
406 2413 583 2486 euruabat¹3
612 2425 642 2472 et
664 2431 682 2472 a
707 2416 856 2488 pullorum
877 2424 965 2472 cantu
987 2415 1018 2472 in
1039 2415 1126 2489 aquis
1149 2418 1245 2474 stabat
1263 2417 1360 2474 donee
1380 2420 1435 2474 ad·

285 2504 425 2576 impleret
440 2504 590 2559 omdones
608 2520 687 2560 suas.
724 2502 796 2560 Post
809 2503 864 2560 hec
877 2503 1045 2560 dormiebat
1060 2521 1154 2576 super
1166 2503 1296 2578 lapidem
1309 2507 1436 2574 nudum,

242 2611 272 2664 ¹⁵
286 2591 472 2664 alterumque
485 2591 541 2647 sub
554 2589 650 2663 capite
662 2590 727 2647 eius
740 2591 848 2663 posuit,
860 2599 890 2647 et
904 2592 1034 2648 tunicam
1047 2591 1201 2664 pelliceam
1215 2593 1342 2649 habebat
1355 2593 1436 2651 circa
1501 2663 1502 2666 Ἴ

284 2677 404 2734 lumbos
422 2695 503 2748 suos,
517 2679 548 2734 in
565 2695 642 2750 aqua
660 2677 792 2734 tinctam
865 2664 1036 2750 Completis
1053 2688 1188 2735 autema
1206 2680 1360 2737 natiuitate
1379 2698 1436 2738 sua

285 2765 373 2821 annis
390 2774 510 2822 centum
528 2765 657 2838 triginta,
670 2765 808 2838 migrauit
825 2766 863 2822 ad
876 2765 1040 2822 dominum.
1113 2753 1196 2825 Cum
1208 2776 1311 2824 auteur
1323 2785 1436 2841 appro-

285 2853 444 2925 pinquaret
456 2852 522 2910 dies
534 2855 634 2911 exitus
646 2853 713 2910 eius
724 2870 742 2909 a
754 2871 889 2926 corpore,
902 2854 941 2909 ad
954 2853 1104 2911 ciuitatem
1118 2855 1270 2912 Ardmach
1281 2855 1292 2887 ³
1304 2872 1435 2929 pergere

285 2941 372 3012 cepit
417 2938 455 2996 Et
474 2941 601 2997 occurrit
619 2941 650 2996 in
668 2939 717 2997 via
739 2943 766 2997 ei
785 2939 889 2996 Victor
907 2940 1044 3012 angelus,
1062 2941 1184 3000 dicens:
1209 2941 1307 3000 ‘Ecce
1325 2959 1435 3016 appro-

240 3045 272 3099 30
285 3027 409 3102 pinquat
427 3028 492 3084 dies
511 3028 610 3085 exitus
627 3029 686 3086 tui:
713 3027 774 3083 noli
793 3031 836 3083 ire
854 3028 892 3083 ad
910 3027 1060 3084 ciuitatem
1081 3028 1263 3099 Ardmach¹,
1285 3030 1356 3102 quia
1375 3031 1435 3088 illic

285 3131 347 3170 non
371 3115 527 3172 morieris!
566 3115 604 3171 Et
627 3114 694 3172 ille:
723 3115 903 3188 ‘Captiuitas
921 3123 969 3171 eat
990 3116 1139 3188 usquein
1161 3118 1356 3186 finem,dum
1377 3136 1435 3176 nec

284 3220 409 3276 possum
429 3203 528 3259 locum
546 3203 659 3276 eligere
677 3203 832 3276 sepulture
851 3205 936 3259 mee!
976 3201 1055 3260 Dum
1074 3213 1174 3260 autem
1192 3205 1289 3262 adhuc
1308 3207 1435 3274 uiueret,

286 3301 408 3347 sanctus
434 3290 581 3348 Patricius
605 3292 712 3348 crebra
736 3291 912 3362 angelorum
937 3291 1108 3348 visitatione
1129 3293 1300 3349 consolatus
1325 3303 1382 3362 est,
1404 3303 1435 3351 et

285 3379 411 3450 angelus
425 3378 491 3435 eius
503 3379 651 3451 proprius,
659 3378 762 3434 Victor
772 3377 903 3448 nornine,
911 3377 942 3434 in
951 3378 1034 3435 omni
1046 3379 1175 3451 septima
1184 3379 1233 3436 die
1243 3380 1435 3439 hebdomade

239 3479 272 3532 35
284 3466 433 3535 veniebat,
446 3475 476 3522 et
496 3468 572 3522 sieut
585 3467 675 3522 homo
693 3483 762 3522 cunr
775 3465 896 3522 homine
908 3466 1049 3539 loquitur,
1063 3467 1106 3522 sic
1124 3485 1158 3524 se
1174 3466 1305 3524 inuicem
1322 3469 1435 3526 saluta·

285 3553 365 3609 bant.
403 3552 484 3627 Sepe
509 3553 591 3609 celos
615 3561 737 3626 apertos
755 3553 839 3621 vidit,
858 3563 888 3610 et
912 3552 1036 3611 lhesum
1056 3553 1209 3611 Christum
1228 3571 1297 3611 cum
1317 3557 1435 3629 angelis

285 3641 349 3698 suis
359 3641 389 3696 in
399 3639 480 3698 celo:
499 3641 566 3698 ideo
575 3658 628 3697 cor
637 3639 702 3698 eius
711 3640 938 3713 incomparabili
948 3641 1018 3712 igne
1027 3641 1194 3699 dilectionis
1203 3641 1251 3699 dei
1261 3641 1408 3714 flagrabat
1416 3645 1434 3699 ⁴.

286 3727 368 3784 Obiit
386 3738 486 3785 autem
504 3727 709 3786 sextodecimo
728 3729 785 3783 kal.
802 3728 914 3802 aprilis,
926 3738 957 3787 et
975 3728 1076 3786 floruit
1092 3729 1171 3786 circa
1187 3747 1301 3786 annum
1318 3731 1434 3788 domini

285 3815 615 3888 quadringentesimum
640 3815 823 3872 tricesimum
848 3825 998 3888 quartum.
1037 3816 1071 3872 ln
1096 3817 1194 3890 prima
1219 3825 1321 3874 autem
1346 3831 1435 3876 nocte

239 3921 274 3970 4⁰
285 3913 434 3960 venerunt
452 3903 561 3976 angeli,
573 3912 604 3958 vt
623 3903 807 3960 custodirent
826 3921 936 3976 corpus
952 3904 1035 3961 eius:
1054 3913 1085 3960 et
1101 3904 1201 3960 clerici
1213 3905 1347 3978 vndique
1364 3924 1435 3963 con·

286 3990 424 4060 fluentes,
454 3990 650 4060 dormierunt,
675 3991 830 4048 audientes
860 4007 965 4048 vocem
996 3992 1181 4065 angelorum,
1205 3991 1284 4048 cirea
1314 4010 1434 4065 corpus

288 4077 378 4135 Mane
402 4087 502 4134 autem
528 4078 705 4134 recedentes
729 4079 828 4152 angeli
853 4079 1033 4136 dimiserunt
1063 4079 1094 4136 in
1124 4081 1191 4136 loco
1220 4079 1433 4136 suauissimum

285 4167 410 4222 odorem
441 4165 526 4238 quasi
550 4165 657 4223 mellis.
703 4164 847 4238 Sepultus
871 4175 918 4223 est
942 4177 1043 4224 autem
1070 4167 1100 4223 in
1131 4167 1251 4224 ciuitate
1276 4167 1432 4234 dunenst‘.

319 4278 394 4328 ¹Vit.
407 4280 490 4328 deurn.
598 4279 652 4330 ¹T.
665 4281 789 4331 curuauit.
897 4278 1119 4334 ¹E.Ardernacb.
1228 4279 1285 4333 ‘'l'.
1298 4279 1433 4344 ingram

286 4345 297 4374 ⁸
312 4343 341 4393 F„
354 4346 478 4406 dunensi;
495 4345 524 4395 T.
537 4345 735 4407 ardmachan,
752 4346 783 4396 cl.
797 4345 905 4408 Colgan,
917 4362 944 4410 p.
955 4347 1012 4410 258.
