3012 4898
253 325 325 412 29⁶
561 319 693 405 mune
720 311 911 419 immun
935 312 1087 418 ungue
1263 331 1415 398 [uem.

251 520 471 584 planctuseudiri.
506 519 607 569 Etenim
625 521 801 582 pauimentum
814 519 904 569 domus
916 519 984 568 illius
1000 519 1117 567 rotundis
1129 517 1208 568 fossis
1221 527 1279 568 eret
1290 520 1415 581 plenum,
1495 531 1496 542 ¹

251 608 326 650 erent
336 607 422 650 autem
433 599 534 661 singule
546 598 656 648 metallis
671 599 780 647 diuersis
792 613 822 647 ac
838 598 979 660 liquoribus
990 598 1154 647 bullientibus
1165 598 1243 660 plene
1253 615 1260 654 ς
1272 599 1416 659 utriusque

251 691 332 726 sexus
350 679 480 726 hominum
503 679 528 725 in
549 677 601 726 illis
623 677 741 726 demerso
760 683 815 725 emt
838 677 974 725 multitudo
992 677 1110 729 maxims,
1128 691 1237 737 quorum
1258 676 1303 724 elii
1324 690 1415 738 imque

251 757 284 806 ed
296 757 440 818 supercilie,
453 756 495 804 alii
513 771 594 817 usque
611 756 644 804 ed
662 755 758 814 oculos,
771 755 815 804 elii
827 753 931 819 [usque]
944 755 978 802 sd
992 753 1066 812 labie,
1078 754 1122 802 elii
1133 769 1216 815 usqne
1227 755 1262 802 ad
1273 755 1354 810 colla,
1367 753 1415 803 alii

225 849 237 896 5
252 849 334 896 usque
345 836 378 883 ed
390 843 491 896 pectus,
502 843 529 883 et
540 835 578 883 sie
590 849 671 896 usque
682 834 715 882 nd
726 833 810 893 tibias,
821 833 865 882 elii
876 847 930 881 uno
940 839 1038 881 tantum
1050 833 1118 894 pede
1129 834 1155 880 in
1167 833 1415 882 metallohullieute

252 913 366 972 stabant,
381 913 423 961 elii
442 927 518 961 nnem
536 927 637 960 menum
655 912 697 960 uel
716 919 848 974 utramque
865 911 891 960 in
909 913 948 960 eis
963 911 1093 960 tenebunt
1127 910 1227 959 Omnes
1243 912 1346 972 paniter
1363 927 1415 974 pre
1496 967 1497 970 Ἴ

252 991 342 1040 dolore
355 991 498 1039 clemehent
513 997 539 1039 et
554 990 736 1040 miserabiliter
751 990 855 1039 iiebant.
891 989 981 1048 ‘Ecce
994 989 1112 1050 inquiunt
1125 989 1260 1047 demones,
1273 1005 1334 1038 cnm
1352 990 1415 1038 istis

252 1069 422 1129 balneeberis,
443 1069 492 1116 nisi
510 1069 605 1116 reuerti
626 1065 756 1118 uolueris?
800 1067 834 1116 Et
854 1081 911 1116 cum
931 1067 1062 1129 cepissent
1081 1067 1151 1114 flium
1165 1067 1192 1115 in
1212 1066 1313 1116 sossem
1331 1083 1414 1116 unam

254 1161 380 1209 mergere,
398 1147 519 1195 inuocato
531 1145 627 1195 Christi
645 1146 749 1194 nomine
766 1145 907 1207 ceperunt¹
919 1145 979 1194 inde
996 1145 1144 1206 procedere.
1214 1131 1253 1193 Et
1271 1147 1415 1195 trahentes

210 1239 241 1275 eo
255 1225 325 1274 illum
346 1231 516 1287 perrexerunt
536 1232 626 1273 contra
644 1231 757 1273 montem
776 1237 862 1285 unum,
883 1224 909 1271 in
929 1237 980 1284 quo
1000 1222 1133 1284 uniusque
1150 1237 1231 1271 sexus
1248 1225 1414 1286 diuerseque

254 1305 331 1356 etetis
341 1319 421 1365 super
432 1303 528 1364 digitos
538 1303 632 1364 pedum
644 1311 776 1351 curuetnm
787 1307 884 1350 tentem
896 1302 962 1350 uidit
972 1301 1065 1350 sedere
1076 1301 1263 1350 multitudinem
1277 1303 1413 1350 nudorum

255 1381 395 1442 hominum,
414 1381 483 1443 quod
502 1381 576 1444 pauci
594 1381 745 1430 uiderentur
760 1381 784 1428 ei
805 1394 896 1428 omnes
915 1395 981 1441 quos
999 1387 1076 1428 antee
1095 1379 1201 1442 uident,
1221 1381 1254 1427 ad
1274 1395 1414 1442 compera-

254 1461 355 1512 cionem
371 1473 467 1509 eorum.
504 1457 603 1508 Omnes
620 1473 685 1508 uero
702 1473 769 1521 quos
788 1457 853 1507 uidit
872 1458 913 1519 mi,
935 1457 1008 1518 quasi
1026 1465 1133 1506 mortem
1151 1471 1209 1506 ems
1229 1465 1346 1506 tremore
1364 1475 1412 1508 ex·

254 1543 396 1600 pectantes,
410 1538 442 1586 ad
454 1535 600 1599 aquilonem
612 1544 685 1586 erent
695 1537 773 1585 uersi.
806 1535 923 1597 Cumque
934 1535 977 1584 ille
991 1536 1126 1584 mireretnr
1135 1535 1196 1597 quid
1209 1537 1257 1584 hec
1269 1537 1415 1586 multitudo

212 1633 241 1682 ¹6
255 1614 448 1678 prestolaretur,
461 1629 529 1664 unus
540 1615 678 1664 demonum
694 1615 759 1662 dixit
772 1614 805 1662 ed
820 1615 905 1666 illum:
923 1612 1042 1662 ‘llirsris
1060 1613 1168 1662 lormsse
1183 1614 1244 1674 quid
1261 1629 1319 1662 cum
1334 1623 1415 1664 tento
1498 1641 1499 1650 =

256 1701 368 1742 tremore
384 1699 505 1755 expectat
521 1694 647 1756 populus)
671 1693 722 1742 nisi
739 1693 834 1740 reuerti
852 1691 973 1749 uolueris,
988 1692 1057 1740 scies
1073 1691 1123 1740 hoc
1139 1690 1300 1740 certissime!
1345 1693 1413 1754 (Vix

256 1771 351 1821 demon
365 1771 483 1836 uerbum)
496 1770 598 1820 finient
612 1778 639 1820 et
652 1785 713 1820 ecce
727 1770 759 1819 ab
769 1769 913 1833 eqrsissone)
926 1777 1021 1819 uentus
1036 1769 1111 1818 turbo
1123 1769 1264 1818 uehemens
1275 1771 1413 1833 ueniebat,

255 1849 299 1912 qui
320 1857 346 1899 et
366 1849 438 1912 ipsos
457 1857 484 1898 et
504 1865 581 1912 quem
602 1849 764 1914 duixerunt)
787 1863 941 1910 omnemque
959 1847 1080 1910 populum
1101 1847 1189 1896 illum¹
1204 1849 1320 1910 erripuit,
1337 1857 1368 1898 et
1384 1852 1413 1898 in

256 1927 374 1991 llu(mine
393 1927 485 1992 fetido)
503 1943 533 1978 ee
553 1927 725 1991 irigidissimo,
745 1927 849 1976 tientem
866 1935 893 1976 et
912 1927 1058 1987 eiulantem,
1076 1927 1155 1987 longe
1173 1927 1200 1974 in
1217 1927 1291 1975 eliam
1310 1930 1415 1978 montis

212 2023 244 2060 eo
257 2013 356 2070 purtem
374 2007 486 2067 iecteuit,
505 2007 600 2069 inquo
618 2006 698 2055 nimio
715 2005 811 2068 frigore
829 2005 995 2056 uenhentur.
1041 2005 1074 2054 tt
1090 2021 1147 2054 curn
1165 2006 1199 2054 de
1214 2021 1280 2067 equa
1297 2021 1414 2069 surgun
1499 2025 1500 2028 ¹

256 2085 408 2148 niterentur,
429 2090 562 2134 comentes
585 2085 698 2146 desuper
717 2099 807 2146 nquam
827 2085 951 2133 demones
969 2084 996 2132 in
1020 2085 1079 2146 ipso
1100 2083 1204 2132 tiumine
1226 2083 1414 2136 immerserunt

256 2179 355 2214 omnes
397 2162 433 2213 At
448 2162 522 2212 miles
540 2178 635 2212 nomen
653 2163 750 2212 Christi
768 2163 896 2212 inuocauit
915 2169 942 2212 et
958 2163 1043 2212 stetim
1062 2161 1088 2210 in
1110 2161 1159 2210 ei'm
1176 2162 1232 2223 ripa
1247 2177 1278 2210 se
1297 2163 1413 2213 inuenit

255 2228 398 2290 Accedunt
414 2242 447 2290 ed
465 2256 524 2290 eum
541 2241 666 2291 demones
683 2247 773 2290 contre
789 2247 903 2290 eustrum
923 2241 993 2289 illum
1010 2241 1159 2290 trahentes:
1182 2247 1209 2289 et
1223 2255 1284 2288 eece
1298 2249 1366 2290 ante
1383 2257 1415 2292 se

257 2320 328 2370 uidet
339 2319 490 2385 tl(smmem)
502 2327 594 2369 tetrum
605 2328 633 2369 et
640 2320 781 2382 sulphureo
787 2319 869 2368 fetore
881 2319 984 2368 tetidem
993 2319 1065 2381 quasi
1078 2319 1124 2381 [de
1135 2317 1225 2382 puteo]
1234 2316 1244 2345 ⁸
1254 2321 1414 2382 escendere,

213 2416 243 2466 ²⁵
257 2405 284 2448 et
296 2398 370 2462 qussi
381 2398 502 2447 homines
513 2397 596 2446 nudos
605 2405 632 2447 et
643 2399 735 2459 igneos
745 2397 878 2459 utriusque
890 2411 969 2446 sexus
980 2397 1047 2448 sicut
1057 2395 1181 2446 scintillas
1192 2395 1260 2457 ignis
1270 2411 1375 2447 sursum
1385 2399 1413 2448 in

257 2492 319 2530 aere
330 2477 434 2536 iectere,
445 2477 488 2538 qui
500 2483 527 2525 et
543 2477 700 2536 flemmarum
712 2477 737 2524 ui
749 2475 896 2535 deficiente,
909 2476 1001 2524 iterum
1013 2475 1188 2524 reinciderunt
1205 2473 1232 2522 in
1250 2483 1331 2536 puteo
1342 2485 1374 2526 et
1385 2479 1413 2527 in

258 2557 325 2620 igne.
357 2555 416 2616 Quo
426 2555 646 2618 approximantes,
657 2555 779 2604 dixemnt
790 2555 862 2603 militi
873 2555 1012 2604 demones:
1032 2554 1100 2603 ‘lste
1109 2553 1295 2602 ilammiuomus
1305 2563 1414 2616 puteus,

258 2634 353 2684 inferni
380 2639 422 2682 est
449 2633 589 2684 introitus:
617 2634 643 2681 in
667 2633 716 2682 hoc
743 2633 802 2682 loco
824 2641 940 2682 nostrum
963 2641 1004 2682 est
1030 2633 1211 2697 habitaculum,
1232 2642 1259 2683 et
1286 2636 1413 2695 quonism

259 2712 332 2761 nobis
352 2711 483 2773 hucusque
501 2711 612 2767 seruisti.
632 2712 674 2760 hic
693 2711 750 2760 sine
770 2711 822 2759 line
841 2711 956 2760 manebis
976 2711 1116 2760 nobiseum.
1157 2712 1257 2762 Omnes
1275 2713 1346 2761 enim
1366 2715 1414 2775 qui

215 2809 246 2856 30
257 2791 334 2840 nohis
350 2790 475 2849 seruiunt,
489 2789 531 2840 hic
550 2789 608 2838 sine
624 2789 677 2838 line
694 2790 840 2838 manebunt
878 2789 948 2838 Etsi
965 2789 1014 2839 hoc
1032 2805 1062 2838 os
1079 2790 1221 2852 intrauer's,
1235 2799 1262 2840 et
1279 2791 1367 2840 anima
1385 2801 1414 2842 et

259 2884 368 2932 corpore
375 2869 472 2934 periter
478 2868 581 2930 peribis.
600 2867 628 2917 Si
636 2876 721 2917 temen
729 2869 812 2916 adhuc
822 2867 908 2930 (nobis
915 2869 1069 2932 assenseris)
1078 2875 1106 2916 ut
1113 2871 1259 2928 reticueris,
1268 2871 1302 2918 ed
1309 2877 1414 2931 ponam

259 2947 312 2996 oris
334 2945 424 2996 illesus
447 2947 540 2995 amodo
563 2961 578 2994 a
599 2944 674 2994 nobis
693 2943 847 2995 deduceris!
887 2945 1002 3008 Cumque
1024 2947 1151 3009 promisse
1170 2961 1259 2996 comm
1277 2957 1415 3010 contemp·

259 3031 344 3086 neret,
361 3025 387 3074 in
410 3025 497 3088 ignem
515 3026 586 3088 putei
603 3039 632 3073 se
650 3025 773 3088 iecerunt,
792 3031 820 3073 et
836 3039 923 3074 secum
943 3025 1048 3074 militem
1069 3031 1217 3082 tresemnt;
1237 3033 1265 3075 et
1282 3041 1335 3087 quo
1352 3041 1414 3088 pro

260 3103 364 3153 fundius
391 3104 419 3152 in
447 3110 553 3166 puteum
581 3103 726 3164 descendit,
750 3117 784 3152 eo
811 3103 928 3152 letiorem
957 3102 1114 3152 intrinsecus
1140 3119 1198 3153 eum
1225 3104 1296 3162 uidit,
1323 3112 1352 3154 et
1381 3119 1416 3154 eo

216 3198 246 3248 35
260 3183 405 3245 grauiorem
425 3196 519 3244 penem
536 3182 626 3230 sensit.
666 3181 695 3229 ln
713 3195 746 3230 eo
763 3195 826 3230 uero
843 3188 929 3230 tentes
945 3181 1020 3230 miles
1036 3183 1119 3231 sensit
1135 3183 1267 3244 angustius
1285 3183 1325 3246 (ut
1343 3197 1415 3245 pene

260 3261 354 3310 oblitus
371 3260 415 3324 sit)
436 3275 530 3309 nomen
549 3259 645 3308 domini
663 3260 812 3322 inuoc(ere;
829 3266 870 3308 set
886 3267 973 3308 umen
986 3261 1072 3320 corde,
1085 3261 1145 3322 quia
1156 3275 1220 3309 uoce
1233 3275 1286 3310 non
1298 3269 1414 3323 poteret,

263 3339 356 3388 ‘ihesu
366 3339 470 3387 Christe
481 3337 518 3387 fili
526 3337 568 3386 dei
581 3337 641 3400 uiui,
653 3337 788 3399 (miserere
797 3337 875 3386 michi
884 3335 1040 3400 pec)catori'
1049 3338 1216 3388 exclamauit:
1234 3347 1262 3387 et
1273 3340 1362 3388 statim
1372 3341 1416 3388 uis

261 3417 374 3481 ii(nmme
390 3417 460 3478 cum)
478 3415 583 3478 reliquis
599 3430 701 3464 sursum
719 3429 777 3463 eum
797 3416 822 3463 in
837 3429 899 3464 eere
915 3414 1020 3466 leuauit.
1055 3415 1174 3480 Sic(que)
1192 3417 1219 3464 in
1236 3417 1415 3467 descensione

261 3496 333 3544 iuxta
344 3501 449 3558 puteum
461 3494 629 3560 eli(quemdiu
640 3493 722 3558 solus)
735 3495 815 3543 stetit.
851 3493 883 3544 Et
895 3509 957 3543 ecce
973 3495 1099 3542 demones
1114 3494 1158 3544 elii
1173 3494 1205 3542 ab
1218 3509 1262 3554 reo
1273 3495 1415 3558 incogni)ti

216 3591 248 3640 40
261 3575 294 3622 de
323 3581 402 3636 puteo
431 3573 603 3635 procedentes
631 3573 800 3634 aduenerunt,
830 3571 886 3636 (qui
914 3573 960 3631 ite)
989 3573 1126 3622 dixerunt:
1154 3573 1251 3633 ‘Quod
1275 3573 1318 3623 hie
1342 3581 1415 3623 esset

261 3652 388 3710 infernus,
397 3651 461 3700 socii
471 3650 564 3714 (nostri
573 3652 705 3712 dixe)runt
714 3650 759 3699 tibi
770 3667 777 3698 ε
788 3657 828 3699 set
835 3651 1031 3700 consuetudinis
1040 3659 1128 3700 nosue
1136 3659 1177 3701 est
1185 3667 1290 3714 semper
1298 3653 1415 3708 mentiri,

261 3739 290 3780 ut
302 3731 460 3792 decipiemus
478 3743 527 3792 per
538 3729 699 3778 menducium
711 3744 777 3791 quos
792 3729 924 3791 deciipere
936 3729 1001 3792 non)
1014 3745 1151 3792 possumus
1164 3745 1212 3792 per
1226 3745 1327 3780 uerum.
1363 3731 1416 3781 liic

263 3823 315 3858 non
344 3815 384 3857 est
412 3807 506 3856 inferni
534 3806 622 3856 locus:
652 3815 693 3856 set
717 3822 786 3856 nunc
811 3815 837 3855 te
865 3807 898 3856 sd
926 3807 1053 3856 internum
1076 3807 1249 3858 deducemus!
1331 3795 1415 3872 (lnde

262 3889 341 3952 igitur
358 3902 415 3936 cum
432 3886 541 3936 tumultu
559 3901 653 3947 megno
673 3885 711 3949 (et
727 3885 852 3946 horribili)
871 3885 904 3933 ad
921 3885 1016 3934 llumen
1034 3901 1111 3935 unum
1128 3887 1281 3936 latissimum
1296 3888 1415 3946 (militem

218 3991 249 4041 45
263 3965 464 4029 pertraxerunt).
499 3963 561 4013 Erat
585 3971 671 4012 autem
697 3963 792 4012 flumen
817 3963 938 4026 (flemme)
962 3963 1096 4026 sulphurei
1122 3965 1236 4013 incendii
1261 3973 1414 4028 coopertum

263 4045 353 4107 et(que
376 4043 525 4108 demonum)
554 4042 717 4090 multitudine
742 4041 879 4107 (plenum).
925 4041 1054 4091 Dixerunt
1081 4057 1145 4103 ergo
1173 4043 1213 4091 ei:
1243 4043 1340 4109 ‘(Suh)
1365 4046 1416 4094 isto

263 4123 408 4171 flammante
427 4121 531 4170 flumine
551 4121 618 4169 scies
641 4119 769 4168 internum
791 4117 867 4170 esse!
906 4119 980 4169 Vltre
998 4121 1093 4170 ilumen
1116 4129 1202 4170 eutem
1224 4137 1294 4184 pons
1311 4131 1415 4186 proten-

296 4253 304 4284 ¹
320 4253 352 4304 T.
364 4254 488 4317 ceperint.
522 4253 532 4282 ¹
549 4255 583 4304 al.
595 4253 637 4316 qui
650 4260 677 4302 et
688 4253 759 4315 ipsos
768 4254 893 4302 demones
904 4269 934 4302 nc
946 4254 1022 4303 simul
1034 4256 1139 4304 militem
1151 4261 1286 4316 totumque
1293 4257 1415 4318 populum

263 4321 368 4370 flentem
381 4329 407 4370 et
418 4321 556 4370 ululantem
568 4319 675 4382 arripuit
687 4319 751 4368 etin
764 4320 892 4381 quoddam
904 4319 1000 4369 flumen
1012 4320 1120 4370 fetidum
1131 4337 1161 4370 ac
1173 4321 1377 4386 frigidissimum,
1390 4323 1415 4372 in

264 4387 339 4436 aliam
351 4387 446 4436 montis
457 4395 556 4449 pertem
567 4385 684 4448 proiecit.
791 4385 801 4415 ⁸
817 4399 867 4435 om.
