3012 4898
270 302 345 398 Dc
370 302 533 393 santa
559 302 726 401 uitus
752 305 1051 410 atdicotsctoo.
1164 330 1235 408 373

69 501 210 561 laudare
224 503 301 563 fecit.
336 504 405 563 Vidi
419 505 508 564 etiam
525 503 556 563 in
567 523 628 563 vno
640 506 793 566 volumine
805 505 837 565 in
849 509 914 566 loco
927 509 1042 583 prefato
1057 512 1095 567 de
1107 511 1237 569 diuersis

71 591 238 650 miraculis
256 602 287 650 et
302 595 476 652 morborum
488 595 652 668 generibus
664 613 724 670 que
740 613 797 670 per
813 606 949 655 sanctum
961 597 1110 656 Thomam
1122 609 1237 672 patrata

72 679 205 738 fuerant
216 690 246 738 et
258 690 388 751 ostensa,
400 682 618 756 quadringenta
629 683 733 758 viginti
747 684 887 758 quinque.

117 825 202 900 [MS.
215 827 250 884 T.
262 829 355 886 adds:
586 871 752 932 Namatio&

117 991 126 1020 ‘
136 977 292 1066 Quando,'
300 991 396 1065 inquit
403 993 496 1050 abbas
505 991 687 1059 Macharius,
696 997 704 1026 ‘
712 1012 795 1051 eram
804 993 921 1052 iuuenis
929 995 959 1053 in
970 996 1095 1054 heremo
1102 1014 1237 1066 manens,

75 1077 229 1136 secularis
250 1080 371 1152 quidam
394 1098 471 1153 opus
493 1082 573 1153 quod
593 1081 738 1138 faciebam
761 1101 778 1139 a
799 1099 848 1140 me
869 1083 990 1141 tollebat
1013 1095 1043 1142 et
1067 1087 1264 1157 necessarias

75 1165 177 1223 michi
190 1165 383 1223 ministrabat.
416 1167 545 1242 Contigit
558 1178 658 1226 autem
668 1179 833 1244 temptante
843 1171 960 1229 diabolo
970 1181 1002 1228 ut
1012 1171 1097 1245 uirgo
1106 1174 1237 1245 quedam

75 1247 205 1327 lapsum
218 1253 347 1326 faceret3
369 1265 398 1312 et
416 1273 484 1312 cum
504 1256 533 1312 in
548 1265 632 1313 utero
650 1257 760 1314 habere
778 1258 917 1331 cepisset,
930 1259 1114 1332 interrogata
1126 1261 1164 1317 de
1178 1277 1237 1332 quo

76 1341 284 1415 concepisset,
293 1341 385 1400 dixit:
407 1344 505 1416 “quia
518 1343 566 1401 hic
579 1344 727 1402 solitarius
741 1355 787 1402 est
800 1347 851 1419 qui
864 1363 982 1403 mecum
992 1347 1159 1404 dormiuit.”
1199 1347 1238 1404 Et

77 1430 349 1503 apprehendentes
368 1448 417 1487 me
430 1431 486 1488 uiri
503 1431 582 1488 illius
597 1432 655 1489 uici
672 1433 936 1491 circumduxerunt
954 1452 1004 1491 me
1022 1452 1078 1508 per
1089 1435 1189 1492 uicum
1207 1445 1237 1492 et

77 1519 229 1574 cedentes
258 1517 415 1576 dixerunt:
449 1518 533 1575 “Hic
559 1522 724 1576 monachus
748 1521 880 1595 corrupit
904 1521 996 1578 filiam
1022 1525 1182 1592 nostram,”
1208 1532 1237 1579 et
1253 1539 1283 1577 ιο

78 1606 228 1662 cedentes
253 1623 302 1662 me
322 1623 417 1678 usque
442 1608 480 1663 ad
506 1617 641 1677 mortem,
661 1608 811 1666 dimittere
834 1609 1002 1678 noluerunt,
1021 1611 1116 1666 donec
1139 1610 1237 1666 uirum

78 1692 135 1766 qui
149 1692 239 1749 michi
252 1693 423 1750 necessaria
438 1693 624 1750 ministrabat
638 1695 847 1752 fideiussorem
860 1696 930 1752 dedi
945 1707 976 1752 ut
989 1715 1146 1769 pascerem
1160 1715 1235 1754 eam.

81 1781 123 1837 Et
142 1797 285 1837 reuersus
301 1781 340 1837 ad
354 1781 459 1838 cellam
473 1799 581 1851 meam,
594 1793 720 1855 quantas
737 1783 827 1840 habui
844 1784 1005 1856 sportellas
1018 1784 1086 1841 dedi
1100 1785 1237 1840 ministro

79 1885 154 1925 meo
180 1867 302 1925 dicens:
335 1867 468 1925 “Vende
492 1869 568 1940 ea[s]
595 1880 625 1926 et
649 1871 687 1926 da
717 1869 759 1925 illi
791 1869 907 1928 mulieri
936 1888 1003 1927 mee
1028 1873 1236 1928 manducare.'’

81 1955 231 2012 Dicebam
250 1964 351 2012 autem
372 1956 402 2011 in
423 1956 524 2012 animo
542 1974 628 2013 meo:
656 1956 824 2028 “Machari‚
844 1976 913 2014 ecce
933 1957 1075 2015 inuenisti
1097 1959 1149 2014 tibi
1171 1976 1236 2014 mu·
1252 1976 1282 2026 15

80 2043 210 2100 lierem:
239 2060 316 2116 opus
337 2042 432 2100 habes
456 2044 546 2100 modo
566 2043 696 2116 amplius
718 2045 862 2116 laborare,
882 2055 914 2101 ut
938 2063 1045 2118 pascas
1068 2048 1161 2104 eam.'’
1199 2046 1237 2102 Et

80 2131 233 2203 operabar
250 2148 311 2187 non
328 2131 426 2187 solum
443 2133 473 2187 in
487 2131 544 2202 die,
558 2142 605 2188 set
625 2132 714 2189 etiam
732 2131 764 2188 in
784 2141 879 2200 nocte,
892 2142 922 2188 et
941 2133 1180 2189 transmittebam
1199 2133 1235 2190 ei.

81 2219 162 2275 Cum
175 2228 275 2274 autem
288 2217 422 2275 uenisset
436 2227 556 2292 ternpus
568 2220 713 2293 pariendi,
725 2220 873 2294 plurimos
886 2219 951 2277 dics
964 2220 1054 2276 traxit
1067 2219 1098 2276 in
1112 2221 1235 2278 dolore:

81 2323 140 2362 nec
154 2323 260 2378 parere
274 2306 388 2373 urdene,
401 2307 577 2380 parentibus
595 2307 658 2364 suis
675 2306 766 2365 dixit:
788 2307 879 2380 “Ego
896 2307 957 2364 scio
970 2324 1063 2381 quare
1076 2318 1236 2381 torqueor:

81 2393 154 2466 quia
179 2393 221 2448 illi
245 2393 391 2452 monacho
413 2395 526 2451 crimen
552 2394 683 2467 imposui
708 2404 738 2453 et
760 2395 866 2452 fallens
890 2395 1042 2469 implicaui
1066 2413 1147 2465 eum,
1168 2414 1236 2453 curn
1252 2417 1283 2453 io

82 2499 206 2539 causam
219 2499 279 2538 non
293 2481 416 2551 habeat;
437 2491 483 2538 set
500 2483 618 2539 iuuenis
635 2483 685 2539 ille
703 2483 770 2539 talis
787 2482 843 2540 hoc
860 2483 955 2541 iecit.''
995 2483 1032 2540 Et
1046 2502 1116 2541 ecce
1130 2502 1237 2541 omnes

81 2569 266 2626 habitatores
279 2569 405 2626 ciuitatis
417 2569 497 2627 illius
510 2571 668 2627 uoluerunt
682 2571 786 2627 uenire
799 2572 836 2627 ad
850 2588 899 2628 me
913 2581 942 2628 et
957 2571 1124 2645 glorificare
1138 2573 1237 2641 deum,

82 2657 285 2732 penitenciam
297 2659 377 2729 apud
391 2675 439 2714 me
453 2668 587 2732 agentes.
623 2659 712 2730 Quod
723 2677 779 2732 ego
789 2659 915 2716 audiens
928 2661 1047 2717 surrexi
1057 2669 1087 2716 et
1096 2658 1237 2733 fugiendo

82 2747 116 2803 in
130 2744 207 2801 Sithi
219 2745 380 2816 deueni.’]²

247 2917 301 2988 Du
319 2948 434 2990 snxcro
453 2919 575 2989 Tuoun
594 2949 835 2990 anementscoro
854 2950 892 2990 rr
910 2932 1076 2989 uanrrns’.

90 3042 265 3172 ELectus
281 3053 349 3102 ante
362 3044 468 3101 mundi
480 3045 722 3104 constitutionem
735 3047 840 3103 beatus
853 3044 995 3116 Thomas
1008 3053 1075 3102 ortu
1089 3063 1144 3102 suo
1158 3044 1236 3103 felici
1250 3072 1281 3124 ²5

189 3130 361 3189 Londonias
379 3132 545 3203 illustrauit,
559 3134 642 3190 euius
656 3143 741 3207 pater
759 3134 911 3192 Gilbertus
930 3135 1108 3206 cognomine
1129 3133 1233 3204 Beket,

84 3226 182 3276 mater
199 3218 329 3275 Matildis
347 3220 524 3290 vocabatur3
544 3220 585 3277 hii
604 3222 685 3279 enim
704 3221 814 3280 diuitiis
829 3223 1006 3291 mediocres,
1019 3222 1074 3278 sed
1090 3221 1235 3294 reiigione

84 3325 120 3368 ac
142 3322 259 3362 morum
279 3305 436 3364 honestate
458 3325 576 3365 necnon
602 3309 652 3382 pie
670 3310 906 3367 conuersationis
928 3307 1098 3366 innocentia
1120 3309 1236 3381 precel-

118 3431 129 3526 ζ
145 3431 246 3547 {31¹pr
253 3431 364 3547 ,gaii-²
377 3433 426 3496 958
439 3431 519 3497 (τις).
554 3431 584 3482 ln
597 3432 653 3482 MS.
664 3433 770 3482 Tanner
780 3432 831 3481 this
845 3431 917 3482 Narr.
930 3433 953 3480 is
965 3433 1080 3483 omitted.

121 3563 183 3626 Lux
199 3577 281 3639 fulget
301 3591 335 3626 ex
353 3575 448 3638 anglia
464 3576 576 3626 ”lbomas
597 3577 637 3624 uir
651 3577 793 3640 angelicus,
811 3576 905 3626 nobilis
923 3575 1050 3639 prosapia,
1068 3576 1155 3639 presul
1175 3591 1236 3640 apo-

85 3643 200 3700 stolicus,
219 3643 309 3692 doctor
325 3643 457 3692 ueritatis:
474 3644 544 3691 dona
561 3643 636 3692 nobis
654 3644 739 3704 gracie
757 3643 853 3691 Christi
871 3641 1047 3707 patrocinium,
1066 3651 1092 3692 et
1109 3651 1169 3704 post
1186 3643 1236 3693 hoc

87 3709 191 3760 exilium
202 3723 232 3757 ac
243 3707 343 3757 felicem
354 3709 488 3757 transitum
500 3709 578 3769 iunge
591 3724 640 3757 nos
651 3709 741 3758 beatis.
776 3708 830 3756 Ora
841 3723 889 3769 pro
901 3708 981 3758 nobis.

123 3772 199 3834 Deus
212 3784 257 3847 qui
273 3785 406 3834 ecclesiam
423 3793 492 3834 tuam
510 3785 536 3834 in
554 3785 621 3834 beati
638 3785 768 3847 pontificis
783 3785 819 3834 tui
830 3784 930 3833 Thome
947 3784 1065 3846 angelica
1082 3785 1192 3846 puritate
1209 3791 1235 3833 et

88 3853 207 3902 uirtutum
227 3851 308 3913 glorie
329 3851 464 3910 decorasti,
485 3852 600 3900 concede
622 3852 698 3900 nobis
718 3851 818 3900 famulis
837 3850 888 3899 tuis
908 3858 935 3900 ut
958 3851 1014 3899 eius
1036 3850 1235 3912 suffragantibus

87 3917 183 3968 meritis
194 3917 343 3978 angelorum
356 3933 412 3966 cum
424 3917 481 3979 ipso
493 3932 638 3966 mereamur
649 3917 794 3980 agminibus
804 3917 905 3976 sociari,
918 3931 972 3978 per.

120 3982 277 4044 ’Abridged
295 3981 360 4031 t‘rom
378 3983 423 4031 the
442 3981 646 4044 ‘Quadrilogus'
677 3983 720 4032 ie.
743 3988 856 4030 extracts
876 3981 942 4030 from
962 3981 1007 4030 the
1025 3980 1101 4029 Vitae
1121 3982 1156 4042 by
1173 3981 1234 4042 Joh.

88 4047 188 4106 Satist..
198 4048 265 4096 Alan
283 4048 314 4096 ot'
321 4047 507 4110 Tewkesbury‚
521 4048 633 4097 William
650 4063 667 4096 o
687 4048 858 4109 Canterbury,
872 4047 985 4096 Herbert
998 4046 1134 4110 Romam),
1146 4047 1187 4096 ed.
1199 4049 1235 4108 by

89 4117 183 4176 Lupus,
196 4113 325 4174 Brussels,
340 4115 420 4172 16823
438 4114 483 4162 the
493 4114 643 4176 beginning,
655 4114 720 4163 with
733 4114 777 4162 the
789 4113 848 4162 hist.
861 4114 894 4162 de
907 4121 964 4162 ortu
976 4112 1084 4160 mirabili
1095 4113 1119 4162 b.
1133 4112 1191 4172 Th,
1203 4113 1234 4174 is,

88 4183 217 4240 however,
228 4179 306 4228 taken
317 4179 381 4228 from
394 4180 438 4229 the
449 4179 571 4228 socalled
584 4179 639 4230 first
649 4179 827 4241 Quadrilogus,
834 4179 874 4227 ed.
886 4178 966 4236 Paris,
975 4192 1037 4240 1495
1047 4177 1128 4242 (sanie
1140 4185 1195 4227 text
1207 4180 1233 4228 in

90 4247 147 4295 Chr.
160 4245 284 4296 Bremton
301 4245 352 4294 and
370 4245 427 4294 tls,
438 4243 523 4295 Vrteli.
535 4245 613 4307 cxii).
655 4245 711 4294 Tne
723 4245 821 4294 edition
839 4244 870 4293 oi
884 4243 972 4306 Lupus
983 4259 1039 4292 was
1056 4243 1184 4292 re·edited
1199 4244 1234 4306 by

92 4311 244 4372 Robertson,
258 4309 388 4360 Materiale
404 4311 445 4360 sor
459 4311 504 4360 the
519 4310 578 4363 hist.
591 4311 620 4363 oi
631 4309 679 4360 Tb.
692 4310 732 4370 B,
746 4307 828 4360 Rolls’
840 4309 897 4361 Ser.
913 4311 975 4372 1875
988 4309 1023 4374 ii,
1036 4308 1079 4359 tv.
1091 4325 1116 4372 p.
1129 4309 1214 4373 ⁹⁶9ff·
1227 4326 1235 4371 ;

92 4377 134 4430 the
144 4376 202 4427 hist.
215 4377 249 4426 de
260 4381 326 4439 ortu,
338 4377 370 4428 ib.
386 4375 418 4428 ll.
431 4392 456 4440 p.
468 4389 526 4442 453.
