3036 4878
122 289 271 343 nsum
284 289 393 357 Bam
495 263 600 360 uita
624 271 684 363 S.
702 271 903 370 nouum
1129 213 1133 222 4
1206 292 1277 369 703

122 474 277 530 clamantis
289 474 318 528 in
330 489 364 530 eo
376 473 564 546 penitenciam
574 475 775 546 predicauerat,
785 476 852 548 qnia
862 475 990 532 Chn'stus
1000 473 1092 546 ipsum
1104 491 1155 530 sua
1168 473 1278 529 inhabi-

121 558 233 614 tatione
257 568 479 626 consecrauerat‚
504 568 589 630 atque
618 561 788 616 auditorium
813 561 927 631 spiritus
955 559 1046 615 sancti
1069 568 1098 613 et
1122 559 1278 613 thalamum

122 641 374 711 contemplacionis
393 641 532 697 effecerat.
568 641 667 698 Sciens
687 644 781 712 itaque
801 642 844 698 uir
864 643 910 698 dei
929 642 1068 714 quianon
1086 641 1211 696 habebat
1231 638 1278 694 bic

122 735 289 779 manentem
307 723 460 790 ciuitatem,
477 725 527 780 sed
545 725 667 781 suturam
687 725 791 797 inquiri
805 735 949 796 oporteat:
976 736 1095 796 accepta
1112 743 1130 778 a
1147 723 1278 779 fratribus

122 806 245 862 licencia
264 816 292 864 et
313 808 517 878 benedictione,
537 808 673 865 sollicitus
690 809 781 880 querit
802 809 831 864 in
852 825 909 880 qua
930 809 1018 881 possit
1040 809 1189 865 solitudine
1210 818 1305 869 con-5

122 907 242 946 uersari.

168 1033 221 1087 Da
238 1045 354 1110 suspen
372 1034 583 1102 Cantennam,
602 1045 642 1088 ur
659 1045 925 1090 couuaasnrroun
944 1045 1035 1088 suari
1056 1034 1232 1090 Gurnnnci.

196 1138 230 1192 St
248 1138 277 1192 in
297 1137 443 1192 Britannia
462 1137 589 1208 spaciosa
607 1138 807 1208 magnitudinis
826 1140 982 1208 peiusque
999 1155 1017 1192 a
1033 1137 1144 1192 Gronte
1162 1135 1277 1190 flumine

232 1219 378 1290 incipiens,
392 1221 511 1276 diuersis
526 1221 696 1290 nemoribus,
710 1222 825 1291 stagnis,
840 1221 939 1276 insulis
951 1230 979 1275 et
996 1221 1123 1287 carectis,
1137 1219 1277 1290 uariisque

126 1303 282 1358 fluuialium
300 1303 409 1357 uiarum
428 1303 558 1358 flexuosis
580 1305 752 1360 anfractibus
772 1304 912 1370 distincta,
932 1305 970 1359 ab
990 1313 1085 1358 austro
1104 1303 1278 1374 protenditur

126 1397 156 1442 et
176 1387 205 1442 in
226 1386 356 1456 aquilone
381 1386 455 1440 circa
475 1387 562 1441 maris
587 1387 709 1442 confinia
728 1397 819 1443 tractu
841 1386 1007 1458 longissimo
1029 1385 1171 1443 limitatur.
1208 1386 1277 1441 Illuc
1292 1399 1324 1435 ro

126 1469 244 1524 ueniens
257 1469 370 1524 Christo
382 1469 502 1525 ducente
515 1470 558 1524 uir
570 1470 615 1524 dei
629 1471 761 1540 cognouit
777 1471 814 1525 ab
828 1471 934 1540 incolis,
947 1470 1068 1526 insulam
1083 1488 1146 1526 esse
1162 1470 1277 1526 nomine

127 1551 290 1610 Croilandie
314 1553 343 1607 in
363 1551 467 1608 abditis
492 1552 603 1623 paludis
629 1552 709 1623 illius,
736 1552 784 1609 ubi
809 1554 895 1626 aliqui
922 1554 1092 1624 quandoque
1122 1553 1279 1609 inhabitare

125 1645 342 1706 temptauerunt,
360 1636 410 1691 sed
429 1651 477 1691 eos
496 1645 622 1691 monstra
638 1636 745 1691 heremi
764 1647 792 1691 et
808 1637 928 1692 laruales
945 1637 1034 1692 forme
1051 1637 1203 1692 demonum
1221 1647 1277 1692 ter·

126 1719 196 1774 ritos
218 1719 388 1788 effugabant.
426 1719 539 1774 Scasula
556 1735 622 1789 ergo
641 1720 792 1790 piscatoria
809 1720 838 1774 in
856 1719 1013 1790 predictam
1031 1719 1152 1774 insulam
1171 1729 1277 1787 uectus,

127 1813 232 1857 terram
249 1801 372 1857 horroris
388 1809 417 1857 et
434 1812 513 1858 uaste
532 1802 692 1858 solitudinis
711 1802 853 1873 ingressus
872 1813 923 1870 est,
943 1803 971 1857 in
991 1802 1187 1872 solempnitate
1202 1802 1277 1857 beati
1292 1813 1321 1864 15

128 1884 320 1941 Bartholomei
337 1885 474 1956 apostoli:
494 1885 530 1940 de
547 1885 625 1940 cuius
641 1885 747 1942 meritis
765 1885 923 1957 specialiter
938 1885 1093 1952 confidens,
1105 1887 1180 1940 solus
1198 1885 1277 1940 babi-

126 1979 188 2024 tare
209 1967 283 2038 cepit
304 1967 333 2023 in
355 1968 494 2024 adiutorio
515 1969 642 2024 altissimi
666 1978 694 2024 et
719 1969 748 2024 in
773 1969 945 2040 protectione
970 1967 1015 2024 dei
1037 1969 1098 2023 ccli.
1136 1968 1277 2024 Omnibus

126 2052 210 2122 igitur
225 2051 388 2121 diligencius
405 2053 554 2122 exploratis
569 2069 624 2124 que
641 2045 784 2130 proposito
800 2071 852 2108 suo
866 2053 1016 2109 conuenire
1033 2051 1154 2120 uidebat,
1171 2053 1277 2123 aliquot

126 2135 227 2191 diebus
239 2134 343 2205 elapsis
357 2134 486 2205 proponit
500 2135 528 2189 in
544 2151 660 2190 excursu
676 2136 777 2190 reuerti
795 2136 956 2205 Ripadium,
970 2145 999 2189 ut
1015 2135 1101 2190 semel
1119 2134 1226 2190 uideret
1241 2152 1276 2190 ac

113 2217 260 2294 'salutaret
276 2218 376 2272 fratres
393 2233 458 2272 suos
476 2234 546 2287 quos
562 2217 600 2272 ibi
617 2217 777 2286 dimiserat;
796 2235 845 2273 eos
862 2217 937 2273 enim
954 2233 1098 2289 nunquam
1115 2217 1228 2273 ulterius
1244 2233 1276 2273 se
1291 2229 1323 2265 ²0

126 2301 224 2356 uidere
249 2301 364 2356 firmiter
384 2300 413 2354 in
434 2302 519 2356 corde
541 2301 697 2371 prefixerat.
734 2301 901 2371 Nonaginta
924 2301 1019 2373 itaque
1043 2301 1104 2356 dies
1128 2300 1158 2355 in
1183 2301 1223 2356 itu
1247 2312 1276 2356 et

126 2385 220 2440 reditu
232 2384 400 2455 transigens,
412 2384 483 2440 duos
496 2401 592 2439 secum
604 2377 719 2440 iuuenes
732 2385 856 2450 adduxit,
870 2384 982 2440 rediens
995 2401 1058 2440 cum
1072 2385 1113 2440 eis
1129 2386 1166 2440 ad
1181 2386 1275 2441 locum

127 2467 175 2524 ubi
193 2467 249 2523 iam
266 2467 318 2523 sibi
336 2468 456 2538 patriam
472 2468 564 2524 lacere
577 2468 738 2524 destinauit.
775 2471 845 2524 Erat
860 2469 890 2524 in
907 2468 999 2524 insula
1011 2469 1119 2540 prelata
1131 2468 1275 2526 cumulus¹

127 2561 308 2608 coaceruatus
326 2569 361 2606 ex
378 2550 536 2620 agrestibus
554 2551 652 2621 glebis,
670 2552 717 2623 qui
736 2551 817 2623 quasi
836 2552 956 2608 cisteme
974 2553 1061 2608 ueteri
1080 2553 1275 2623 preminebat:
1308 2605 1313 2614 .

127 2634 172 2690 lbi
193 2633 235 2688 uir
254 2633 299 2688 dei
320 2633 502 2703 tugurriolum
520 2651 571 2704 pro
588 2634 698 2704 palacio
716 2633 769 2690 sibi
788 2635 862 2692 lecit.
899 2637 958 2690 ‘Ab
977 2651 1011 2690 ea
1028 2636 1075 2692 die
1092 2647 1120 2691 et
1142 2637 1275 2708 deinceps
1290 2658 1320 2709 ²5

127 2718 251 2774 directus
271 2727 315 2772 est
334 2717 447 2788 spiritus
467 2717 589 2772 domini’
612 2717 641 2790 in
662 2719 841 2773 Guthlacurn.
878 2719 1018 2774 Recolens
1040 2718 1125 2774 etiam
1146 2721 1275 2791 antiquos

127 2810 222 2872 patres
245 2799 376 2856 circuisse
400 2800 564 2856 solitudines
588 2800 616 2856 in
639 2800 756 2868 melotis,
779 2801 807 2856 in
828 2800 948 2871 pellibus
969 2801 1107 2871 caprinis:
1136 2803 1193 2858 iarn
1217 2818 1275 2858 non

127 2885 232 2941 uestitu
244 2883 317 2939 lineo
329 2884 374 2939 uel
387 2884 478 2951 laneo,
491 2884 542 2939 sed
555 2884 674 2954 pellibus
688 2883 782 2939 crudis
795 2893 822 2938 et
836 2882 953 2938 rudibus
968 2885 1115 2952 utebatur;
1133 2895 1162 2940 et
1176 2885 1204 2940 in
1221 2886 1276 2942 hoc

127 2966 226 3039 primis
244 2967 406 3038 parentibus
427 2983 457 3023 se
478 2967 657 3023 conformans
674 2967 722 3039 qui
739 2967 775 3022 de
793 2968 855 3021 loco
872 2967 1025 3037 uoluptatis
1044 2966 1124 3022 eiecti
1143 2969 1275 3040 pelliceas

127 3052 217 3107 adeo
236 3051 346 3106 tunicas
366 3051 531 3120 habuerunt,
549 3052 664 3120 longum
683 3061 713 3106 et
731 3050 911 3106 lamentabile
928 3060 1024 3106 nostre
1044 3051 1275 3122 peregrinationis
1289 3075 1321 3124 30

126 3134 240 3190 exilium
259 3135 311 3189 sub
328 3135 377 3189 tali
395 3135 493 3190 habitu
512 3135 676 3206 deplorabat
684 3132 702 3188 ⁸.
738 3133 837 3190 Sciens
856 3133 922 3204 quia
941 3134 1012 3188 ‘non
1031 3143 1073 3189 est
1092 3151 1210 3204 regnum
1229 3136 1275 3193 dei

126 3235 193 3274 esca
211 3225 239 3272 et
258 3219 373 3288 potus':
404 3235 476 3288 pane
496 3227 606 3273 tantum
626 3217 757 3272 ordeiceo
778 3227 807 3272 et
828 3234 901 3288 aqua
920 3217 1069 3284 luculenta,
1088 3235 1152 3273 curn
1171 3235 1275 3288 magna

126 3311 223 3356 tamen
244 3301 434 3356 moderatione
455 3300 625 3371 parsimonie
645 3301 820 3368 noscebatur,
839 3311 867 3356 et
888 3301 943 3356 hoc
962 3310 1026 3372 post
1047 3301 1114 3357 solis
1134 3318 1275 3358 occasum.

128 3385 230 3441 Omnis
242 3395 336 3440 autem
351 3384 499 3440 austeritas
516 3383 572 3440 cibi
585 3393 614 3441 et
628 3395 718 3456 potus,
732 3385 843 3440 adiecto
861 3385 1039 3440 condimento
1056 3385 1145 3442 diuini
1162 3387 1275 3454 amoris,

126 3469 221 3526 eidem
233 3469 261 3524 in
274 3468 389 3523 delicias
403 3469 571 3523 uertebatur.
607 3468 689 3522 ‘Non
702 3469 778 3524 enirn
791 3468 820 3523 in
833 3470 893 3525 solo
906 3486 980 3539 pane
993 3469 1063 3526 uiuit
1078 3471 1172 3540 bomo,
1183 3471 1234 3526 sed
1247 3471 1275 3526 in
1289 3493 1320 3546 35

127 3551 204 3607 omni
227 3551 315 3607 uerbo
339 3552 415 3623 quod
439 3551 566 3622 procedit
588 3552 623 3607 de
645 3569 693 3606 ore
717 3550 781 3607 dei?
825 3553 964 3609 Studebat
983 3569 1051 3624 ergo
1072 3553 1196 3625 ‘operari
1217 3571 1274 3610 non

128 3635 222 3691 cibum
235 3634 280 3706 qui
294 3635 373 3706 perit,
386 3635 437 3690 sed
450 3635 496 3706 qui
510 3645 655 3705 permanet
668 3634 696 3689 in
710 3635 798 3690 uitam
809 3637 954 3691 eternam!

305 3779 356 3832 DE
373 3789 614 3833 DESPERATIONE
632 3789 671 3832 ET
689 3789 927 3833 consonatione
945 3789 1096 3832 EIUSDEM.

196 3881 251 3938 luit
275 3898 341 3952 ergo
364 3883 520 3938 Guthlacus
545 3881 574 3936 in
594 3884 709 3937 heremo
731 3881 787 3936 iam
808 3881 889 3952 quasi
911 3881 1048 3935 terrestris
1069 3883 1194 3950 angelus,
1215 3883 1275 3940 siue

230 3967 315 4019 homo
327 3965 447 4034 celestis,
461 3965 591 4020 nimirum
604 3965 683 4020 cuius
696 3963 887 4018 ‘conuersatio
899 3974 942 4018 est
955 3961 984 4017 in
996 3963 1080 4019 celis!
1111 3964 1197 4019 Porro
1211 3967 1273 4037 ‘qui

128 4059 192 4118 stat,
205 4049 300 4104 uideat
317 4065 353 4104 ne
369 4049 471 4104 cadat!
509 4050 602 4104 ‘Ecce
619 4048 694 4103 enim
711 4046 759 4118 qui
777 4046 833 4100 deo
850 4045 982 4114 seruiunt,
994 4063 1052 4102 non
1069 4057 1133 4103 sunt
1149 4048 1273 4116 stabiles,
1287 4066 1321 4116 40

127 4144 155 4188 et
168 4133 196 4188 in
209 4132 317 4201 angelis
330 4132 387 4186 suis
399 4132 521 4202 repperit
533 4131 717 4203 manitatem!
756 4129 831 4199 Quid
843 4145 910 4199 ergo
924 4129 1009 4184 faciet
1024 4130 1053 4184 in
1069 4130 1184 4187 heremo
1197 4133 1273 4188 solus

128 4216 279 4272 demonum
300 4215 476 4286 temptationi
499 4216 651 4286 expositus,
672 4213 804 4285 omnique
828 4215 951 4268 humane
977 4213 1144 4270 uisitationis
1168 4215 1273 4273 solacio

325 4323 334 4354 ¹
351 4323 385 4374 al.
399 4323 516 4374 tumulus.
811 4319 820 4350 ¹
836 4321 893 4374 MS.
904 4322 1078 4389 deplorabant.
