3008 4904
285 344 356 414 190
594 321 726 408 mim
749 317 939 422 mmuh
964 318 1118 423 flllsslit·

281 521 421 592 clauiger,
434 520 518 577 cuius
537 523 670 593 potentia
686 520 863 578 liberabans
873 521 892 589 ¹,
905 520 981 577 sicut
995 518 1049 578 tibi
1062 520 1189 589 videtur,
1205 521 1243 578 de
1258 521 1366 580 beluis
1380 535 1437 579 tam

281 607 382 664 efferis
398 617 429 664 et
446 609 613 678 voracibus,
626 608 733 665 ianitor
749 617 841 666 estet
858 611 1000 682 princeps
1017 611 1101 682 regni
1117 610 1249 678 celestis,
1262 620 1294 668 et
1312 613 1347 667 in
1364 623 1441 668 terra

281 695 392 752 Christi
412 696 570 753 saluatoris
593 697 695 754 mundi
720 697 857 754 vicarius.
895 697 997 754 Clauis
1021 699 1102 754 enim
1127 715 1217 755 aurea
1241 701 1373 756 celestis
1398 711 1440 756 est

281 783 414 856 potentia
436 801 496 857 qua
517 784 656 856 quicquid
680 784 746 857 ipse
768 784 838 857 ligat
857 784 972 856 ligatur,
991 785 1130 858 quicquid
1152 787 1259 842 liberat
1283 788 1441 844 liberatur.

252 887 266 936 5
281 870 336 927 Cui
352 879 383 926 tu
403 871 524 927 domurn
542 871 696 928 edificabis
715 872 746 928 in
767 889 861 945 regno
877 881 928 929 tuo
944 874 981 930 ad
998 875 1132 946 agendas
1151 874 1257 931 laudes
1276 885 1308 932 et
1329 877 1441 947 gratias

280 957 329 1014 die
350 967 496 1031 nocteque
517 960 581 1030 regi
602 975 745 1032 supremo,
768 961 799 1016 in
819 978 909 1033 quem
930 969 963 1016 tu
982 963 1073 1017 corde
1102 963 1240 1032 credens,
1266 980 1365 1035 quern
1391 981 1441 1018 ore

280 1045 437 1110 confitens,
455 1045 540 1102 cuius
558 1063 677 1119 quoque
696 1047 837 1120 baptismi
855 1056 972 1104 vestem
991 1048 1129 1118 induens,
1147 1067 1216 1106 cum
1236 1049 1298 1107 vite
1317 1051 1441 1123 gentilis

265 1132 473 1190 'demoniacos
494 1133 680 1191 abdicaueris
700 1134 783 1203 ritus,
805 1143 835 1192 et
858 1135 1005 1208 ydolatrie
1030 1137 1205 1209 prophanos
1229 1137 1442 1194 abiuraueris¹
1498 1131 1499 1184 ἰ

280 1220 385 1288 cultus,
394 1221 536 1293 ’superni
549 1221 634 1294 regni
647 1221 770 1278 sedibus
785 1223 976 1294 mere[be]ris
987 1223 1052 1281 fieri
1068 1223 1203 1280 idoneus.
1241 1224 1341 1281 Cuius
1354 1225 1441 1298 regni
1499 1219 1500 1242 ¹

237 1328 267 1366 ιο
281 1307 422 1381 frequens
435 1317 465 1364 et
478 1309 563 1366 beata
576 1309 682 1379 leticia,
695 1310 829 1367 defectus
844 1319 873 1366 et
890 1310 996 1368 mortis
1009 1321 1056 1368 est
1075 1313 1192 1382 nescia;
1212 1312 1300 1370 cuius
1315 1323 1352 1370 tu
1370 1315 1440 1370 felix

280 1405 309 1453 et
328 1395 471 1468 perennis
490 1397 579 1454 heres
598 1396 667 1467 eris,
680 1415 748 1454 cum
768 1398 806 1454 de
825 1415 932 1454 eanum
952 1399 1091 1456 dentibus
1109 1399 1252 1456 liberatus
1270 1399 1369 1458 literis
1387 1419 1441 1474 per

280 1483 503 1557 susceptionem
521 1493 623 1542 sancte
644 1483 712 1541 fidei
729 1485 808 1542 beati
826 1485 906 1542 Petri
923 1485 1090 1543 liberatoris
1107 1486 1158 1555 tui,
1172 1488 1222 1560 qui
1239 1489 1439 1546 confessione

281 1571 392 1628 Christi
411 1572 462 1628 filii
482 1573 530 1629 dei
548 1573 609 1629 viui
628 1573 730 1629 claues
746 1573 855 1629 meruit
871 1581 901 1630 et
920 1573 1120 1646 principatum
1137 1573 1286 1646 paradisi.¹
1325 1577 1400 1634 Hiis
1413 1589 1440 1632 et

281 1659 464 1716 multimodis
494 1660 563 1717 fidei
591 1660 767 1716 rudimentis
797 1659 940 1718 Edfridus
969 1663 1032 1734 regi
1062 1662 1215 1719 Christum
1244 1675 1438 1735 preconator,

238 1763 266 1814 ¹5
281 1745 401 1803 Christo
426 1764 528 1820 regern
550 1747 729 1804 conformari
750 1750 943 1821 preconando
964 1758 1096 1806 conatur.
1134 1749 1251 1819 Quibus
1273 1751 1439 1825 diligenter

281 1833 397 1904 auditis,
410 1834 450 1891 ait
469 1853 539 1892 rex:
559 1835 724 1908 ‘Quicquid
743 1845 795 1892 tua
813 1853 862 1892 me
881 1835 1043 1893 christiana
1061 1837 1195 1894 docuerit
1214 1839 1356 1910 eniditio‚
1371 1857 1437 1896 mea

281 1931 402 1994 paratur
425 1922 579 1996 suscipere
603 1923 712 1979 deuota
736 1923 889 1994 subiectio,
914 1924 1055 1997 quatinus
1080 1924 1210 1981 euadere
1235 1942 1348 1998 queam
1376 1939 1436 1983 tam
1499 1935 1500 2020 l

281 2008 430 2066 horribilis
449 2010 544 2066 bestie
565 2009 692 2066 laniatus
710 2018 739 2066 et
755 2011 863 2068 rictus.¹
901 2011 1008 2068 Statim
1026 2029 1081 2068 rex
1100 2012 1201 2068 cinere
1218 2030 1409 2086 conspersus
1418 2017 1435 2084 ⁴,

281 2096 374 2152 cilicio
394 2096 534 2165 induitur,
556 2097 646 2164 dolet,
668 2097 759 2169 gemit
781 2107 811 2154 et
835 2107 914 2155 totus
938 2099 968 2156 in
994 2099 1189 2172 penitentiam
1211 2103 1436 2176 compungitur,

234 2187 269 2240 'ao
282 2185 375 2240 sancti
393 2185 522 2257 pedibus
539 2184 717 2254 aduoluitur,
734 2186 943 2258 paganismum
958 2188 1131 2257 detestatur,
1144 2197 1173 2244 ct
1189 2188 1297 2244 cultum
1318 2189 1435 2247 Christi

282 2272 426 2345 profitens
452 2273 626 2346 baptizatur.
664 2271 728 2329 lam
757 2291 830 2330 vero
855 2274 948 2330 lustra
972 2274 1019 2331 bis
1043 2291 1118 2331 sena
1141 2274 1302 2348 sexiesque
1324 2278 1435 2335 vicena

280 2369 438 2433 peregerat
462 2377 567 2416 cursus
592 2359 741 2416 dominice
765 2360 985 2432 incarnationis,
1011 2363 1130 2435 quando
1161 2363 1346 2421 Menvaldus
1382 2383 1434 2422 rex

282 2443 461 2500 Merciorum
481 2462 498 2500 a
516 2452 619 2500 sancto
638 2444 805 2516 presbitero
825 2444 947 2501 Edfrido
966 2445 1148 2518 baptismum
1167 2457 1197 2503 et
1216 2447 1284 2503 tidei
1303 2451 1433 2520 gratiam
1498 2492 1499 2504 ,

280 2532 420 2604 suscepit,
439 2531 494 2590 hoc
514 2540 560 2588 est
579 2549 658 2588 anno
677 2531 771 2604 gratie
791 2534 1011 2590 sexcentesimo
1033 2534 1232 2606 sexagesimo.
1277 2533 1359 2592 Ecce
1381 2555 1434 2594 rex

236 2639 267 2690 ‘²5
282 2619 427 2676 hactenus
439 2629 470 2675 vt
483 2619 530 2674 leo
543 2619 743 2692 prefiguratus
756 2619 842 2676 leone
854 2619 995 2692 superius
1009 2629 1183 2686 memorato,
1197 2621 1256 2678 iarn
1269 2639 1329 2678 non
1345 2623 1433 2680 ferox

280 2715 311 2763 vt
324 2706 381 2774 leo,
393 2708 447 2763 sed
460 2707 560 2763 mitior
572 2724 659 2779 agno,
672 2707 782 2763 erroris
795 2707 841 2763 sui
854 2709 892 2763 de
906 2708 972 2764 luco
985 2725 1019 2764 se
1032 2725 1116 2764 reum
1132 2708 1251 2765 fatendo
1268 2711 1394 2782 prodiit,
1407 2723 1433 2768 et

280 2793 413 2850 veritatis
429 2795 529 2863 fidem,
542 2796 602 2850 vite
619 2811 729 2866 panem
746 2794 784 2850 ab
800 2793 865 2850 eius
882 2795 1010 2851 conuiua
1025 2805 1055 2852 et
1072 2797 1133 2852 vite
1150 2797 1270 2854 doctore
1289 2801 1433 2872 suscepit.

283 2869 423 2938 Fundata
440 2890 538 2937 autern
555 2882 585 2936 in
600 2882 713 2937 honore
728 2881 824 2937 sancti
842 2881 922 2938 Petri
938 2882 1065 2939 ecclesia
1077 2884 1167 2939 rebus
1183 2893 1213 2940 et
1230 2887 1434 2957 possessioni-

281 2970 337 3025 bus
358 2969 515 3042 opulenter
535 2970 654 3037 ditatur,
674 2978 704 3024 et
730 2969 834 3025 beatus
859 2969 1002 3026 Edfridus
1027 2969 1068 3026 illi
1093 2970 1255 3042 preficitur.
1292 2971 1432 3032 Tandem

236 3077 269 3128 30
282 3055 463 3112 Merwaldus
487 3065 517 3112 et
542 3056 720 3128 Dompneua
746 3064 847 3112 mutuo
866 3075 1016 3114 consensu
1038 3059 1069 3113 in
1088 3058 1222 3115 castitate
1241 3059 1300 3115 vite
1320 3061 1434 3120 finem⁸

281 3144 436 3200 dederunt.
475 3144 654 3217 Dompneua
673 3151 772 3200 autern
792 3144 822 3199 in
845 3144 982 3201 Thaneto
1001 3145 1105 3212 insula,
1124 3144 1246 3202 fundato
1266 3149 1295 3203 in
1317 3148 1433 3206 honore
1497 3104 1499 3178 ἱ

280 3232 367 3288 beate
393 3230 488 3288 Marie
512 3231 703 3300 monasterio,
727 3231 859 3303 virgines
884 3232 1084 3306 congregauit,
1109 3243 1138 3290 et
1168 3232 1227 3290 illis
1257 3238 1432 3308 exemplum

280 3319 369 3375 totius
382 3319 545 3376 sanctitatis
557 3320 688 3392 prebens
705 3319 830 3391 prefuit;
850 3319 896 3375 cui
914 3319 974 3376 filia
992 3337 1046 3376 sua
1060 3319 1207 3377 Mildreda
1223 3339 1291 3378 curn
1310 3335 1433 3396 septua-

280 3408 360 3478 ginta
384 3407 548 3480 virginibus
572 3407 637 3464 vice
662 3416 798 3463 materna
822 3406 949 3464 feliciter
966 3408 1203 3465 successit—⁸
1218 3395 1318 3466 Beata
1342 3411 1434 3484 igitur
1499 3432 1500 3450 ¹

236 3512 266 3562 55
283 3492 438 3567 Milburga,
458 3494 533 3551 sicut
552 3495 615 3550 suis
636 3493 875 3567 progenitoribus
897 3494 956 3567 piis
980 3494 1163 3552 Merwaldo'
1182 3505 1212 3553 et
1238 3497 1431 3571 Dompneuc,

282 3581 461 3638 Merciorum
480 3582 618 3647 dominis,
636 3582 688 3638 lux
706 3581 905 3655 primogenita
924 3583 1029 3652 extitit,
1042 3585 1085 3639 sic
1104 3583 1135 3639 in
1153 3599 1248 3656 regno
1267 3597 1430 3658 parentum

280 3671 337 3726 deo
350 3671 472 3726 sacratis
484 3670 650 3742 virginibus
662 3669 820 3742 viduisque
831 3670 892 3726 dux
903 3670 1072 3743 primiceria
1081 3671 1141 3728 vite
1151 3671 1272 3728 celestis
1282 3673 1431 3744 prefulsit

280 3757 460 3814 Constructo
473 3757 553 3814 enirn
567 3757 597 3813 in
611 3757 676 3814 loco
695 3756 746 3828 qui
764 3756 949 3814 Wimnicas⁸
960 3757 1123 3830 antiquitus
1140 3759 1294 3816 dicebatur
1310 3778 1432 3818 monas·

280 3845 384 3915 terio’,
404 3847 505 3916 (modo
529 3844 607 3901 dicto
631 3844 819 3916 Wenlolte⁹,)
838 3845 1002 3917 virginibus
1027 3845 1213 3920 congregatis
1234 3847 1345 3919 prefuit
1364 3849 1431 3922 ipsa

235 3949 267 3999 40
280 3942 377 3990 mater
401 3942 431 3989 et
455 3933 515 3990 vite
539 3932 686 4005 regularis
711 3931 861 4004 magistra.
910 3935 960 3990 Ab
985 3933 1108 3990 ineunte
1138 3933 1217 3990 enim
1243 3943 1323 3992 etate
1348 3937 1429 3992 omni

280 4021 378 4078 studio
397 4022 454 4078 deo
473 4019 587 4076 seruire
610 4019 732 4089 curauit,
752 4029 782 4076 et
799 4029 922 4078 omatus
939 4023 1012 4090 eius,
1031 4030 1134 4094 preter
1147 4023 1227 4094 quod
1242 4031 1306 4078 erat
1324 4023 1428 4080 intrin-

312 4194 322 4224 ¹
338 4195 367 4244 T.
380 4195 501 4245 liberaris.
657 4193 667 4223 ¹
685 4193 714 4243 E.
728 4194 894 4243 adiutaucris.
1051 4193 1062 4222 ³
1077 4194 1107 4243 T.
1119 4195 1150 4245 E.
1161 4201 1188 4244 vt
1199 4209 1220 4245 s.
1232 4231 1240 4245 .
1254 4231 1261 4245 .
1274 4233 1280 4245 .
1293 4198 1423 4247 merearis.

280 4260 290 4289 ⁴
307 4260 335 4308 T.
350 4261 379 4310 E.
392 4275 555 4324 conspersus.
676 4260 687 4290 ⁸
703 4259 733 4309 E.
745 4259 805 4310 line.
932 4257 942 4287 ⁸
960 4259 1036 4308 from
1047 4261 1112 4309 here
1123 4261 1149 4308 in
1161 4259 1193 4310 Α.
1206 4260 1255 4311 SS.
1269 4261 1336 4311 Bnll.
1350 4263 1421 4312 Febr.

550 4325 560 4356 ¹
578 4325 607 4375 E.
619 4325 764 4376 melwaldo.
880 4324 890 4355 ⁸
907 4339 937 4375 so
948 4325 977 4373 T.
988 4341 995 4386 ;
1013 4325 1043 4376 E.
1054 4326 1210 4388 witnmicas3
1228 4327 1256 4378 1.
1270 4330 1419 4392 wynwicas
