3054 4904
458 294 533 389 De
556 293 720 385 sanctu
746 295 954 398 matium.
1210 323 1274 396 151

125 493 253 568 proficit,
265 496 291 553 si
305 496 393 554 luerit
405 505 506 556 mente
518 502 692 572 corruptus!
729 500 950 574 Aequiescente
964 499 1098 574 magistri
1112 499 1277 558 rationibus

129 581 259 653 Macuto,
272 602 310 640 ex
325 584 399 641 hora
410 603 469 659 qua
482 588 642 660 episcopus
655 605 778 646 manum
792 607 877 646 suam
891 607 983 662 super
997 598 1085 662 caput
1098 589 1163 647 eius
1176 591 1277 647 leuare

126 673 215 743 cepit,
228 672 295 728 alba
308 673 444 730 columba
457 692 550 748 super
562 675 716 749 scapulam
729 676 794 733 eius
807 678 963 734 dexteram
973 677 991 746 ¹,
1004 694 1098 750 vsque
1115 679 1152 734 ad
1172 678 1277 734 horam

125 775 186 830 qua
198 759 331 817 officium
344 763 552 834 compleretur,
565 765 604 819 ab
622 764 788 820 astantibus
803 764 868 820 visa
885 772 949 834 est3
969 772 999 820 et
1016 764 1112 821 officio
1128 765 1276 837 completo

123 845 158 901 in
178 847 280 918 specie
303 847 471 921 igniacum
493 867 601 923 magna
626 851 758 908 claritate
779 851 908 908 euanuit.
947 850 1018 908 Erat
1036 852 1117 908 enim
1138 852 1304 924 Macutus5

123 933 306 990 abstinentia
317 935 467 1006 assiduus,
481 937 609 1007 sobrius,
621 937 729 1011 vigiliis
741 938 868 1008 deditus,
882 939 1085 1012 predicatione
1098 939 1275 996 instantissi-

123 1036 202 1077 mus.
252 1009 340 1078 Inter
351 1023 408 1080 hec
420 1032 520 1082 autem
533 1025 635 1082 incidit
653 1026 684 1081 in
699 1034 800 1082 mente
812 1024 971 1093 Brendani,
985 1026 1115 1082 insulam
1125 1028 1274 1100 quandam

122 1108 218 1164 maris
231 1109 351 1167 nornine
365 1110 504 1167 Ymmam
518 1129 654 1184 querere.
692 1113 798 1169 Parata
813 1121 911 1169 autem
930 1130 1016 1184 naue,
1029 1131 1097 1169 cum
1113 1113 1232 1170 Macuto
1244 1122 1275 1170 et

121 1193 261 1267 pluribus
273 1195 413 1254 iratribus
426 1215 482 1270 per
494 1215 577 1256 mare
590 1200 732 1272 nauigare
744 1200 832 1273 cepit.
869 1200 1006 1273 Septimo
1018 1202 1141 1257 tandem
1155 1201 1274 1274 nauiga-

121 1282 213 1338 tionis
226 1299 306 1339 anno
318 1286 356 1341 ad
369 1287 519 1358 quandam
534 1288 662 1344 insulam
675 1297 824 1344 venerunt
841 1288 872 1344 in
891 1305 950 1360 qua
968 1289 1162 1361 sepulchrum
1179 1290 1273 1361 quod·
1290 1309 1319 1344 10

120 1371 194 1426 darn
214 1370 423 1444 longissimum
448 1383 521 1431 erat.
557 1373 643 1431 Tunc
665 1385 787 1432 sanctus
812 1375 993 1432 Brendanus
1017 1376 1073 1432 alt:
1100 1375 1145 1432 ‘O
1169 1384 1274 1432 sancte

122 1457 252 1520 Macute,
265 1467 335 1531 pete
349 1479 367 1517 a
379 1460 501 1518 domino
515 1463 572 1518 deo
585 1471 645 1532 tuo,
654 1471 686 1519 vt
700 1463 893 1519 resuscitetur
905 1464 995 1518 homo
1007 1463 1058 1535 qui
1072 1462 1102 1518 in
1116 1463 1172 1519 hoc
1185 1463 1273 1519 busto

118 1545 238 1617 positus
256 1550 319 1604 est'
356 1548 411 1605 Cui
430 1548 498 1606 ille:
520 1550 607 1606 ‘Non
624 1567 690 1622 ego,
705 1551 759 1606 sed
775 1550 854 1606 filius
871 1551 919 1606 dei
939 1549 985 1606 cui
1005 1551 1111 1620 semio,
1130 1550 1180 1623 qui
1199 1552 1270 1607 dum

118 1633 317 1706 corporaliter
333 1635 364 1692 in
377 1638 490 1693 mundo
502 1645 593 1705 esset,
607 1636 755 1694 Lazarum
768 1638 806 1693 de
819 1650 1015 1694 monumento
1035 1637 1270 1710 quadriduanum

119 1720 182 1777 iam
195 1721 340 1780 fetentem
354 1724 518 1794 suscitauit,
531 1725 598 1799 ipse
612 1726 701 1781 modo
719 1725 749 1782 in
770 1725 833 1782 celo
847 1725 1042 1798 spiritualiter
1053 1728 1174 1796 sedens,
1190 1726 1270 1782 hunc
1287 1747 1316 1798 ¹5

117 1810 160 1865 de
172 1810 332 1882 sepulchro
345 1811 402 1868 isto
415 1813 591 1871 resuscitet!
616 1813 654 1869 Et
667 1831 734 1870 curn
748 1813 804 1870 hoe
817 1813 953 1882 dixisset,
963 1831 1033 1870 ecce
1045 1821 1125 1870 totus
1137 1813 1271 1871 tumulus

118 1906 290 1954 commotus
308 1908 364 1968 est,
384 1909 414 1956 et
432 1901 517 1972 quasi
535 1901 627 1957 homo
646 1902 766 1974 quando
785 1902 823 1957 de
842 1918 971 1974 sompno
990 1901 1093 1974 surgit,
1105 1902 1157 1971 sic,
1170 1900 1271 1957 anima

118 1985 187 2041 eius
200 1985 230 2041 in
243 2003 313 2042 eum
326 1986 465 2055 intrante,
477 1987 565 2044 viuus
578 1989 717 2045 surrexit.
755 1988 817 2044 lllis
834 1997 934 2045 autern
951 1987 1204 2060 interrogantibus
1220 1988 1271 2044 vbi

116 2071 234 2140 fuisset,
253 2083 303 2130 aut
325 2075 382 2131 sub
400 2093 459 2148 qua
478 2076 544 2148 lege
564 2076 708 2146 vixisset3
727 2076 758 2133 in
784 2093 864 2149 pena
883 2093 917 2132 se
937 2075 1038 2143 fuisse,
1058 2075 1269 2148 gentiliterque

116 2160 234 2217 vixisse
252 2161 401 2219 indicauit.
439 2163 642 2233 Querentibus
661 2181 772 2221 nomen
792 2164 865 2233 eius,
879 2163 936 2220 sibi
955 2179 1065 2218 nomen
1086 2161 1180 2219 Mildu
1200 2180 1268 2220 esse
1283 2171 1321 2219 ιο·

116 2246 202 2304 dixit.
240 2249 278 2304 Et
291 2267 359 2306 cum
372 2250 428 2306 hoc
444 2251 579 2322 dixisset,
597 2262 701 2309 sancto
719 2250 838 2308 Macuto
855 2251 911 2308 ait:
932 2250 1012 2307 ‘Ora
1026 2267 1081 2322 pro
1094 2267 1151 2317 me,
1165 2259 1269 2323 pastor

116 2336 215 2392 bone:
244 2337 313 2409 quia
338 2340 428 2395 credo
453 2356 509 2412 per
533 2347 617 2396 tuum
643 2357 692 2396 me
717 2341 880 2396 aduentum
906 2337 1024 2394 saluari.
1061 2336 1184 2411 Baptiza
1209 2355 1267 2408 me,

116 2423 235 2480 redime
254 2441 319 2494 me3
340 2433 371 2482 et
389 2425 533 2484 miserere
553 2427 630 2484 mei’
667 2427 753 2483 Tunc
777 2425 915 2482 Macutus
935 2424 1085 2498 baptizato
1107 2443 1152 2494 eo,
1171 2424 1266 2483 dixit:

116 2509 224 2566 ‘Nosti
249 2511 378 2570 insulam
399 2512 549 2582 Ymmam,
568 2532 659 2587 quam
684 2515 773 2586 longo
798 2514 858 2570 iam
883 2522 1020 2586 tempore
1045 2512 1265 2585 quesiuimusl'

115 2597 313 2666 ‘Ambulans,
326 2599 429 2672 inquit,
442 2601 494 2658 vix
512 2619 572 2658 vna
590 2601 655 2659 vice
671 2602 742 2668 vidi,
756 2603 810 2658 sed
828 2609 939 2658 uentus
957 2599 1160 2657 validissimus
1178 2610 1266 2673 atque
1282 2621 1311 2671 ²5

112 2694 356 2757 tempestuosum
373 2705 455 2744 mare
472 2705 521 2745 me
537 2689 575 2744 ab
593 2689 644 2745 illa
661 2691 894 2761 separauerunt.'
932 2688 1017 2744 Tunc
1035 2704 1141 2744 omnes
1160 2698 1266 2760 rogant

114 2771 199 2828 illum
217 2773 322 2832 vtiret
340 2774 482 2832 cumillis
500 2777 537 2832 ad
555 2793 630 2832 eam.
670 2776 723 2832 llle
738 2775 901 2832 anchoram
920 2775 951 2830 in
971 2792 1061 2831 manu
1080 2783 1197 2844 tenens,
1210 2793 1267 2847 per

113 2859 298 2932 profundum
312 2862 404 2919 maris
417 2880 525 2920 nauem
534 2863 681 2937 preuenit.
708 2863 820 2934 Illoque
831 2880 891 2918 non
901 2863 1020 2918 valente
1030 2861 1110 2917 illam
1118 2860 1265 2931 inuenire,

111 2956 206 3004 vento
218 2948 404 3006 validissimo
414 2949 546 3007 irruente
560 2951 690 3007 maxima
702 2938 832 3023 quedam
845 2950 936 3006 corda
954 2949 1085 3005 anchore
1099 2948 1221 3021 alligata
1233 2949 1264 3005 in

112 3051 206 3091 manu
220 3035 285 3092 eius
302 3036 394 3094 stacta
413 3046 467 3094 est.
505 3038 661 3094 Venerunt
678 3055 750 3110 ergo
763 3037 872 3094 iterum
888 3053 956 3093 cum
975 3035 1024 3091 illo
1042 3037 1080 3092 ad
1099 3036 1199 3092 locum
1213 3037 1263 3092 vbi
1279 3057 1310 3106 30

111 3122 295 3180 inuenerunt
316 3141 395 3192 eum,
415 3135 445 3182 et
466 3124 588 3197 [denuo]
607 3133 756 3183 mortuum
781 3124 812 3181 in
838 3142 893 3180 suo
917 3124 1031 3180 tumulo
1056 3133 1264 3194 reposuerunt.

113 3197 200 3268 Cum
220 3219 320 3267 autem
337 3211 366 3268 in
385 3209 435 3268 illo
451 3212 559 3270 itinere
578 3213 695 3269 cuidam
713 3212 812 3268 insule
828 3211 1105 3284 appropinquantes
1122 3227 1201 3282 pene
1214 3211 1263 3267 siti

111 3297 384 3368 delicerentiussu
396 3299 548 3356 Brendani
562 3300 698 3356 Macutus
711 3307 867 3372 assumpto
879 3315 951 3355 vase
967 3315 1023 3370 per
1039 3297 1179 3354 semitam
1195 3315 1263 3370 par·

110 3386 215 3441 uulam
227 3402 367 3459 pergens,
380 3387 492 3444 sontem
505 3388 647 3461 repperit.
683 3387 802 3443 Etcum
816 3386 911 3442 semel
924 3395 954 3442 et
969 3385 1077 3441 iterum
1095 3401 1201 3457 aquam
1219 3385 1263 3442 ori

110 3481 282 3547 porrectam
302 3491 357 3547 pre
375 3474 590 3532 amaritudine²
613 3483 734 3547 gustare
759 3491 819 3529 non
844 3473 967 3535 valeret,
993 3472 1150 3529 benedicto
1180 3471 1262 3529 fonte
1277 3492 1307 3543 ³5

111 3577 222 3633 aquam
236 3561 446 3618 suauissimam
459 3562 565 3630 hausit,
579 3571 609 3618 et
621 3563 653 3618 in
664 3579 738 3618 vase
751 3578 854 3618 secum
871 3560 974 3616 attulit.
1012 3559 1079 3629 Qua
1092 3577 1109 3616 a
1122 3557 1263 3618 iratribus

111 3657 240 3721 gustata,
264 3658 294 3705 et
319 3650 458 3706 omnibus
487 3651 572 3722 quasi
598 3650 664 3706 cibo
689 3658 719 3706 et
743 3657 814 3721 potu
845 3647 972 3718 resectis,
997 3648 1109 3704 nullam
1140 3646 1262 3704 omnino

111 3735 341 3793 diminutionem
359 3737 472 3809 limpha
490 3737 540 3794 illa
556 3737 644 3793 allata
661 3737 813 3793 sustinuit.
887 3724 950 3792 Die
967 3752 1040 3791 vero
1056 3734 1177 3807 pasche,
1193 3751 1261 3790 cum

112 3823 252 3880 Macutus
265 3823 296 3880 in
310 3825 438 3897 quadam
455 3825 572 3881 modica
589 3824 688 3881 insula
705 3823 829 3880 missam
847 3823 1020 3889 celebraret,
1033 3829 1202 3878 commotus
1215 3832 1262 3878 est

110 3912 213 3970 locus:
234 3919 264 3968 et
281 3929 388 3969 omnes
406 3912 575 3969 tremefacti
591 3929 651 3969 vna
666 3929 740 3968 voce
758 3910 916 3967 dixerunt:
937 3910 981 3967 ‘O
1002 3908 1172 3978 Brendane,
1191 3925 1260 3966 ecce
1275 3927 1307 3977 40

110 4016 218 4056 omnes
231 4001 383 4072 perimus!
420 4000 505 4056 Tunc
519 4000 569 4055 ille
581 3999 641 4056 ait:
662 3997 705 4054 ‘O
718 4007 822 4054 sancte
836 3997 962 4067 Maeote,
975 4013 1046 4053 ecce
1060 3995 1260 4054 diabolus³se

108 4087 345 4160 transfigurauit,
357 4095 388 4144 vt
408 4087 518 4144 multos
536 4088 568 4143 in
586 4086 740 4143 interitum
759 4086 863 4141 ducat.³
901 4084 939 4140 Et
956 4084 1025 4140 ille:
1045 4083 1091 4140 ιΟ
1109 4083 1260 4156 magister,

109 4193 213 4233 nonne
231 4175 298 4233 aliis
321 4191 371 4232 me
393 4175 533 4232 audiente
553 4174 715 4248 predicasti
735 4173 814 4245 quod
836 4173 988 4245 quondam
1009 4171 1082 4228 Ione
1102 4172 1259 4246 prophete,

105 4298 149 4414 VJ
168 4297 198 4415 ξ.
210 4300 327 4360 dextera,
339 4297 370 4350 T.
382 4299 507 4349 dextram.
561 4298 572 4329 ¹
590 4297 619 4348 E.
631 4295 834 4346 amaritudinem.
894 4293 905 4324 ⁸
922 4294 951 4346 E.
965 4294 1096 4356 diaboltu;
1112 4293 1141 4344 T.
1154 4294 1260 4356 domum

130 4373 157 4416 tt
189 4381 282 4416 usmua.

1408 1263 1430 1318 ἶ,
