<?xml version="1.0" encoding="UTF-8"?>
<!DOCTYPE html PUBLIC "-//W3C//DTD XHTML 1.0 Transitional//EN"
    "http://www.w3.org/TR/xhtml1/DTD/xhtml1-transitional.dtd">
<html xmlns="http://www.w3.org/1999/xhtml" xml:lang="en" lang="en">
 <head>
  <title>
</title>
<meta http-equiv="Content-Type" content="text/html;charset=utf-8" />
  <meta name='ocr-system' content='tesseract 3.04.00' />
  <meta name='ocr-capabilities' content='ocr_page ocr_carea ocr_par ocr_line ocrx_word'/>
</head>
<body>
  <div class='ocr_page' id='page_1' title='image "./novalegendaangl00wordgoog/novalegendaangl00wordgoog_0073.png"; bbox 0 0 3044 4894; ppageno 0'>
   <div class='ocr_carea' id='block_1_1' title="bbox 278 277 324 345">
    <p class='ocr_par' dir='ltr' id='par_1_1' title="bbox 278 277 324 345">
     <span class='ocr_line' id='line_1_1' title="bbox 278 277 324 345; baseline -0.022 0"><span class='ocrx_word' id='word_1_1' title='bbox 278 277 324 345; x_wconf 86' lang='lat'>62</span> 
     </span>
    </p>
   </div>
   <div class='ocr_carea' id='block_1_2' title="bbox 251 466 1511 1071">
    <p class='ocr_par' dir='ltr' id='par_1_2' title="bbox 251 466 1511 1071">
     <span class='ocr_line' id='line_1_2' title="bbox 278 466 1430 544; baseline -0.003 -18"><span class='ocrx_word' id='word_1_2' title='bbox 278 470 356 528; x_wconf 90' lang='lat' dir='ltr'>inter</span> <span class='ocrx_word' id='word_1_3' title='bbox 376 489 435 544; x_wconf 91' lang='lat' dir='ltr'>que</span> <span class='ocrx_word' id='word_1_4' title='bbox 454 487 565 543; x_wconf 89' lang='lat' dir='ltr'>pueros</span> <span class='ocrx_word' id='word_1_5' title='bbox 586 472 662 528; x_wconf 92' lang='lat' dir='ltr'>duos</span> <span class='ocrx_word' id='word_1_6' title='bbox 687 469 810 527; x_wconf 81' lang='lat' dir='ltr'>cecitate</span> <span class='ocrx_word' id='word_1_7' title='bbox 832 485 849 524; x_wconf 87' lang='lat' dir='ltr'>a</span> <span class='ocrx_word' id='word_1_8' title='bbox 874 467 1028 526; x_wconf 88' lang='lat' dir='ltr'>natiuitate</span> <span class='ocrx_word' id='word_1_9' title='bbox 1048 483 1209 541; x_wconf 90' lang='lat' dir='ltr'>percussos</span> <span class='ocrx_word' id='word_1_10' title='bbox 1228 466 1430 532; x_wconf 87' lang='lat' dir='ltr'>illuminauit;</span> 
     </span>
     <span class='ocr_line' id='line_1_3' title="bbox 278 543 1511 638; baseline -0.005 -23"><span class='ocrx_word' id='word_1_11' title='bbox 278 568 445 616; x_wconf 89' lang='lat' dir='ltr'>contractas</span> <span class='ocrx_word' id='word_1_12' title='bbox 467 559 609 616; x_wconf 89' lang='lat' dir='ltr'>mulieres</span> <span class='ocrx_word' id='word_1_13' title='bbox 630 559 716 616; x_wconf 91' lang='lat' dir='ltr'>binas</span> <span class='ocrx_word' id='word_1_14' title='bbox 733 557 889 631; x_wconf 80' lang='lat' dir='ltr'>gressibus</span> <span class='ocrx_word' id='word_1_15' title='bbox 907 555 1036 613; x_wconf 89' lang='lat' dir='ltr'>restituit</span> <span class='ocrx_word' id='word_1_16' title='bbox 1046 556 1065 612; x_wconf 87' lang='lat'>¹.</span> <span class='ocrx_word' id='word_1_17' title='bbox 1138 543 1273 612; x_wconf 88' lang='lat' dir='ltr'>¹Mulier</span> <span class='ocrx_word' id='word_1_18' title='bbox 1295 556 1429 627; x_wconf 88' lang='lat' dir='ltr'>quedam</span> <span class='ocrx_word' id='word_1_19' title='bbox 1510 629 1511 638; x_wconf 9' lang='grc' dir='ltr'>ἵ</span> 
     </span>
     <span class='ocr_line' id='line_1_4' title="bbox 278 642 1429 720; baseline -0.004 -17"><span class='ocrx_word' id='word_1_20' title='bbox 278 664 371 720; x_wconf 91' lang='lat' dir='ltr'>super</span> <span class='ocrx_word' id='word_1_21' title='bbox 389 646 532 704; x_wconf 79' lang='lat' dir='ltr'>feretrum</span> <span class='ocrx_word' id='word_1_22' title='bbox 553 648 648 704; x_wconf 90' lang='lat' dir='ltr'>sancti</span> <span class='ocrx_word' id='word_1_23' title='bbox 663 645 805 703; x_wconf 87' lang='lat' dir='ltr'>Iohannis</span> <span class='ocrx_word' id='word_1_24' title='bbox 825 644 939 701; x_wconf 85' lang='lat' dir='ltr'>crimen</span> <span class='ocrx_word' id='word_1_25' title='bbox 959 642 1082 716; x_wconf 90' lang='lat' dir='ltr'>periurii</span> <span class='ocrx_word' id='word_1_26' title='bbox 1101 643 1305 712; x_wconf 88' lang='lat' dir='ltr'>committens,</span> <span class='ocrx_word' id='word_1_27' title='bbox 1319 659 1429 700; x_wconf 88' lang='lat' dir='ltr'>amens</span> 
     </span>
     <span class='ocr_line' id='line_1_5' title="bbox 279 731 1428 809; baseline -0.003 -17"><span class='ocrx_word' id='word_1_28' title='bbox 279 735 424 792; x_wconf 87' lang='lat' dir='ltr'>efficitur:</span> <span class='ocrx_word' id='word_1_29' title='bbox 444 735 545 809; x_wconf 90' lang='lat' dir='ltr'>sopori</span> <span class='ocrx_word' id='word_1_30' title='bbox 558 736 679 792; x_wconf 89' lang='lat' dir='ltr'>tandem</span> <span class='ocrx_word' id='word_1_31' title='bbox 693 734 800 804; x_wconf 83' lang='lat' dir='ltr'>dedita,</span> <span class='ocrx_word' id='word_1_32' title='bbox 813 733 969 790; x_wconf 89' lang='lat' dir='ltr'>videbatur</span> <span class='ocrx_word' id='word_1_33' title='bbox 982 731 1038 788; x_wconf 90' lang='lat' dir='ltr'>sibi</span> <span class='ocrx_word' id='word_1_34' title='bbox 1047 731 1126 804; x_wconf 91' lang='lat' dir='ltr'>quod</span> <span class='ocrx_word' id='word_1_35' title='bbox 1135 733 1221 788; x_wconf 87' lang='lat' dir='ltr'>beata</span> <span class='ocrx_word' id='word_1_36' title='bbox 1233 731 1317 804; x_wconf 86' lang='lat' dir='ltr'>virgo</span> <span class='ocrx_word' id='word_1_37' title='bbox 1333 731 1428 788; x_wconf 78' lang='lat' dir='ltr'>Maria</span> 
     </span>
     <span class='ocr_line' id='line_1_6' title="bbox 251 820 1430 896; baseline -0.003 -16"><span class='ocrx_word' id='word_1_38' title='bbox 251 839 347 890; x_wconf 74' lang='lat' dir='ltr'>scum</span> <span class='ocrx_word' id='word_1_39' title='bbox 366 824 496 896; x_wconf 89' lang='lat' dir='ltr'>quodam</span> <span class='ocrx_word' id='word_1_40' title='bbox 513 823 664 896; x_wconf 90' lang='lat' dir='ltr'>episcopo,</span> <span class='ocrx_word' id='word_1_41' title='bbox 677 820 896 894; x_wconf 85' lang='lat' dir='ltr'>pontificalibus</span> <span class='ocrx_word' id='word_1_42' title='bbox 917 820 1028 889; x_wconf 90' lang='lat' dir='ltr'>induto,</span> <span class='ocrx_word' id='word_1_43' title='bbox 1050 821 1149 876; x_wconf 90' lang='lat' dir='ltr'>eidem</span> <span class='ocrx_word' id='word_1_44' title='bbox 1168 821 1330 876; x_wconf 82' lang='lat' dir='ltr'>assistebat</span> <span class='ocrx_word' id='word_1_45' title='bbox 1345 829 1375 876; x_wconf 93' lang='lat' dir='ltr'>et</span> <span class='ocrx_word' id='word_1_46' title='bbox 1393 837 1430 876; x_wconf 89' lang='lat' dir='ltr'>os</span> 
     </span>
     <span class='ocr_line' id='line_1_7' title="bbox 279 906 1430 985; baseline -0.003 -17"><span class='ocrx_word' id='word_1_47' title='bbox 279 929 367 968; x_wconf 91' lang='lat' dir='ltr'>suum</span> <span class='ocrx_word' id='word_1_48' title='bbox 387 912 517 985; x_wconf 88' lang='lat' dir='ltr'>quodam</span> <span class='ocrx_word' id='word_1_49' title='bbox 544 927 645 985; x_wconf 90' lang='lat' dir='ltr'>panno</span> <span class='ocrx_word' id='word_1_50' title='bbox 674 919 805 982; x_wconf 82' lang='lat' dir='ltr'>tergens.</span> <span class='ocrx_word' id='word_1_51' title='bbox 831 917 934 964; x_wconf 88' lang='lat' dir='ltr'>sancto</span> <span class='ocrx_word' id='word_1_52' title='bbox 966 907 1091 964; x_wconf 86' lang='lat' dir='ltr'>iohanni</span> <span class='ocrx_word' id='word_1_53' title='bbox 1122 907 1215 963; x_wconf 84' lang='lat' dir='ltr'>dixit:</span> <span class='ocrx_word' id='word_1_54' title='bbox 1247 906 1430 974; x_wconf 63' lang='lat' dir='ltr'>‘Iohannes</span> 
     </span>
     <span class='ocr_line' id='line_1_8' title="bbox 279 993 1428 1071; baseline -0.005 -15"><span class='ocrx_word' id='word_1_55' title='bbox 279 999 398 1056; x_wconf 86' lang='lat' dir='ltr'>remitte</span> <span class='ocrx_word' id='word_1_56' title='bbox 418 999 485 1055; x_wconf 92' lang='lat' dir='ltr'>huic</span> <span class='ocrx_word' id='word_1_57' title='bbox 509 997 626 1056; x_wconf 90' lang='lat' dir='ltr'>mulieri</span> <span class='ocrx_word' id='word_1_58' title='bbox 644 999 724 1071; x_wconf 89' lang='lat' dir='ltr'>quod</span> <span class='ocrx_word' id='word_1_59' title='bbox 748 1005 862 1054; x_wconf 87' lang='lat' dir='ltr'>temere</span> <span class='ocrx_word' id='word_1_60' title='bbox 888 1011 945 1068; x_wconf 89' lang='lat' dir='ltr'>per</span> <span class='ocrx_word' id='word_1_61' title='bbox 963 1004 993 1052; x_wconf 94' lang='lat' dir='ltr'>te</span> <span class='ocrx_word' id='word_1_62' title='bbox 1015 995 1114 1051; x_wconf 87' lang='lat' dir='ltr'>iurare</span> <span class='ocrx_word' id='word_1_63' title='bbox 1132 1012 1193 1050; x_wconf 92' lang='lat' dir='ltr'>non</span> <span class='ocrx_word' id='word_1_64' title='bbox 1214 993 1330 1051; x_wconf 67' lang='lat' dir='ltr'>timuit!</span> <span class='ocrx_word' id='word_1_65' title='bbox 1369 995 1428 1065; x_wconf 87' lang='lat' dir='ltr'>Qui</span> 
     </span>
    </p>
   </div>
   <div class='ocr_carea' id='block_1_3' title="bbox 279 1082 1512 1160">
    <p class='ocr_par' dir='ltr' id='par_1_3' title="bbox 279 1082 1512 1160">
     <span class='ocr_line' id='line_1_9' title="bbox 279 1082 1512 1160; baseline -0.006 -16"><span class='ocrx_word' id='word_1_66' title='bbox 279 1089 453 1160; x_wconf 87' lang='lat' dir='ltr'>respondit:</span> <span class='ocrx_word' id='word_1_67' title='bbox 474 1087 541 1143; x_wconf 82' lang='lat' dir='ltr'>‘Ad</span> <span class='ocrx_word' id='word_1_68' title='bbox 557 1095 732 1159; x_wconf 88' lang='lat' dir='ltr'>preceptum</span> <span class='ocrx_word' id='word_1_69' title='bbox 745 1094 839 1152; x_wconf 91' lang='lat' dir='ltr'>tuum,</span> <span class='ocrx_word' id='word_1_70' title='bbox 852 1083 982 1152; x_wconf 87' lang='lat' dir='ltr'>domina,</span> <span class='ocrx_word' id='word_1_71' title='bbox 994 1083 1127 1139; x_wconf 68' lang='lat' dir='ltr'>dimitto!</span> <span class='ocrx_word' id='word_1_72' title='bbox 1164 1082 1202 1139; x_wconf 88' lang='lat' dir='ltr'>Et</span> <span class='ocrx_word' id='word_1_73' title='bbox 1221 1099 1291 1138; x_wconf 87' lang='lat' dir='ltr'>mox</span> <span class='ocrx_word' id='word_1_74' title='bbox 1311 1083 1428 1140; x_wconf 84' lang='lat' dir='ltr'>sunicu-</span> <span class='ocrx_word' id='word_1_75' title='bbox 1511 1133 1512 1136; x_wconf 74' lang='grc'>,</span> 
     </span>
    </p>
   </div>
   <div class='ocr_carea' id='block_1_4' title="bbox 237 1170 1513 1861">
    <p class='ocr_par' dir='ltr' id='par_1_4' title="bbox 237 1170 1513 1861">
     <span class='ocr_line' id='line_1_10' title="bbox 279 1170 1429 1248; baseline -0.003 -18"><span class='ocrx_word' id='word_1_76' title='bbox 279 1175 334 1244; x_wconf 91' lang='lat' dir='ltr'>lus,</span> <span class='ocrx_word' id='word_1_77' title='bbox 347 1193 406 1248; x_wconf 91' lang='lat' dir='ltr'>quo</span> <span class='ocrx_word' id='word_1_78' title='bbox 420 1191 527 1231; x_wconf 90' lang='lat' dir='ltr'>manus</span> <span class='ocrx_word' id='word_1_79' title='bbox 540 1173 674 1230; x_wconf 90' lang='lat' dir='ltr'>mulieris</span> <span class='ocrx_word' id='word_1_80' title='bbox 687 1182 773 1230; x_wconf 89' lang='lat' dir='ltr'>erant</span> <span class='ocrx_word' id='word_1_81' title='bbox 785 1172 883 1245; x_wconf 87' lang='lat' dir='ltr'>ligate,</span> <span class='ocrx_word' id='word_1_82' title='bbox 897 1171 927 1227; x_wconf 91' lang='lat' dir='ltr'>in</span> <span class='ocrx_word' id='word_1_83' title='bbox 945 1180 1057 1228; x_wconf 82' lang='lat' dir='ltr'>terram</span> <span class='ocrx_word' id='word_1_84' title='bbox 1077 1170 1174 1228; x_wconf 90' lang='lat' dir='ltr'>subito</span> <span class='ocrx_word' id='word_1_85' title='bbox 1192 1180 1299 1242; x_wconf 90' lang='lat' dir='ltr'>ruptus</span> <span class='ocrx_word' id='word_1_86' title='bbox 1311 1171 1429 1240; x_wconf 87' lang='lat' dir='ltr'>cecidit,</span> 
     </span>
     <span class='ocr_line' id='line_1_11' title="bbox 237 1247 1429 1336; baseline -0.003 -18"><span class='ocrx_word' id='word_1_87' title='bbox 237 1281 267 1318; x_wconf 83' lang='grc' dir='ltr'>ιο</span> <span class='ocrx_word' id='word_1_88' title='bbox 279 1272 309 1319; x_wconf 94' lang='lat' dir='ltr'>et</span> <span class='ocrx_word' id='word_1_89' title='bbox 322 1263 429 1320; x_wconf 89' lang='lat' dir='ltr'>mulier</span> <span class='ocrx_word' id='word_1_90' title='bbox 441 1261 652 1336; x_wconf 80' lang='lat' dir='ltr'>expergefacta</span> <span class='ocrx_word' id='word_1_91' title='bbox 665 1270 800 1318; x_wconf 85' lang='lat' dir='ltr'>sanatam</span> <span class='ocrx_word' id='word_1_92' title='bbox 813 1277 847 1317; x_wconf 86' lang='lat' dir='ltr'>sc</span> <span class='ocrx_word' id='word_1_93' title='bbox 860 1259 1004 1328; x_wconf 89' lang='lat' dir='ltr'>sentiens,</span> <span class='ocrx_word' id='word_1_94' title='bbox 1016 1259 1127 1331; x_wconf 88' lang='lat' dir='ltr'>gratias</span> <span class='ocrx_word' id='word_1_95' title='bbox 1140 1260 1198 1316; x_wconf 89' lang='lat' dir='ltr'>deo</span> <span class='ocrx_word' id='word_1_96' title='bbox 1210 1257 1281 1331; x_wconf 87' lang='lat' dir='ltr'>egit.</span> <span class='ocrx_word' id='word_1_97' title='bbox 1329 1247 1429 1316; x_wconf 82' lang='lat' dir='ltr'>Anno</span> 
     </span>
     <span class='ocr_line' id='line_1_12' title="bbox 280 1347 1429 1406; baseline -0.003 0"><span class='ocrx_word' id='word_1_98' title='bbox 280 1358 379 1406; x_wconf 89' lang='lat' dir='ltr'>autem</span> <span class='ocrx_word' id='word_1_99' title='bbox 404 1349 517 1406; x_wconf 90' lang='lat' dir='ltr'>domini</span> <span class='ocrx_word' id='word_1_100' title='bbox 543 1349 702 1406; x_wconf 88' lang='lat' dir='ltr'>millesimo</span> <span class='ocrx_word' id='word_1_101' title='bbox 729 1347 931 1406; x_wconf 89' lang='lat' dir='ltr'>tricentesimo</span> <span class='ocrx_word' id='word_1_102' title='bbox 951 1347 1128 1404; x_wconf 90' lang='lat' dir='ltr'>duodecimo</span> <span class='ocrx_word' id='word_1_103' title='bbox 1149 1349 1188 1404; x_wconf 93' lang='lat' dir='ltr'>de</span> <span class='ocrx_word' id='word_1_104' title='bbox 1208 1348 1313 1402; x_wconf 90' lang='lat' dir='ltr'>tumba</span> <span class='ocrx_word' id='word_1_105' title='bbox 1332 1347 1429 1404; x_wconf 88' lang='lat' dir='ltr'>sancti</span> 
     </span>
     <span class='ocr_line' id='line_1_13' title="bbox 282 1433 1428 1509; baseline 0 -17"><span class='ocrx_word' id='word_1_106' title='bbox 282 1435 423 1494; x_wconf 85' lang='lat' dir='ltr'>Iohannis</span> <span class='ocrx_word' id='word_1_107' title='bbox 433 1438 532 1494; x_wconf 89' lang='lat' dir='ltr'>oleum</span> <span class='ocrx_word' id='word_1_108' title='bbox 545 1453 687 1494; x_wconf 88' lang='lat' dir='ltr'>emanare</span> <span class='ocrx_word' id='word_1_109' title='bbox 695 1453 790 1509; x_wconf 92' lang='lat' dir='ltr'>vsque</span> <span class='ocrx_word' id='word_1_110' title='bbox 803 1435 854 1492; x_wconf 79' lang='lat' dir='ltr'>in³</span> <span class='ocrx_word' id='word_1_111' title='bbox 871 1435 975 1491; x_wconf 89' lang='lat' dir='ltr'>horam</span> <span class='ocrx_word' id='word_1_112' title='bbox 989 1433 1048 1492; x_wconf 91' lang='lat' dir='ltr'>diei</span> <span class='ocrx_word' id='word_1_113' title='bbox 1066 1435 1222 1506; x_wconf 89' lang='lat' dir='ltr'>sequentis</span> <span class='ocrx_word' id='word_1_114' title='bbox 1234 1435 1354 1492; x_wconf 86' lang='lat' dir='ltr'>tertiam</span> <span class='ocrx_word' id='word_1_115' title='bbox 1367 1453 1428 1492; x_wconf 89' lang='lat' dir='ltr'>non</span> 
     </span>
     <span class='ocr_line' id='line_1_14' title="bbox 280 1521 1431 1596; baseline 0.001 -16"><span class='ocrx_word' id='word_1_116' title='bbox 280 1525 417 1592; x_wconf 91' lang='lat' dir='ltr'>cessauit,</span> <span class='ocrx_word' id='word_1_117' title='bbox 430 1534 460 1582; x_wconf 90' lang='lat' dir='ltr'>et</span> <span class='ocrx_word' id='word_1_118' title='bbox 468 1525 578 1582; x_wconf 90' lang='lat' dir='ltr'>multos</span> <span class='ocrx_word' id='word_1_119' title='bbox 586 1541 682 1594; x_wconf 88' lang='lat' dir='ltr'>cecos,</span> <span class='ocrx_word' id='word_1_120' title='bbox 690 1523 760 1581; x_wconf 90' lang='lat' dir='ltr'>inde</span> <span class='ocrx_word' id='word_1_121' title='bbox 769 1523 876 1593; x_wconf 89' lang='lat' dir='ltr'>linitos,</span> <span class='ocrx_word' id='word_1_122' title='bbox 886 1522 1001 1580; x_wconf 90' lang='lat' dir='ltr'>meritis</span> <span class='ocrx_word' id='word_1_123' title='bbox 1009 1522 1064 1596; x_wconf 82' lang='lat' dir='ltr'>viri</span> <span class='ocrx_word' id='word_1_124' title='bbox 1081 1523 1176 1580; x_wconf 90' lang='lat' dir='ltr'>sancti</span> <span class='ocrx_word' id='word_1_125' title='bbox 1185 1521 1282 1579; x_wconf 89' lang='lat' dir='ltr'>visum</span> <span class='ocrx_word' id='word_1_126' title='bbox 1291 1525 1431 1596; x_wconf 87' lang='lat' dir='ltr'>recipere</span> 
     </span>
     <span class='ocr_line' id='line_1_15' title="bbox 281 1599 1513 1684; baseline 0.002 -17"><span class='ocrx_word' id='word_1_127' title='bbox 281 1611 357 1669; x_wconf 85' lang='lat' dir='ltr'>fecit.</span> <span class='ocrx_word' id='word_1_128' title='bbox 429 1599 667 1670; x_wconf 77' lang='lat' dir='ltr'>‘Infestantibus</span> <span class='ocrx_word' id='word_1_129' title='bbox 684 1629 787 1684; x_wconf 87' lang='lat' dir='ltr'>regem</span> <span class='ocrx_word' id='word_1_130' title='bbox 803 1610 1012 1668; x_wconf 87' lang='lat' dir='ltr'>Ethelstanum</span> <span class='ocrx_word' id='word_1_131' title='bbox 1026 1611 1125 1668; x_wconf 88' lang='lat' dir='ltr'>Scotis</span> <span class='ocrx_word' id='word_1_132' title='bbox 1143 1611 1172 1666; x_wconf 94' lang='lat' dir='ltr'>in</span> <span class='ocrx_word' id='word_1_133' title='bbox 1191 1628 1282 1667; x_wconf 89' lang='lat' dir='ltr'>manu</span> <span class='ocrx_word' id='word_1_134' title='bbox 1300 1612 1402 1670; x_wconf 87' lang='lat' dir='ltr'>valida</span> <span class='ocrx_word' id='word_1_135' title='bbox 1411 1613 1430 1682; x_wconf 81' lang='lat'>³,</span> <span class='ocrx_word' id='word_1_136' title='bbox 1512 1621 1513 1674; x_wconf 65' lang='grc' dir='ltr'><strong>ἴ</strong></span> 
     </span>
     <span class='ocr_line' id='line_1_16' title="bbox 238 1698 1430 1772; baseline 0.004 -18"><span class='ocrx_word' id='word_1_137' title='bbox 238 1719 247 1753; x_wconf 85' lang='grc' dir='ltr'><strong>ι</strong></span> <span class='ocrx_word' id='word_1_138' title='bbox 253 1719 267 1768; x_wconf 85' lang='lat'>⁵</span> <span class='ocrx_word' id='word_1_139' title='bbox 281 1710 459 1772; x_wconf 86' lang='lat' dir='ltr'>congregato</span> <span class='ocrx_word' id='word_1_140' title='bbox 471 1701 604 1756; x_wconf 86' lang='lat' dir='ltr'>exercitu</span> <span class='ocrx_word' id='word_1_141' title='bbox 616 1699 810 1757; x_wconf 89' lang='lat' dir='ltr'>Beuerlacum</span> <span class='ocrx_word' id='word_1_142' title='bbox 823 1699 937 1768; x_wconf 89' lang='lat' dir='ltr'>adiens,</span> <span class='ocrx_word' id='word_1_143' title='bbox 947 1707 1017 1754; x_wconf 89' lang='lat' dir='ltr'>ante</span> <span class='ocrx_word' id='word_1_144' title='bbox 1030 1699 1164 1754; x_wconf 85' lang='lat' dir='ltr'>tumbam</span> <span class='ocrx_word' id='word_1_145' title='bbox 1176 1698 1272 1754; x_wconf 87' lang='lat' dir='ltr'>sancti</span> <span class='ocrx_word' id='word_1_146' title='bbox 1283 1698 1430 1758; x_wconf 85' lang='lat' dir='ltr'>Iohannis</span> 
     </span>
     <span class='ocr_line' id='line_1_17' title="bbox 280 1785 1429 1861; baseline 0.003 -18"><span class='ocrx_word' id='word_1_147' title='bbox 280 1787 425 1860; x_wconf 87' lang='lat' dir='ltr'>prolixius</span> <span class='ocrx_word' id='word_1_148' title='bbox 449 1788 571 1844; x_wconf 87' lang='lat' dir='ltr'>orabat:</span> <span class='ocrx_word' id='word_1_149' title='bbox 590 1796 620 1846; x_wconf 92' lang='lat' dir='ltr'>et</span> <span class='ocrx_word' id='word_1_150' title='bbox 638 1805 799 1860; x_wconf 87' lang='lat' dir='ltr'>exurgens,</span> <span class='ocrx_word' id='word_1_151' title='bbox 818 1804 919 1844; x_wconf 86' lang='lat' dir='ltr'>coram</span> <span class='ocrx_word' id='word_1_152' title='bbox 938 1786 1054 1842; x_wconf 87' lang='lat' dir='ltr'>clericis</span> <span class='ocrx_word' id='word_1_153' title='bbox 1073 1785 1197 1843; x_wconf 87' lang='lat' dir='ltr'>ecclesie</span> <span class='ocrx_word' id='word_1_154' title='bbox 1215 1786 1429 1861; x_wconf 87' lang='lat' dir='ltr'>nobilibusque</span> 
     </span>
    </p>
   </div>
   <div class='ocr_carea' id='block_1_5' title="bbox 280 1873 1514 1949">
    <p class='ocr_par' dir='ltr' id='par_1_5' title="bbox 280 1873 1514 1949">
     <span class='ocr_line' id='line_1_18' title="bbox 280 1873 1514 1949; baseline 0.002 -18"><span class='ocrx_word' id='word_1_155' title='bbox 280 1875 383 1931; x_wconf 87' lang='lat' dir='ltr'>multis</span> <span class='ocrx_word' id='word_1_156' title='bbox 402 1875 442 1932; x_wconf 89' lang='lat' dir='ltr'>ita</span> <span class='ocrx_word' id='word_1_157' title='bbox 460 1893 528 1932; x_wconf 92' lang='lat' dir='ltr'>cum</span> <span class='ocrx_word' id='word_1_158' title='bbox 551 1893 660 1949; x_wconf 90' lang='lat' dir='ltr'>magna</span> <span class='ocrx_word' id='word_1_159' title='bbox 678 1875 845 1932; x_wconf 88' lang='lat' dir='ltr'>humilitate</span> <span class='ocrx_word' id='word_1_160' title='bbox 863 1874 989 1930; x_wconf 83' lang='lat' dir='ltr'>affatur:</span> <span class='ocrx_word' id='word_1_161' title='bbox 1010 1873 1170 1930; x_wconf 87' lang='lat' dir='ltr'>‘Osancte</span> <span class='ocrx_word' id='word_1_162' title='bbox 1184 1873 1336 1932; x_wconf 89' lang='lat' dir='ltr'>Iohannes</span> <span class='ocrx_word' id='word_1_163' title='bbox 1355 1894 1430 1934; x_wconf 89' lang='lat' dir='ltr'>cou-</span> <span class='ocrx_word' id='word_1_164' title='bbox 1513 1936 1514 1940; x_wconf 63' lang='grc'>,</span> 
     </span>
    </p>
   </div>
   <div class='ocr_carea' id='block_1_6' title="bbox 280 1960 1430 2036">
    <p class='ocr_par' dir='ltr' id='par_1_6' title="bbox 280 1960 1430 2036">
     <span class='ocr_line' id='line_1_19' title="bbox 280 1960 1430 2036; baseline -0.001 -17"><span class='ocrx_word' id='word_1_165' title='bbox 280 1963 378 2020; x_wconf 82' lang='lat' dir='ltr'>sessor</span> <span class='ocrx_word' id='word_1_166' title='bbox 390 1963 528 2035; x_wconf 81' lang='lat' dir='ltr'>gloriose,</span> <span class='ocrx_word' id='word_1_167' title='bbox 541 1964 591 2036; x_wconf 89' lang='lat' dir='ltr'>qui</span> <span class='ocrx_word' id='word_1_168' title='bbox 605 1972 647 2019; x_wconf 91' lang='lat' dir='ltr'>tot</span> <span class='ocrx_word' id='word_1_169' title='bbox 659 1963 817 2020; x_wconf 90' lang='lat' dir='ltr'>virtutibus</span> <span class='ocrx_word' id='word_1_170' title='bbox 831 1972 861 2019; x_wconf 91' lang='lat' dir='ltr'>et</span> <span class='ocrx_word' id='word_1_171' title='bbox 873 1961 967 2033; x_wconf 86' lang='lat' dir='ltr'>signis</span> <span class='ocrx_word' id='word_1_172' title='bbox 979 1960 1124 2017; x_wconf 88' lang='lat' dir='ltr'>mirandis</span> <span class='ocrx_word' id='word_1_173' title='bbox 1132 1961 1162 2018; x_wconf 92' lang='lat' dir='ltr'>in</span> <span class='ocrx_word' id='word_1_174' title='bbox 1170 1970 1251 2017; x_wconf 90' lang='lat' dir='ltr'>terra</span> <span class='ocrx_word' id='word_1_175' title='bbox 1263 1962 1430 2036; x_wconf 81' lang='lat' dir='ltr'>prefulges,</span> 
     </span>
    </p>
   </div>
   <div class='ocr_carea' id='block_1_7' title="bbox 282 2049 1514 2124">
    <p class='ocr_par' dir='ltr' id='par_1_7' title="bbox 282 2049 1514 2124">
     <span class='ocr_line' id='line_1_20' title="bbox 282 2049 1514 2124; baseline 0.001 -17"><span class='ocrx_word' id='word_1_176' title='bbox 282 2059 312 2107; x_wconf 91' lang='lat' dir='ltr'>te</span> <span class='ocrx_word' id='word_1_177' title='bbox 325 2051 500 2124; x_wconf 90' lang='lat' dir='ltr'>suppliciter</span> <span class='ocrx_word' id='word_1_178' title='bbox 519 2069 628 2124; x_wconf 87' lang='lat' dir='ltr'>precor</span> <span class='ocrx_word' id='word_1_179' title='bbox 649 2059 679 2107; x_wconf 96' lang='lat' dir='ltr'>et</span> <span class='ocrx_word' id='word_1_180' title='bbox 697 2068 790 2106; x_wconf 86' lang='lat' dir='ltr'>exoro</span> <span class='ocrx_word' id='word_1_181' title='bbox 808 2050 948 2122; x_wconf 81' lang='lat' dir='ltr'>quatinus</span> <span class='ocrx_word' id='word_1_182' title='bbox 967 2049 998 2104; x_wconf 95' lang='lat' dir='ltr'>in</span> <span class='ocrx_word' id='word_1_183' title='bbox 1021 2049 1077 2104; x_wconf 91' lang='lat' dir='ltr'>hoc</span> <span class='ocrx_word' id='word_1_184' title='bbox 1101 2049 1287 2106; x_wconf 84' lang='lat' dir='ltr'>necessitatis</span> <span class='ocrx_word' id='word_1_185' title='bbox 1303 2051 1431 2108; x_wconf 90' lang='lat' dir='ltr'>articulo</span> <span class='ocrx_word' id='word_1_186' title='bbox 1513 2049 1514 2072; x_wconf 65' lang='lat'>¹</span> 
     </span>
    </p>
   </div>
   <div class='ocr_carea' id='block_1_8' title="bbox 237 2135 1433 2652">
    <p class='ocr_par' dir='ltr' id='par_1_8' title="bbox 238 2135 1433 2561">
     <span class='ocr_line' id='line_1_21' title="bbox 238 2135 1430 2210; baseline 0.002 -16"><span class='ocrx_word' id='word_1_187' title='bbox 238 2163 269 2200; x_wconf 81' lang='lat'>20</span> <span class='ocrx_word' id='word_1_188' title='bbox 284 2139 357 2195; x_wconf 89' lang='lat' dir='ltr'>mihi</span> <span class='ocrx_word' id='word_1_189' title='bbox 370 2137 533 2196; x_wconf 89' lang='lat' dir='ltr'>subuenire</span> <span class='ocrx_word' id='word_1_190' title='bbox 546 2137 688 2210; x_wconf 68' lang='lat' dir='ltr'>digneris</span> <span class='ocrx_word' id='word_1_191' title='bbox 701 2147 732 2194; x_wconf 90' lang='lat' dir='ltr'>vt</span> <span class='ocrx_word' id='word_1_192' title='bbox 745 2155 800 2210; x_wconf 92' lang='lat' dir='ltr'>per</span> <span class='ocrx_word' id='word_1_193' title='bbox 812 2138 919 2194; x_wconf 89' lang='lat' dir='ltr'>merita</span> <span class='ocrx_word' id='word_1_194' title='bbox 931 2146 961 2192; x_wconf 87' lang='lat' dir='ltr'>et</span> <span class='ocrx_word' id='word_1_195' title='bbox 970 2135 1218 2194; x_wconf 89' lang='lat' dir='ltr'>intercessionem</span> <span class='ocrx_word' id='word_1_196' title='bbox 1231 2145 1322 2204; x_wconf 87' lang='lat' dir='ltr'>tuam,</span> <span class='ocrx_word' id='word_1_197' title='bbox 1330 2137 1430 2196; x_wconf 90' lang='lat' dir='ltr'>inimi·</span> 
     </span>
     <span class='ocr_line' id='line_1_22' title="bbox 285 2224 1431 2298; baseline 0.001 -16"><span class='ocrx_word' id='word_1_198' title='bbox 285 2244 388 2282; x_wconf 91' lang='lat' dir='ltr'>corum</span> <span class='ocrx_word' id='word_1_199' title='bbox 399 2243 535 2283; x_wconf 89' lang='lat' dir='ltr'>meorum</span> <span class='ocrx_word' id='word_1_200' title='bbox 547 2224 778 2296; x_wconf 83' lang='lat' dir='ltr'>infestationem,</span> <span class='ocrx_word' id='word_1_201' title='bbox 790 2235 820 2282; x_wconf 91' lang='lat' dir='ltr'>te</span> <span class='ocrx_word' id='word_1_202' title='bbox 834 2225 1047 2298; x_wconf 82' lang='lat' dir='ltr'>patrocinante,</span> <span class='ocrx_word' id='word_1_203' title='bbox 1060 2240 1205 2296; x_wconf 87' lang='lat' dir='ltr'>superare</span> <span class='ocrx_word' id='word_1_204' title='bbox 1216 2224 1351 2282; x_wconf 68' lang='lat' dir='ltr'>valeam!</span> <span class='ocrx_word' id='word_1_205' title='bbox 1392 2227 1431 2283; x_wconf 88' lang='lat' dir='ltr'>Et</span> 
     </span>
     <span class='ocr_line' id='line_1_23' title="bbox 282 2311 1433 2385; baseline 0.002 -15"><span class='ocrx_word' id='word_1_206' title='bbox 282 2314 445 2372; x_wconf 85' lang='lat' dir='ltr'>extrahens</span> <span class='ocrx_word' id='word_1_207' title='bbox 473 2313 625 2370; x_wconf 91' lang='lat' dir='ltr'>cultellum</span> <span class='ocrx_word' id='word_1_208' title='bbox 653 2331 741 2370; x_wconf 88' lang='lat' dir='ltr'>suum</span> <span class='ocrx_word' id='word_1_209' title='bbox 766 2314 804 2370; x_wconf 92' lang='lat' dir='ltr'>de</span> <span class='ocrx_word' id='word_1_210' title='bbox 829 2311 946 2385; x_wconf 88' lang='lat' dir='ltr'>vagina,</span> <span class='ocrx_word' id='word_1_211' title='bbox 970 2311 1069 2384; x_wconf 87' lang='lat' dir='ltr'>posuit</span> <span class='ocrx_word' id='word_1_212' title='bbox 1098 2311 1179 2367; x_wconf 88' lang='lat' dir='ltr'>illurn</span> <span class='ocrx_word' id='word_1_213' title='bbox 1208 2329 1302 2384; x_wconf 91' lang='lat' dir='ltr'>super</span> <span class='ocrx_word' id='word_1_214' title='bbox 1326 2313 1433 2384; x_wconf 81' lang='lat' dir='ltr'>altare,</span> 
     </span>
     <span class='ocr_line' id='line_1_24' title="bbox 281 2399 1433 2473; baseline 0.003 -17"><span class='ocrx_word' id='word_1_215' title='bbox 281 2400 404 2458; x_wconf 88' lang='lat' dir='ltr'>dicens:</span> <span class='ocrx_word' id='word_1_216' title='bbox 426 2401 523 2458; x_wconf 88' lang='lat' dir='ltr'>‘Ecce</span> <span class='ocrx_word' id='word_1_217' title='bbox 539 2401 660 2458; x_wconf 87' lang='lat' dir='ltr'>vadium</span> <span class='ocrx_word' id='word_1_218' title='bbox 683 2418 783 2458; x_wconf 90' lang='lat' dir='ltr'>meum</span> <span class='ocrx_word' id='word_1_219' title='bbox 806 2417 906 2457; x_wconf 90' lang='lat' dir='ltr'>coram</span> <span class='ocrx_word' id='word_1_220' title='bbox 924 2409 954 2457; x_wconf 89' lang='lat' dir='ltr'>te</span> <span class='ocrx_word' id='word_1_221' title='bbox 975 2417 1072 2472; x_wconf 89' lang='lat' dir='ltr'>pono:</span> <span class='ocrx_word' id='word_1_222' title='bbox 1093 2401 1172 2473; x_wconf 92' lang='lat' dir='ltr'>quod</span> <span class='ocrx_word' id='word_1_223' title='bbox 1191 2399 1251 2457; x_wconf 87' lang='lat' dir='ltr'>vita</span> <span class='ocrx_word' id='word_1_224' title='bbox 1267 2401 1378 2459; x_wconf 89' lang='lat' dir='ltr'>comite</span> <span class='ocrx_word' id='word_1_225' title='bbox 1401 2403 1433 2459; x_wconf 93' lang='lat' dir='ltr'>in</span> 
     </span>
     <span class='ocr_line' id='line_1_25' title="bbox 282 2487 1433 2561; baseline 0.004 -18"><span class='ocrx_word' id='word_1_226' title='bbox 282 2489 379 2544; x_wconf 90' lang='lat' dir='ltr'>reditu</span> <span class='ocrx_word' id='word_1_227' title='bbox 389 2505 457 2545; x_wconf 87' lang='lat' dir='ltr'>meo</span> <span class='ocrx_word' id='word_1_228' title='bbox 468 2487 626 2561; x_wconf 90' lang='lat' dir='ltr'>recipiens,</span> <span class='ocrx_word' id='word_1_229' title='bbox 636 2489 793 2547; x_wconf 89' lang='lat' dir='ltr'>ecclesiam</span> <span class='ocrx_word' id='word_1_230' title='bbox 802 2497 883 2544; x_wconf 89' lang='lat' dir='ltr'>tuam</span> <span class='ocrx_word' id='word_1_231' title='bbox 893 2487 1068 2544; x_wconf 91' lang='lat' dir='ltr'>muneribus</span> <span class='ocrx_word' id='word_1_232' title='bbox 1077 2487 1279 2544; x_wconf 87' lang='lat' dir='ltr'>honorificabo</span> <span class='ocrx_word' id='word_1_233' title='bbox 1289 2497 1320 2544; x_wconf 91' lang='lat' dir='ltr'>et</span> <span class='ocrx_word' id='word_1_234' title='bbox 1329 2491 1433 2548; x_wconf 88' lang='lat' dir='ltr'>reddi·</span> 
     </span>
    </p>

    <p class='ocr_par' dir='ltr' id='par_1_9' title="bbox 237 2574 1433 2652">
     <span class='ocr_line' id='line_1_26' title="bbox 237 2574 1433 2652; baseline 0.001 -18"><span class='ocrx_word' id='word_1_235' title='bbox 237 2601 267 2652; x_wconf 82' lang='lat'>²5</span> <span class='ocrx_word' id='word_1_236' title='bbox 282 2574 361 2632; x_wconf 92' lang='lat' dir='ltr'>tibus</span> <span class='ocrx_word' id='word_1_237' title='bbox 369 2577 495 2648; x_wconf 87' lang='lat' dir='ltr'>augebo,</span> <span class='ocrx_word' id='word_1_238' title='bbox 503 2576 530 2633; x_wconf 91' lang='lat' dir='ltr'>si</span> <span class='ocrx_word' id='word_1_239' title='bbox 542 2577 693 2634; x_wconf 87' lang='lat' dir='ltr'>mediante</span> <span class='ocrx_word' id='word_1_240' title='bbox 703 2585 754 2632; x_wconf 89' lang='lat' dir='ltr'>tuo</span> <span class='ocrx_word' id='word_1_241' title='bbox 762 2575 872 2632; x_wconf 85' lang='lat' dir='ltr'>auxilio</span> <span class='ocrx_word' id='word_1_242' title='bbox 881 2576 1031 2648; x_wconf 89' lang='lat' dir='ltr'>superatis</span> <span class='ocrx_word' id='word_1_243' title='bbox 1041 2575 1177 2632; x_wconf 89' lang='lat' dir='ltr'>hostibus</span> <span class='ocrx_word' id='word_1_244' title='bbox 1186 2577 1279 2633; x_wconf 89' lang='lat' dir='ltr'>victor</span> <span class='ocrx_word' id='word_1_245' title='bbox 1293 2577 1433 2636; x_wconf 63' lang='lat' dir='ltr'>rediero)</span> 
     </span>
    </p>
   </div>
   <div class='ocr_carea' id='block_1_9' title="bbox 284 2661 1515 2737">
    <p class='ocr_par' dir='ltr' id='par_1_10' title="bbox 284 2661 1515 2737">
     <span class='ocr_line' id='line_1_27' title="bbox 284 2661 1515 2737; baseline 0.005 -19"><span class='ocrx_word' id='word_1_246' title='bbox 284 2661 366 2719; x_wconf 88' lang='lat' dir='ltr'>Fecit</span> <span class='ocrx_word' id='word_1_247' title='bbox 376 2673 475 2720; x_wconf 89' lang='lat' dir='ltr'>autem</span> <span class='ocrx_word' id='word_1_248' title='bbox 487 2681 541 2721; x_wconf 85' lang='lat' dir='ltr'>rex</span> <span class='ocrx_word' id='word_1_249' title='bbox 551 2665 701 2736; x_wconf 89' lang='lat' dir='ltr'>quoddam</span> <span class='ocrx_word' id='word_1_250' title='bbox 712 2663 855 2720; x_wconf 85' lang='lat' dir='ltr'>vexillum</span> <span class='ocrx_word' id='word_1_251' title='bbox 865 2663 903 2718; x_wconf 91' lang='lat' dir='ltr'>de</span> <span class='ocrx_word' id='word_1_252' title='bbox 913 2664 1018 2719; x_wconf 89' lang='lat' dir='ltr'>eadem</span> <span class='ocrx_word' id='word_1_253' title='bbox 1027 2663 1154 2719; x_wconf 91' lang='lat' dir='ltr'>ecclesia</span> <span class='ocrx_word' id='word_1_254' title='bbox 1164 2662 1221 2719; x_wconf 92' lang='lat' dir='ltr'>sibi</span> <span class='ocrx_word' id='word_1_255' title='bbox 1230 2663 1361 2737; x_wconf 80' lang='lat' dir='ltr'>preferri</span> <span class='ocrx_word' id='word_1_256' title='bbox 1373 2685 1381 2722; x_wconf 89' lang='lat'>:</span> <span class='ocrx_word' id='word_1_257' title='bbox 1402 2677 1434 2724; x_wconf 93' lang='lat' dir='ltr'>et</span> <span class='ocrx_word' id='word_1_258' title='bbox 1514 2703 1515 2706; x_wconf 60' lang='lat'><em>=</em></span> 
     </span>
    </p>
   </div>
   <div class='ocr_carea' id='block_1_10' title="bbox 236 2750 1437 4160">
    <p class='ocr_par' dir='ltr' id='par_1_11' title="bbox 236 2750 1437 4160">
     <span class='ocr_line' id='line_1_28' title="bbox 282 2750 1433 2824; baseline 0.003 -18"><span class='ocrx_word' id='word_1_259' title='bbox 282 2751 384 2807; x_wconf 87' lang='lat' dir='ltr'>audito</span> <span class='ocrx_word' id='word_1_260' title='bbox 397 2751 462 2806; x_wconf 91' lang='lat' dir='ltr'>eius</span> <span class='ocrx_word' id='word_1_261' title='bbox 470 2753 609 2822; x_wconf 89' lang='lat' dir='ltr'>aduentu,</span> <span class='ocrx_word' id='word_1_262' title='bbox 619 2751 701 2808; x_wconf 90' lang='lat' dir='ltr'>Scoti</span> <span class='ocrx_word' id='word_1_263' title='bbox 710 2751 851 2824; x_wconf 88' lang='lat' dir='ltr'>Angliam</span> <span class='ocrx_word' id='word_1_264' title='bbox 860 2751 1004 2806; x_wconf 89' lang='lat' dir='ltr'>deserunt</span> <span class='ocrx_word' id='word_1_265' title='bbox 1016 2759 1045 2807; x_wconf 90' lang='lat' dir='ltr'>et</span> <span class='ocrx_word' id='word_1_266' title='bbox 1055 2750 1132 2807; x_wconf 87' lang='lat' dir='ltr'>vltra</span> <span class='ocrx_word' id='word_1_267' title='bbox 1144 2767 1228 2808; x_wconf 89' lang='lat' dir='ltr'>mare</span> <span class='ocrx_word' id='word_1_268' title='bbox 1238 2753 1385 2809; x_wconf 90' lang='lat' dir='ltr'>scoticum</span> <span class='ocrx_word' id='word_1_269' title='bbox 1397 2771 1433 2810; x_wconf 93' lang='lat' dir='ltr'>se</span> 
     </span>
     <span class='ocr_line' id='line_1_29' title="bbox 280 2837 1436 2914; baseline 0.005 -21"><span class='ocrx_word' id='word_1_270' title='bbox 280 2837 505 2907; x_wconf 67' lang='lat' dir='ltr'>transferentes</span> <span class='ocrx_word' id='word_1_271' title='bbox 524 2838 590 2895; x_wconf 90' lang='lat' dir='ltr'>eius</span> <span class='ocrx_word' id='word_1_272' title='bbox 611 2839 773 2895; x_wconf 87' lang='lat' dir='ltr'>aduentum</span> <span class='ocrx_word' id='word_1_273' title='bbox 796 2846 965 2911; x_wconf 84' lang='lat' dir='ltr'>expectant.</span> <span class='ocrx_word' id='word_1_274' title='bbox 1010 2837 1086 2910; x_wconf 84' lang='lat' dir='ltr'>Regi</span> <span class='ocrx_word' id='word_1_275' title='bbox 1111 2847 1221 2908; x_wconf 89' lang='lat' dir='ltr'>autem,</span> <span class='ocrx_word' id='word_1_276' title='bbox 1243 2839 1313 2896; x_wconf 82' lang='lat' dir='ltr'>fixis</span> <span class='ocrx_word' id='word_1_277' title='bbox 1338 2859 1436 2914; x_wconf 86' lang='lat' dir='ltr'>super</span> 
     </span>
     <span class='ocr_line' id='line_1_30' title="bbox 281 2923 1434 2999; baseline 0.005 -19"><span class='ocrx_word' id='word_1_278' title='bbox 281 2923 379 2998; x_wconf 92' lang='lat' dir='ltr'>ripam</span> <span class='ocrx_word' id='word_1_279' title='bbox 404 2925 537 2982; x_wconf 75' lang='lat' dir='ltr'>{luminis</span> <span class='ocrx_word' id='word_1_280' title='bbox 566 2927 710 2996; x_wconf 86' lang='lat' dir='ltr'>tentoriis,</span> <span class='ocrx_word' id='word_1_281' title='bbox 734 2925 872 2999; x_wconf 90' lang='lat' dir='ltr'>apparuit</span> <span class='ocrx_word' id='word_1_282' title='bbox 904 2925 935 2981; x_wconf 92' lang='lat' dir='ltr'>in</span> <span class='ocrx_word' id='word_1_283' title='bbox 959 2925 1025 2982; x_wconf 83' lang='lat' dir='ltr'>visu</span> <span class='ocrx_word' id='word_1_284' title='bbox 1056 2925 1178 2998; x_wconf 87' lang='lat' dir='ltr'>quidam</span> <span class='ocrx_word' id='word_1_285' title='bbox 1209 2926 1434 2998; x_wconf 87' lang='lat' dir='ltr'>pontificalibus</span> 
     </span>
     <span class='ocr_line' id='line_1_31' title="bbox 236 3011 1433 3084; baseline 0.003 -13"><span class='ocrx_word' id='word_1_286' title='bbox 236 3035 268 3083; x_wconf 81' lang='lat'>30</span> <span class='ocrx_word' id='word_1_287' title='bbox 281 3011 413 3084; x_wconf 79' lang='lat' dir='ltr'>indutae,</span> <span class='ocrx_word' id='word_1_288' title='bbox 427 3013 469 3070; x_wconf 92' lang='lat' dir='ltr'>sic</span> <span class='ocrx_word' id='word_1_289' title='bbox 482 3015 603 3071; x_wconf 91' lang='lat' dir='ltr'>dicens:</span> <span class='ocrx_word' id='word_1_290' title='bbox 624 3013 837 3070; x_wconf 64' lang='lat' dir='ltr'>‘Ethetstanet</span> <span class='ocrx_word' id='word_1_291' title='bbox 851 3030 914 3082; x_wconf 86' lang='lat' dir='ltr'>rex,</span> <span class='ocrx_word' id='word_1_292' title='bbox 928 3011 1037 3069; x_wconf 82' lang='lat' dir='ltr'>festina</span> <span class='ocrx_word' id='word_1_293' title='bbox 1050 3030 1139 3070; x_wconf 86' lang='lat' dir='ltr'>mane</span> <span class='ocrx_word' id='word_1_294' title='bbox 1152 3013 1265 3070; x_wconf 89' lang='lat' dir='ltr'>flumen</span> <span class='ocrx_word' id='word_1_295' title='bbox 1278 3017 1412 3075; x_wconf 82' lang='lat' dir='ltr'>transire</span> <span class='ocrx_word' id='word_1_296' title='bbox 1425 3037 1433 3074; x_wconf 91' lang='lat'>:</span> 
     </span>
     <span class='ocr_line' id='line_1_32' title="bbox 282 3100 1434 3174; baseline 0.003 -16"><span class='ocrx_word' id='word_1_297' title='bbox 282 3119 339 3173; x_wconf 86' lang='lat' dir='ltr'>ego</span> <span class='ocrx_word' id='word_1_298' title='bbox 359 3119 426 3158; x_wconf 91' lang='lat' dir='ltr'>sum</span> <span class='ocrx_word' id='word_1_299' title='bbox 447 3101 599 3158; x_wconf 90' lang='lat' dir='ltr'>lohannes</span> <span class='ocrx_word' id='word_1_300' title='bbox 618 3103 797 3174; x_wconf 88' lang='lat' dir='ltr'>episcopus:</span> <span class='ocrx_word' id='word_1_301' title='bbox 817 3100 880 3157; x_wconf 91' lang='lat' dir='ltr'>noli</span> <span class='ocrx_word' id='word_1_302' title='bbox 897 3100 1023 3158; x_wconf 90' lang='lat' dir='ltr'>timere:</span> <span class='ocrx_word' id='word_1_303' title='bbox 1043 3119 1114 3159; x_wconf 91' lang='lat' dir='ltr'>ecce</span> <span class='ocrx_word' id='word_1_304' title='bbox 1133 3101 1257 3158; x_wconf 88' lang='lat' dir='ltr'>victoria</span> <span class='ocrx_word' id='word_1_305' title='bbox 1281 3101 1312 3158; x_wconf 90' lang='lat' dir='ltr'>iu</span> <span class='ocrx_word' id='word_1_306' title='bbox 1333 3117 1434 3162; x_wconf 86' lang='lat' dir='ltr'>manu</span> 
     </span>
     <span class='ocr_line' id='line_1_33' title="bbox 281 3187 1434 3262; baseline 0.005 -18"><span class='ocrx_word' id='word_1_307' title='bbox 281 3197 333 3245; x_wconf 87' lang='lat' dir='ltr'>tua</span> <span class='ocrx_word' id='word_1_308' title='bbox 351 3199 405 3257; x_wconf 88' lang='lat' dir='ltr'>est,</span> <span class='ocrx_word' id='word_1_309' title='bbox 419 3207 510 3262; x_wconf 90' lang='lat' dir='ltr'>quam</span> <span class='ocrx_word' id='word_1_310' title='bbox 529 3188 581 3245; x_wconf 90' lang='lat' dir='ltr'>tibi</span> <span class='ocrx_word' id='word_1_311' title='bbox 598 3188 739 3246; x_wconf 88' lang='lat' dir='ltr'>nunciare</span> <span class='ocrx_word' id='word_1_312' title='bbox 751 3187 840 3246; x_wconf 69' lang='lat' dir='ltr'>veni!</span> <span class='ocrx_word' id='word_1_313' title='bbox 878 3188 968 3245; x_wconf 86' lang='lat' dir='ltr'>Mane</span> <span class='ocrx_word' id='word_1_314' title='bbox 980 3206 1052 3246; x_wconf 91' lang='lat' dir='ltr'>vero</span> <span class='ocrx_word' id='word_1_315' title='bbox 1071 3189 1197 3246; x_wconf 86' lang='lat' dir='ltr'>transita</span> <span class='ocrx_word' id='word_1_316' title='bbox 1216 3206 1293 3262; x_wconf 89' lang='lat' dir='ltr'>aqua</span> <span class='ocrx_word' id='word_1_317' title='bbox 1312 3200 1343 3248; x_wconf 89' lang='lat' dir='ltr'>et</span> <span class='ocrx_word' id='word_1_318' title='bbox 1363 3209 1434 3250; x_wconf 89' lang='lat' dir='ltr'>con-</span> 
     </span>
     <span class='ocr_line' id='line_1_34' title="bbox 282 3275 1436 3350; baseline 0.006 -19"><span class='ocrx_word' id='word_1_319' title='bbox 282 3285 362 3332; x_wconf 89' lang='lat' dir='ltr'>serto</span> <span class='ocrx_word' id='word_1_320' title='bbox 382 3276 466 3350; x_wconf 87' lang='lat' dir='ltr'>graui</span> <span class='ocrx_word' id='word_1_321' title='bbox 486 3276 589 3349; x_wconf 90' lang='lat' dir='ltr'>prelio,</span> <span class='ocrx_word' id='word_1_322' title='bbox 609 3275 710 3333; x_wconf 90' lang='lat' dir='ltr'>multis</span> <span class='ocrx_word' id='word_1_323' title='bbox 730 3276 890 3334; x_wconf 87' lang='lat' dir='ltr'>Scotorum</span> <span class='ocrx_word' id='word_1_324' title='bbox 913 3275 944 3331; x_wconf 90' lang='lat' dir='ltr'>in</span> <span class='ocrx_word' id='word_1_325' title='bbox 964 3294 1017 3332; x_wconf 91' lang='lat' dir='ltr'>ore</span> <span class='ocrx_word' id='word_1_326' title='bbox 1038 3275 1127 3350; x_wconf 88' lang='lat' dir='ltr'>gladii</span> <span class='ocrx_word' id='word_1_327' title='bbox 1147 3276 1253 3334; x_wconf 85' lang='lat' dir='ltr'>occisis</span> <span class='ocrx_word' id='word_1_328' title='bbox 1274 3295 1330 3334; x_wconf 86' lang='lat' dir='ltr'>rex</span> <span class='ocrx_word' id='word_1_329' title='bbox 1354 3280 1436 3338; x_wconf 88' lang='lat' dir='ltr'>letus</span> 
     </span>
     <span class='ocr_line' id='line_1_35' title="bbox 282 3351 1434 3437; baseline 0.004 -17"><span class='ocrx_word' id='word_1_330' title='bbox 282 3363 405 3420; x_wconf 85' lang='lat' dir='ltr'>effectus</span> <span class='ocrx_word' id='word_1_331' title='bbox 417 3364 528 3436; x_wconf 84' lang='lat' dir='ltr'>gratias</span> <span class='ocrx_word' id='word_1_332' title='bbox 541 3365 600 3437; x_wconf 89' lang='lat' dir='ltr'>egit</span> <span class='ocrx_word' id='word_1_333' title='bbox 620 3365 687 3420; x_wconf 86' lang='lat' dir='ltr'>deo.</span> <span class='ocrx_word' id='word_1_334' title='bbox 758 3363 769 3396; x_wconf 74' lang='lat'>²</span> <span class='ocrx_word' id='word_1_335' title='bbox 782 3351 896 3422; x_wconf 87' lang='lat' dir='ltr'>lterum</span> <span class='ocrx_word' id='word_1_336' title='bbox 909 3382 982 3421; x_wconf 90' lang='lat' dir='ltr'>vero</span> <span class='ocrx_word' id='word_1_337' title='bbox 995 3363 1064 3437; x_wconf 92' lang='lat' dir='ltr'>quia</span> <span class='ocrx_word' id='word_1_338' title='bbox 1077 3382 1132 3421; x_wconf 87' lang='lat' dir='ltr'>rex</span> <span class='ocrx_word' id='word_1_339' title='bbox 1146 3365 1304 3422; x_wconf 91' lang='lat' dir='ltr'>Scotorum</span> <span class='ocrx_word' id='word_1_340' title='bbox 1319 3367 1434 3425; x_wconf 89' lang='lat' dir='ltr'>incom-</span> 
     </span>
     <span class='ocr_line' id='line_1_36' title="bbox 237 3450 1435 3528; baseline 0.005 -22"><span class='ocrx_word' id='word_1_341' title='bbox 237 3476 267 3528; x_wconf 81' lang='lat'>35</span> <span class='ocrx_word' id='word_1_342' title='bbox 283 3450 388 3523; x_wconf 92' lang='lat' dir='ltr'>pulsus</span> <span class='ocrx_word' id='word_1_343' title='bbox 408 3459 511 3507; x_wconf 91' lang='lat' dir='ltr'>contra</span> <span class='ocrx_word' id='word_1_344' title='bbox 532 3469 601 3508; x_wconf 91' lang='lat' dir='ltr'>eum</span> <span class='ocrx_word' id='word_1_345' title='bbox 621 3459 803 3522; x_wconf 86' lang='lat' dir='ltr'>surrexerat,</span> <span class='ocrx_word' id='word_1_346' title='bbox 819 3460 998 3524; x_wconf 85' lang='lat' dir='ltr'>congregato</span> <span class='ocrx_word' id='word_1_347' title='bbox 1017 3451 1150 3508; x_wconf 89' lang='lat' dir='ltr'>exercitu</span> <span class='ocrx_word' id='word_1_348' title='bbox 1170 3461 1272 3509; x_wconf 86' lang='lat' dir='ltr'>contra</span> <span class='ocrx_word' id='word_1_349' title='bbox 1292 3454 1435 3512; x_wconf 90' lang='lat' dir='ltr'>inimicos</span> 
     </span>
     <span class='ocr_line' id='line_1_37' title="bbox 284 3538 1435 3614; baseline 0.006 -20"><span class='ocrx_word' id='word_1_350' title='bbox 284 3540 463 3611; x_wconf 88' lang='lat' dir='ltr'>precedens,</span> <span class='ocrx_word' id='word_1_351' title='bbox 476 3539 566 3595; x_wconf 88' lang='lat' dir='ltr'>deum</span> <span class='ocrx_word' id='word_1_352' title='bbox 585 3541 700 3612; x_wconf 87' lang='lat' dir='ltr'>rogauit</span> <span class='ocrx_word' id='word_1_353' title='bbox 719 3548 751 3595; x_wconf 90' lang='lat' dir='ltr'>vt</span> <span class='ocrx_word' id='word_1_354' title='bbox 775 3556 865 3611; x_wconf 88' lang='lat' dir='ltr'>prece</span> <span class='ocrx_word' id='word_1_355' title='bbox 888 3541 982 3596; x_wconf 90' lang='lat' dir='ltr'>sancti</span> <span class='ocrx_word' id='word_1_356' title='bbox 1006 3538 1148 3596; x_wconf 84' lang='lat' dir='ltr'>iohannis</span> <span class='ocrx_word' id='word_1_357' title='bbox 1168 3539 1287 3612; x_wconf 87' lang='lat' dir='ltr'>aliquod</span> <span class='ocrx_word' id='word_1_358' title='bbox 1310 3541 1435 3614; x_wconf 84' lang='lat' dir='ltr'>signum</span> 
     </span>
     <span class='ocr_line' id='line_1_38' title="bbox 283 3625 1436 3700; baseline 0.006 -18"><span class='ocrx_word' id='word_1_359' title='bbox 283 3625 410 3682; x_wconf 90' lang='lat' dir='ltr'>euidens</span> <span class='ocrx_word' id='word_1_360' title='bbox 418 3627 600 3695; x_wconf 86' lang='lat' dir='ltr'>ostenderet,</span> <span class='ocrx_word' id='word_1_361' title='bbox 609 3645 670 3698; x_wconf 92' lang='lat' dir='ltr'>quo</span> <span class='ocrx_word' id='word_1_362' title='bbox 682 3636 843 3699; x_wconf 89' lang='lat' dir='ltr'>presentes</span> <span class='ocrx_word' id='word_1_363' title='bbox 854 3635 883 3683; x_wconf 88' lang='lat' dir='ltr'>et</span> <span class='ocrx_word' id='word_1_364' title='bbox 896 3627 986 3682; x_wconf 82' lang='lat' dir='ltr'>futuri</span> <span class='ocrx_word' id='word_1_365' title='bbox 996 3645 1179 3700; x_wconf 88' lang='lat' dir='ltr'>cognoscere</span> <span class='ocrx_word' id='word_1_366' title='bbox 1187 3638 1313 3700; x_wconf 89' lang='lat' dir='ltr'>possent</span> <span class='ocrx_word' id='word_1_367' title='bbox 1324 3628 1436 3689; x_wconf 84' lang='lat' dir='ltr'>scotos</span> 
     </span>
     <span class='ocr_line' id='line_1_39' title="bbox 284 3712 1435 3789; baseline 0.007 -21"><span class='ocrx_word' id='word_1_368' title='bbox 284 3713 322 3769; x_wconf 91' lang='lat' dir='ltr'>de</span> <span class='ocrx_word' id='word_1_369' title='bbox 334 3712 399 3770; x_wconf 90' lang='lat' dir='ltr'>iure</span> <span class='ocrx_word' id='word_1_370' title='bbox 409 3714 519 3787; x_wconf 82' lang='lat' dir='ltr'>Anglis</span> <span class='ocrx_word' id='word_1_371' title='bbox 531 3715 641 3771; x_wconf 87' lang='lat' dir='ltr'>debere</span> <span class='ocrx_word' id='word_1_372' title='bbox 655 3714 817 3786; x_wconf 86' lang='lat' dir='ltr'>subiugari.</span> <span class='ocrx_word' id='word_1_373' title='bbox 852 3713 941 3770; x_wconf 93' lang='lat' dir='ltr'>Vnde</span> <span class='ocrx_word' id='word_1_374' title='bbox 953 3733 1008 3772; x_wconf 86' lang='lat' dir='ltr'>rex</span> <span class='ocrx_word' id='word_1_375' title='bbox 1020 3732 1089 3772; x_wconf 91' lang='lat' dir='ltr'>cum</span> <span class='ocrx_word' id='word_1_376' title='bbox 1102 3715 1200 3788; x_wconf 87' lang='lat' dir='ltr'>gladio</span> <span class='ocrx_word' id='word_1_377' title='bbox 1212 3731 1267 3772; x_wconf 88' lang='lat' dir='ltr'>suo</span> <span class='ocrx_word' id='word_1_378' title='bbox 1281 3719 1435 3789; x_wconf 88' lang='lat' dir='ltr'>percussit</span> 
     </span>
     <span class='ocr_line' id='line_1_40' title="bbox 282 3801 1436 3876; baseline 0.005 -18"><span class='ocrx_word' id='word_1_379' title='bbox 282 3801 439 3873; x_wconf 85' lang='lat' dir='ltr'>scopulum</span> <span class='ocrx_word' id='word_1_380' title='bbox 452 3801 603 3873; x_wconf 85' lang='lat' dir='ltr'>quendam</span> <span class='ocrx_word' id='word_1_381' title='bbox 620 3801 702 3858; x_wconf 85' lang='lat' dir='ltr'>iuxta</span> <span class='ocrx_word' id='word_1_382' title='bbox 716 3801 842 3858; x_wconf 89' lang='lat' dir='ltr'>Dunbar</span> <span class='ocrx_word' id='word_1_383' title='bbox 857 3811 1007 3859; x_wconf 84' lang='lat' dir='ltr'>castrum:</span> <span class='ocrx_word' id='word_1_384' title='bbox 1028 3813 1058 3859; x_wconf 90' lang='lat' dir='ltr'>et</span> <span class='ocrx_word' id='word_1_385' title='bbox 1070 3821 1165 3876; x_wconf 89' lang='lat' dir='ltr'>vsque</span> <span class='ocrx_word' id='word_1_386' title='bbox 1184 3802 1273 3859; x_wconf 93' lang='lat' dir='ltr'>hodie</span> <span class='ocrx_word' id='word_1_387' title='bbox 1290 3805 1330 3860; x_wconf 86' lang='lat' dir='ltr'>ad</span> <span class='ocrx_word' id='word_1_388' title='bbox 1347 3821 1436 3864; x_wconf 89' lang='lat' dir='ltr'>men-</span> 
     </span>
     <span class='ocr_line' id='line_1_41' title="bbox 236 3887 1436 3965; baseline 0.005 -20"><span class='ocrx_word' id='word_1_389' title='bbox 236 3914 270 3964; x_wconf 72' lang='lat'>40</span> <span class='ocrx_word' id='word_1_390' title='bbox 284 3905 386 3945; x_wconf 89' lang='lat' dir='ltr'>suram</span> <span class='ocrx_word' id='word_1_391' title='bbox 394 3889 465 3946; x_wconf 91' lang='lat' dir='ltr'>vlne</span> <span class='ocrx_word' id='word_1_392' title='bbox 478 3906 518 3944; x_wconf 86' lang='lat' dir='ltr'>ex</span> <span class='ocrx_word' id='word_1_393' title='bbox 530 3887 588 3944; x_wconf 91' lang='lat' dir='ltr'>ictu</span> <span class='ocrx_word' id='word_1_394' title='bbox 601 3899 729 3946; x_wconf 87' lang='lat' dir='ltr'>canatur.</span> <span class='ocrx_word' id='word_1_395' title='bbox 768 3888 837 3947; x_wconf 84' lang='lat' dir='ltr'>Rex</span> <span class='ocrx_word' id='word_1_396' title='bbox 845 3891 945 3963; x_wconf 89' lang='lat' dir='ltr'>itaque</span> <span class='ocrx_word' id='word_1_397' title='bbox 957 3891 1068 3963; x_wconf 89' lang='lat' dir='ltr'>adepto</span> <span class='ocrx_word' id='word_1_398' title='bbox 1078 3891 1116 3948; x_wconf 90' lang='lat' dir='ltr'>de</span> <span class='ocrx_word' id='word_1_399' title='bbox 1129 3890 1257 3948; x_wconf 89' lang='lat' dir='ltr'>inimicis</span> <span class='ocrx_word' id='word_1_400' title='bbox 1269 3891 1436 3965; x_wconf 89' lang='lat' dir='ltr'>triumpho,</span> 
     </span>
     <span class='ocr_line' id='line_1_42' title="bbox 282 3975 1435 4052; baseline 0.005 -19"><span class='ocrx_word' id='word_1_401' title='bbox 282 3975 405 4034; x_wconf 89' lang='lat' dir='ltr'>rediens</span> <span class='ocrx_word' id='word_1_402' title='bbox 422 3993 529 4050; x_wconf 88' lang='lat' dir='ltr'>pacem</span> <span class='ocrx_word' id='word_1_403' title='bbox 548 3985 650 4034; x_wconf 88' lang='lat' dir='ltr'>sancto</span> <span class='ocrx_word' id='word_1_404' title='bbox 666 3976 791 4034; x_wconf 86' lang='lat' dir='ltr'>Iohanni</span> <span class='ocrx_word' id='word_1_405' title='bbox 804 3977 842 4033; x_wconf 86' lang='lat' dir='ltr'>ab</span> <span class='ocrx_word' id='word_1_406' title='bbox 854 3977 993 4035; x_wconf 91' lang='lat' dir='ltr'>omnibus</span> <span class='ocrx_word' id='word_1_407' title='bbox 1012 3979 1173 4036; x_wconf 88' lang='lat' dir='ltr'>tenendam</span> <span class='ocrx_word' id='word_1_408' title='bbox 1192 3978 1327 4046; x_wconf 88' lang='lat' dir='ltr'>instituit,</span> <span class='ocrx_word' id='word_1_409' title='bbox 1341 3997 1435 4052; x_wconf 84' lang='lat' dir='ltr'>quam</span> 
     </span>
     <span class='ocr_line' id='line_1_43' title="bbox 283 4063 1437 4160; baseline 0.006 -40"><span class='ocrx_word' id='word_1_410' title='bbox 283 4063 448 4138; x_wconf 82' lang='lat' dir='ltr'>infringere</span> <span class='ocrx_word' id='word_1_411' title='bbox 466 4064 548 4121; x_wconf 87' lang='lat' dir='ltr'>nulla</span> <span class='ocrx_word' id='word_1_412' title='bbox 560 4064 676 4122; x_wconf 88' lang='lat' dir='ltr'>ratione</span> <span class='ocrx_word' id='word_1_413' title='bbox 688 4065 894 4160; x_wconf 70' lang='lat' dir='ltr'>vllotempore</span> <span class='ocrx_word' id='word_1_414' title='bbox 912 4065 1007 4123; x_wconf 87' lang='lat' dir='ltr'>liceat.</span> <span class='ocrx_word' id='word_1_415' title='bbox 1042 4065 1144 4122; x_wconf 88' lang='lat' dir='ltr'>Vnum</span> <span class='ocrx_word' id='word_1_416' title='bbox 1163 4065 1279 4122; x_wconf 87' lang='lat' dir='ltr'>miliare</span> <span class='ocrx_word' id='word_1_417' title='bbox 1296 4067 1336 4123; x_wconf 83' lang='lat' dir='ltr'>ad</span> <span class='ocrx_word' id='word_1_418' title='bbox 1355 4069 1437 4128; x_wconf 90' lang='lat' dir='ltr'>hanc</span> 
     </span>
    </p>
   </div>
   <div class='ocr_carea' id='block_1_11' title="bbox 283 4193 1440 4324">
    <p class='ocr_par' dir='ltr' id='par_1_12' title="bbox 283 4193 1440 4324">
     <span class='ocr_line' id='line_1_44' title="bbox 315 4193 1438 4250; baseline 0.006 -7"><span class='ocrx_word' id='word_1_419' title='bbox 315 4193 416 4244; x_wconf 86' lang='lat' dir='ltr'>¹Here</span> <span class='ocrx_word' id='word_1_420' title='bbox 427 4195 493 4244; x_wconf 88' lang='lat' dir='ltr'>ends</span> <span class='ocrx_word' id='word_1_421' title='bbox 506 4193 561 4246; x_wconf 83' lang='lat' dir='ltr'>MS.</span> <span class='ocrx_word' id='word_1_422' title='bbox 575 4195 698 4246; x_wconf 88' lang='lat' dir='ltr'>C.C.C.C.</span> <span class='ocrx_word' id='word_1_423' title='bbox 741 4193 843 4244; x_wconf 84' lang='lat' dir='ltr'>¹me</span> <span class='ocrx_word' id='word_1_424' title='bbox 855 4211 889 4244; x_wconf 85' lang='lat' dir='ltr'>au</span> <span class='ocrx_word' id='word_1_425' title='bbox 901 4196 1033 4245; x_wconf 84' lang='lat' dir='ltr'>unknown</span> <span class='ocrx_word' id='word_1_426' title='bbox 1044 4211 1143 4246; x_wconf 90' lang='lat' dir='ltr'>source.</span> <span class='ocrx_word' id='word_1_427' title='bbox 1183 4195 1292 4245; x_wconf 81' lang='lat' dir='ltr'>⁸T.ad.</span> <span class='ocrx_word' id='word_1_428' title='bbox 1335 4197 1438 4250; x_wconf 76' lang='lat' dir='ltr'>*From</span> 
     </span>
     <span class='ocr_line' id='line_1_45' title="bbox 283 4258 1440 4324; baseline 0.007 -15"><span class='ocrx_word' id='word_1_429' title='bbox 283 4261 328 4310; x_wconf 84' lang='lat' dir='ltr'>the</span> <span class='ocrx_word' id='word_1_430' title='bbox 338 4260 398 4310; x_wconf 83' lang='lat' dir='ltr'>Alia</span> <span class='ocrx_word' id='word_1_431' title='bbox 407 4261 463 4312; x_wconf 85' lang='lat' dir='ltr'>blir.</span> <span class='ocrx_word' id='word_1_432' title='bbox 479 4261 511 4310; x_wconf 93' lang='lat' dir='ltr'>ll.</span> <span class='ocrx_word' id='word_1_433' title='bbox 522 4262 548 4310; x_wconf 88' lang='lat' dir='ltr'>iu</span> <span class='ocrx_word' id='word_1_434' title='bbox 560 4261 641 4311; x_wconf 82' lang='lat' dir='ltr'>A.SS.</span> <span class='ocrx_word' id='word_1_435' title='bbox 656 4261 721 4310; x_wconf 78' lang='lat' dir='ltr'>Boii</span> <span class='ocrx_word' id='word_1_436' title='bbox 729 4277 754 4324; x_wconf 90' lang='lat' dir='ltr'>p.</span> <span class='ocrx_word' id='word_1_437' title='bbox 764 4275 826 4324; x_wconf 76' lang='lat'>179:</span> <span class='ocrx_word' id='word_1_438' title='bbox 839 4261 869 4311; x_wconf 82' lang='lat' dir='ltr'>cs.</span> <span class='ocrx_word' id='word_1_439' title='bbox 878 4261 934 4312; x_wconf 75' lang='lat' dir='ltr'>MS.</span> <span class='ocrx_word' id='word_1_440' title='bbox 944 4262 1028 4312; x_wconf 81' lang='lat' dir='ltr'>Faust.</span> <span class='ocrx_word' id='word_1_441' title='bbox 1064 4262 1074 4292; x_wconf 77' lang='lat'><strong>³</strong></span> <span class='ocrx_word' id='word_1_442' title='bbox 1084 4263 1113 4311; x_wconf 89' lang='lat' dir='ltr'>T.</span> <span class='ocrx_word' id='word_1_443' title='bbox 1127 4261 1157 4312; x_wconf 86' lang='lat' dir='ltr'>E.</span> <span class='ocrx_word' id='word_1_444' title='bbox 1168 4261 1261 4311; x_wconf 81' lang='lat' dir='ltr'>valido.</span> <span class='ocrx_word' id='word_1_445' title='bbox 1295 4258 1305 4289; x_wconf 83' lang='lat'>⁸</span> <span class='ocrx_word' id='word_1_446' title='bbox 1316 4262 1348 4312; x_wconf 84' lang='lat' dir='ltr'>T.</span> <span class='ocrx_word' id='word_1_447' title='bbox 1356 4265 1440 4316; x_wconf 80' lang='lat' dir='ltr'>Adel·</span> 
     </span>
    </p>
   </div>
   <div class='ocr_carea' id='block_1_12' title="bbox 283 4325 1438 4395">
    <p class='ocr_par' dir='ltr' id='par_1_13' title="bbox 283 4325 1438 4395">
     <span class='ocr_line' id='line_1_46' title="bbox 283 4325 1438 4395; baseline 0.002 -19"><span class='ocrx_word' id='word_1_448' title='bbox 283 4335 367 4377; x_wconf 78' lang='lat' dir='ltr'>stane.</span> <span class='ocrx_word' id='word_1_449' title='bbox 391 4325 400 4355; x_wconf 80' lang='lat'>&#39;</span> <span class='ocrx_word' id='word_1_450' title='bbox 414 4327 443 4376; x_wconf 90' lang='lat' dir='ltr'>ln</span> <span class='ocrx_word' id='word_1_451' title='bbox 452 4327 498 4377; x_wconf 87' lang='lat' dir='ltr'>the</span> <span class='ocrx_word' id='word_1_452' title='bbox 506 4325 581 4390; x_wconf 78' lang='lat' dir='ltr'>sou,</span> <span class='ocrx_word' id='word_1_453' title='bbox 590 4327 635 4376; x_wconf 88' lang='lat' dir='ltr'>the</span> <span class='ocrx_word' id='word_1_454' title='bbox 642 4327 776 4390; x_wconf 80' lang='lat' dir='ltr'>following</span> <span class='ocrx_word' id='word_1_455' title='bbox 783 4327 902 4391; x_wconf 84' lang='lat' dir='ltr'>happens</span> <span class='ocrx_word' id='word_1_456' title='bbox 908 4343 943 4377; x_wconf 89' lang='lat' dir='ltr'>ou</span> <span class='ocrx_word' id='word_1_457' title='bbox 952 4329 993 4378; x_wconf 83' lang='lat' dir='ltr'>his</span> <span class='ocrx_word' id='word_1_458' title='bbox 1003 4330 1164 4378; x_wconf 82' lang='lat' dir='ltr'>returntrom</span> <span class='ocrx_word' id='word_1_459' title='bbox 1173 4329 1217 4378; x_wconf 86' lang='lat' dir='ltr'>the</span> <span class='ocrx_word' id='word_1_460' title='bbox 1226 4329 1283 4378; x_wconf 81' lang='lat' dir='ltr'>first</span> <span class='ocrx_word' id='word_1_461' title='bbox 1289 4333 1438 4395; x_wconf 76' lang='lat' dir='ltr'>campaign.</span> 
     </span>
    </p>
   </div>
   <div class='ocr_carea' id='block_1_13' title="bbox 0 0 1535 4894">
    <p class='ocr_par' dir='ltr' id='par_1_14' title="bbox 0 0 1535 4894">
     <span class='ocr_line' id='line_1_47' title="bbox 0 0 1535 4894; baseline 0 0"><span class='ocrx_word' id='word_1_462' title='bbox 0 0 1535 4894; x_wconf 95' lang='lat' dir='ltr'> </span> 
     </span>
    </p>
   </div>
  </div>
 </body>
</html>
