3064 4888
275 305 345 381 522
585 281 716 372 lioba
741 281 931 386 bertuna
956 279 1106 386 finalia.

272 475 343 556 quia
360 482 464 557 paraui
479 482 508 541 ei
527 483 683 542 mulierem
702 499 760 556 per
775 483 859 540 cuius
874 481 1126 556 pulchritudinem
1146 483 1309 544 subicietur
1327 485 1428 544 nobis.

273 570 336 627 Sed
355 571 411 628 hoc
430 570 530 627 facere
550 589 610 627 non
630 581 736 644 potero
754 571 812 628 nisi
831 571 909 628 inira
932 571 1103 644 quindecim
1124 575 1239 630 annos!
1277 574 1328 631 ‘Si
1348 575 1429 631 inira

274 658 353 715 hunc
372 658 544 726 terminum,
556 659 595 716 ait
614 657 765 732 magister,
778 659 862 715 illum
881 658 1047 731 deciperes,
1060 676 1199 732 magnam
1213 677 1278 718 rem
1292 661 1429 718 laceres!

273 745 405 818 Contigit
417 755 516 804 autem
530 764 566 803 eo
575 755 711 819 tempore
723 756 755 802 vt
768 747 908 803 sacerdos
921 764 1010 803 mane
1023 747 1199 804 cimiterium
1211 747 1295 804 iuxta
1307 766 1427 806 morem

245 833 462 904 scircumiens,
475 833 649 890 infantulam
669 835 751 890 iuxta
767 851 888 890 crucem
907 833 1035 907 positam
1053 835 1209 891 inueniret.
1242 836 1343 906 Quam
1364 837 1428 908 pie-

273 929 334 978 tate
354 931 453 978 motus
475 921 634 994 accipiens,
656 921 762 978 nutrici
785 939 853 977 eam
874 921 1103 991 commendauit,
1123 931 1153 978 et
1174 921 1256 978 illam
1278 923 1309 979 in
1332 923 1427 979 filiam

274 1009 429 1082 adoptans,
442 1009 555 1065 litteras
574 1008 691 1066 discere
710 1008 785 1066 iecit
823 1007 958 1081 Cumque
975 1025 1072 1066 annos
1088 1010 1254 1082 pubertatis
1264 1010 1427 1083 attigisset,

274 1095 339 1153 eius
364 1097 584 1170 pulchritudine
608 1096 733 1153 allectus
758 1095 789 1152 in
814 1095 1055 1168 concupiscentia
1080 1096 1145 1154 eius
1169 1097 1309 1170 temptari
1335 1098 1426 1171 cepit

276 1184 370 1241 Nocte
384 1184 521 1257 sequenti
534 1193 693 1258 postquam
707 1185 807 1257 puella
817 1182 964 1240 actionem
975 1183 1142 1256 presbitero
1155 1185 1367 1255 concessisset,
1375 1187 1427 1242 dc·

231 1291 262 1328 ro
274 1288 382 1328 mones
400 1271 430 1328 in
450 1272 536 1328 hono
559 1271 703 1328 heremite
721 1271 935 1328 conuenientes
957 1287 1099 1343 magnum
1119 1271 1157 1327 de
1178 1289 1329 1328 consensu
1350 1272 1427 1329 lacto

274 1359 416 1432 gaudium
441 1368 651 1432 conceperunt
699 1357 807 1428 ‘Ecce,
829 1358 924 1432 inquit
945 1360 1065 1427 demon,
1083 1358 1234 1431 presbiter
1255 1377 1347 1432 quem
1373 1377 1429 1432 per

275 1446 431 1504 mulierem
445 1463 495 1502 me
507 1447 704 1520 decepturum
718 1447 871 1516 dixeram3
890 1445 950 1503 iam
962 1445 1019 1503 leci
1032 1447 1111 1519 quod
1128 1445 1273 1518 avirgine
1285 1465 1380 1521 quam
1397 1448 1426 1503 in

275 1533 366 1590 filiam
385 1535 580 1607 adoptauerat
599 1543 628 1592 et
647 1533 903 1592 sanctimonialem
924 1533 1022 1590 iacere
1039 1536 1223 1602 decreuerat,
1243 1551 1427 1590 consensum

275 1620 372 1695 stupri
397 1631 505 1694 petens
530 1621 711 1694 impetrauit,
733 1630 763 1678 et
782 1638 849 1678 cras
871 1622 945 1678 hora
964 1621 1130 1678 meridiana
1149 1638 1226 1694 opus
1246 1621 1428 1694 nepharium

233 1733 262 1786 ¹5
276 1711 314 1766 ad
338 1709 478 1766 effectum
500 1711 678 1782 perducam.¹
716 1709 834 1766 Gratias
858 1727 932 1784 ergo
953 1709 981 1765 ei
1002 1707 1144 1782 magister
1165 1709 1224 1781 egit
1249 1717 1279 1765 et
1302 1710 1429 1765 viriliter

276 1795 377 1869 ipsum
390 1795 498 1852 iecisse
510 1797 636 1854 dicebat.
675 1797 731 1853 Die
748 1796 847 1870 itaque
866 1796 995 1854 crastina
1010 1795 1159 1870 presbiter
1170 1797 1302 1869 puellam
1316 1815 1428 1854 vocans

277 1884 441 1940 introduxit
459 1885 539 1940 illam
558 1883 588 1940 in
608 1883 775 1940 cubiculum
794 1901 891 1953 suum,
908 1893 938 1942 et
956 1900 1023 1940 eam
1042 1883 1073 1939 in
1091 1883 1169 1940 lecto
1187 1883 1353 1940 collocauit
1393 1884 1429 1940 Et

276 1981 361 2030 stans
379 1981 448 2029 ante
467 1972 577 2030 lectum
596 1971 625 2028 in
646 1971 842 2045 temptatione
861 1973 988 2045 positus,
1006 1971 1077 2044 quid
1096 1971 1228 2028 facturus
1246 1981 1330 2028 esset
1349 1973 1429 2044 cogi·
1509 2008 1510 2032 l

277 2061 358 2117 tauit.
396 2059 433 2117 Et
446 2061 567 2117 tandem
581 2059 610 2116 in
622 2077 655 2116 se
668 2077 819 2129 reuersus,
833 2077 989 2133 quousque
1002 2059 1113 2115 rediret
1126 2059 1255 2132 puellam
1265 2069 1429 2132 expectare

234 2171 265 2208 ao
278 2146 371 2204 iussit.
410 2146 447 2204 Et
465 2149 503 2204 ad
521 2147 631 2204 ostium
647 2147 774 2205 cubiculi
791 2147 956 2217 diuertens,
968 2147 1096 2202 cultrum
1114 2145 1238 2218 arripuit
1257 2155 1287 2202 et
1307 2146 1429 2219 propria

278 2235 414 2292 membra
432 2235 527 2292 virilia
545 2235 704 2292 abscidens
723 2235 803 2292 foras
821 2234 956 2308 proiecit.
981 2233 1085 2304 ‘Quid
1104 2233 1207 2307 inquit,
1226 2234 1365 2306 putastis,
1378 2235 1429 2290 de·

278 2339 394 2393 mones,
407 2324 486 2396 quod
503 2339 563 2379 non
582 2323 782 2380 intellexerim
795 2323 1007 2395 temptationes
1019 2327 1156 2378 vestras?
1194 2321 1240 2377 De
1260 2321 1429 2393 perditione

278 2426 346 2466 mea
357 2410 406 2466 vel
420 2409 480 2468 filie
500 2429 567 2468 mee
585 2429 645 2467 non
663 2410 839 2484 gaudebitis,
852 2409 922 2484 quia
940 2427 996 2466 nec
1014 2426 1063 2465 me
1080 2427 1135 2466 nec
1154 2408 1252 2480 ipsam
1265 2409 1429 2466 habebitis.¹

279 2497 424 2570 Sequenti
442 2497 523 2554 enim
542 2507 630 2556 nocte
648 2517 716 2556 cum
736 2499 871 2556 diabolus
890 2497 1088 2570 interrogaret
1108 2495 1287 2569 discipulum
1301 2497 1374 2569 quid
1393 2498 1429 2552 de

234 2609 265 2662 ²5
280 2584 446 2658 presbitero
467 2595 565 2642 actum
588 2585 703 2657 luisset,
722 2595 752 2643 et
772 2585 822 2642 ille
841 2602 906 2642 rem
925 2594 1042 2658 gestam
1060 2593 1242 2648 enarrasset,
1261 2583 1350 2640 iussit
1370 2601 1430 2641 ma·

278 2672 372 2746 gister
383 2681 414 2728 vt
427 2673 537 2729 demon
553 2673 603 2730 ille
621 2673 753 2747 grauiter
771 2673 987 2746 flagellaretur;
1007 2681 1037 2728 et
1055 2671 1098 2728 sic
1118 2679 1284 2728 conuentus
1304 2672 1430 2728 soluitur

280 2759 438 2832 spirituum
458 2760 688 2818 immundorum.
726 2761 876 2818 Sacerdos
894 2769 994 2816 autem
1014 2759 1146 2832 puellam
1163 2775 1254 2832 quam
1274 2759 1429 2829 nutrierat,

279 2849 337 2904 deo
350 2849 527 2904 seruituram
541 2848 815 2907 sanctimonialibus
828 2847 1047 2905 commendauit
1056 2847 1074 2904 ¹.

423 3021 448 3082 tl
468 3009 523 3080 Da
542 3038 657 3080 snucro
676 3010 842 3080 Wisrnuo
861 3037 1004 3078 eriscono
1023 3037 1060 3076 nr
1078 3019 1296 3076 consessores&

282 3131 465 3261 AMabilis
483 3135 540 3192 deo
555 3135 714 3192 Wlstanus
732 3141 762 3194 ln
781 3133 936 3208 prouincia
954 3133 1159 3190 warewicensi
1177 3132 1333 3204 oriundus,
1353 3143 1383 3192 et
1401 3135 1429 3190 in

235 3237 267 3288 ,ao
380 3223 561 3280 monasterio
574 3225 613 3280 de
631 3223 731 3296 Burgo
748 3222 854 3280 litteris
871 3231 900 3278 et
918 3222 1023 3278 officiis
1035 3220 1244 3278 ecclesiasticis
1257 3221 1429 3284 instructus.

281 3307 423 3366 'missam
437 3327 556 3367 morose
569 3311 714 3380 cantabat,
730 3311 864 3384 aliasque
882 3309 1034 3367 orationes
1046 3309 1198 3376 adiiciens‚
1211 3308 1284 3365 solis
1298 3309 1430 3366 fidelium

281 3396 479 3453 oblationibus
487 3407 726 3456 contentuserat.
749 3398 807 3455 Hic
815 3397 1050 3470 virgoexistens,
1058 3396 1201 3468 superllui
1210 3407 1301 3468 potus
1310 3415 1432 3470 semper

283 3501 404 3555 expers,
430 3485 495 3540 esui
521 3487 655 3543 carnium
682 3485 824 3554 indulsit;
852 3485 960 3558 quibus
985 3495 1086 3542 tamen
1112 3483 1293 3556 spernendis
1316 3485 1432 3540 occasio

282 3571 349 3630 talis
372 3571 442 3629 suit:
468 3571 524 3629 Die
544 3575 672 3647 quadarn
692 3575 817 3631 eumad
842 3573 982 3646 placitum
1001 3573 1151 3645 quoddam
1176 3571 1321 3639 exiturus,
1340 3573 1433 3628 missa

237 3675 268 3726 35
283 3660 432 3717 celebrata
456 3659 556 3716 cibum
581 3679 701 3718 sumere
726 3661 836 3729 statuit,
861 3662 997 3733 apposita
1021 3659 1083 3732 igni
1108 3675 1189 3726 auca,
1214 3659 1302 3715 nidor
1327 3661 1433 3716 aduste

283 3748 381 3806 carnis
403 3766 492 3806 nares
513 3749 692 3807 celebrantis
717 3749 860 3822 oppleuit,
885 3750 959 3804 odor
982 3756 1115 3804 mentem
1139 3745 1294 3802 aduocauit
1305 3746 1325 3804 ⁴.
1371 3747 1432 3804 Sed

316 3897 325 3928 ¹
342 3896 380 3947 Oi
389 3897 433 3946 the
444 3896 505 3946 Ant.
518 3897 544 3945 in
555 3897 595 3958 T,
608 3897 671 3959 only
681 3913 698 3945 ι
709 3897 761 3946 lew
772 3897 860 3946 words
871 3911 916 3945 are
928 3895 1060 3945 readable:

317 3999 393 4013 ...
426 3999 432 4012 .
460 3963 530 4024 regis
559 4000 566 4012 .
594 3999 628 4012 ..
657 3999 663 4011 .
692 3963 885 4012 conciuisceles
914 3999 920 4012 .
949 3999 956 4012 .
986 3995 993 4012 .
1022 3961 1099 4010 deuot
1128 3995 1134 4010 .
1163 3994 1170 4009 .
1198 3993 1205 4010 .
1232 3957 1434 4021 ipsumpos..

283 4028 403 4078 wlsinum
437 4067 443 4080 .
480 4067 485 4078 .
520 4067 526 4078 .
561 4029 683 4077 sublimas
717 4065 723 4080 .
759 4063 765 4078 .
800 4065 806 4076 .
834 4043 922 4076 naess
950 4064 957 4077 .
991 4063 997 4076 .
1026 4027 1124 4074 interce
1158 4061 1164 4074 .
1198 4059 1205 4074 .
1242 4060 1248 4072 .
1283 4061 1289 4072 .
1325 4041 1432 4076 reamur.

316 4093 327 4122 ¹
344 4095 390 4142 Ed.
404 4095 429 4142 in
441 4095 471 4143 Α.
485 4094 533 4143 SS.
547 4094 612 4144 Boll.
625 4095 684 4154 Jan.
698 4093 730 4144 ll.
743 4109 768 4156 p.
781 4095 831 4143 610
844 4094 905 4156 (and
918 4093 1035 4150 Suriusl3
1052 4089 1179 4152 compiled
1193 4088 1258 4138 lrom
1269 4090 1316 4138 the
1328 4089 1388 4139 vna
1401 4092 1434 4152 by

283 4157 357 4208 Will.
370 4160 455 4211 Malm.
469 4161 494 4208 in
508 4159 562 4208 MS.
573 4159 662 4208 Claud.
672 4159 746 4218 ΑΜ,
758 4160 799 4207 ed.
813 4159 899 4222 partly
909 4159 936 4206 in
945 4157 1076 4206 Wharton
1089 4157 1112 4204 ii.
1126 4157 1301 4217 ago-apoand
1311 4155 1433 4205 hlabillou

284 4223 329 4274 Vl.
344 4225 368 4273 ii.
381 4227 437 4286 836,
450 4225 502 4274 and
519 4225 552 4274 its
570 4226 732 4286 abridgment
749 4226 775 4273 in
789 4224 845 4274 MS.
859 4224 931 4273 Harl.
949 4239 1005 4284 322,
1020 4223 1071 4270 and
1088 4221 1153 4270 from
1165 4221 1235 4268 Will.
1254 4220 1341 4270 hialm.
1356 4222 1434 4270 Gesta

286 4289 362 4338 Pont.
377 4290 421 4348 lV,
435 4290 583 4340 Florentius
594 4291 722 4352 Wigom,
739 4290 829 4339 Ailred
844 4289 905 4338 vna
917 4289 943 4339 S.
959 4287 1151 4346 Edwardi,1nd
1168 4287 1214 4335 the
1226 4286 1290 4335 liber
1308 4287 1396 4337 hlirae.
1409 4288 1433 4335 in

287 4353 343 4403 MS.
357 4355 476 4406 Dunelm.
489 4356 518 4405 B.
531 4355 575 4408 IV.
641 4357 651 4385 ³
669 4356 708 4405 Cl.
721 4355 764 4405 W.
777 4355 811 4406 M.
826 4355 901 4406 Pont.
967 4355 976 4384 ⁴
994 4353 1061 4404 Bon
1072 4353 1198 4402 euocauit.
