3008 4904
297 299 372 393 ba
395 297 560 388 &mtto
585 296 783 389 umam
810 295 1004 402 mitono.
1154 320 1225 397 257

64 499 227 572 quondam
251 500 410 560 wilfridus
434 501 526 560 nobili
550 507 721 559 constructo
748 501 932 560 monasterio
957 501 1066 560 meruit
1090 501 1222 576 sepeliri.

65 586 174 644 Locus
193 597 294 646 tamen
313 591 364 646 ille
381 608 399 646 a
420 589 557 648 barbaris
575 589 647 647 olim
665 607 775 663 magna
793 607 833 647 ex
851 600 936 663 parte
955 591 1080 661 dirutus,
1093 591 1222 648 latibulis

65 683 141 732 tunc
161 676 294 734 ferarum
313 678 367 736 fuit
385 679 630 752 accom[m]odus.
668 678 731 735 Illic
751 679 832 736 enim
844 679 972 753 pemigil
990 679 1021 736 in
1038 680 1222 738 orationibus

64 773 163 820 noctu
194 765 370 838 persistens,
394 765 496 824 diuina
521 765 703 824 reuelatione
735 767 838 823 didicit
864 767 931 840 ipso
954 767 1020 824 loco
1050 777 1222 826 sanctorum

64 867 199 924 corpora
221 853 340 911 condita
362 871 450 924 esse;
468 872 528 926 que
546 854 732 927 inuestigans
754 871 823 911 curn
845 854 1017 912 nominibus
1035 855 1220 928 singulorum
1237 863 1252 918 5

63 940 271 1010 proculdubio
294 941 452 999 inueniret.
490 942 581 998 Facto
605 949 705 999 autem
730 959 820 1000 mane
845 961 913 1000 cum
939 952 1050 1000 terram
1076 943 1222 1012 foderent,

64 1037 246 1086 sanctorum
271 1047 397 1102 corpora
415 1047 484 1087 cum
502 1030 603 1086 tabula
625 1030 680 1086 hec
702 1030 875 1088 continente
895 1040 1015 1103 reperta
1035 1041 1122 1090 sunt:
1143 1032 1220 1088 ‘Hic

64 1116 234 1188 requiescit
264 1127 386 1174 sanctus
416 1117 576 1175 Wilfridus
606 1117 733 1175 antistes
768 1118 968 1189 eboracensis,
999 1128 1029 1176 et
1060 1119 1220 1176 reuerendi

63 1203 198 1260 abbates
216 1204 377 1276 Tilbertus,
397 1205 560 1274 Botwinus‚
572 1205 725 1277 albertus,
744 1205 898 1279 sigredus,
917 1215 1009 1280 atque,
1026 1207 1186 1290 wildenus
1195 1205 1222 1264 ¹.'

65 1290 232 1364 Reliquias
248 1301 349 1350 autem
368 1301 504 1367 repertas
520 1292 640 1350 interim
659 1293 723 1350 loco
736 1303 807 1366 apto
825 1293 985 1352 collocauit
1025 1291 1219 1352 Postmodum
1238 1305 1269 1344 10

62 1395 140 1434 vero
154 1397 268 1453 corpus
280 1382 375 1438 sancti
387 1380 518 1438 Wilfridi
530 1381 561 1438 in
574 1381 684 1438 feretro
701 1383 843 1439 decenter
856 1391 955 1455 aptato
968 1400 1037 1439 cum
1051 1383 1222 1440 reuerentia

64 1468 214 1538 condidit,
241 1479 344 1544 utpote
368 1486 458 1543 quem
483 1487 592 1542 magno
616 1468 759 1526 Wilfrido
788 1469 867 1527 illius
897 1470 954 1527 loci
979 1471 1127 1527 fundatori
1152 1489 1220 1527 con·

64 1555 271 1627 sanguinitate
291 1557 423 1614 iunctum
444 1565 577 1614 nouerat
614 1556 732 1630 Corpus
754 1575 886 1630 namque
908 1558 1030 1614 maioris
1048 1557 1180 1615 Wilfridi
1202 1573 1221 1614 a

64 1655 177 1702 sancto
199 1643 306 1702 Odone
331 1644 531 1702 cantuariensi
555 1645 780 1718 archiepiscopo
805 1647 918 1702 dudum
938 1644 1098 1703 Cantuarie
1122 1655 1221 1702 trans-

64 1730 163 1788 latum
190 1731 295 1789 fuerat.
333 1732 451 1790 Locatis
471 1732 572 1805 itaque
592 1733 623 1788 in
646 1732 756 1789 feretro
778 1732 920 1806 reliquiis,
940 1732 1129 1805 Wigorniam
1151 1749 1219 1790 cum
1237 1746 1268 1799 ¹5

65 1835 183 1892 magno
204 1820 318 1877 honore
339 1821 515 1878 transmisit.
585 1809 645 1878 Vir
663 1819 785 1893 quidam
806 1829 915 1893 potens
933 1820 1031 1876 valida
1051 1821 1134 1876 febre
1154 1838 1221 1878 cor-

65 1917 187 1980 reptus,
212 1924 268 1980 per
296 1908 439 1965 nuncium
468 1909 533 1966 viro
563 1907 612 1965 dei
643 1923 677 1964 sc
707 1907 852 1965 infirmari
882 1907 1053 1964 insinuauit.
1098 1909 1140 1965 At
1166 1909 1221 1965 ille

65 1995 257 2053 benedicens
281 2013 391 2070 panem
415 1996 503 2070 eique
528 1995 747 2065 transmittens,
766 2003 798 2052 vt
817 2013 887 2052 curn
908 1995 969 2051 fide
990 1995 1126 2052 sanitatis
1148 2013 1219 2052 con-

64 2085 228 2156 sequende
248 2086 420 2142 comederet
440 2084 534 2142 iussit.
572 2082 660 2154 Quod
679 2101 749 2140 curn
771 2083 901 2150 fecisset,
920 2084 1053 2156 perfecte
1075 2083 1163 2141 saluti
1185 2102 1219 2142 se

65 2172 243 2228 restitutum
274 2171 377 2230 sensit
458 2160 584 2232 Sedens
611 2179 710 2228 autem
741 2172 779 2228 ad
809 2187 949 2229 mensam
979 2171 1160 2244 episcopus²
1189 2182 1219 2229 et
1237 2181 1269 2220 ²0

65 2275 184 2331 panem
209 2259 393 2317 benedicens
415 2269 445 2317 et
466 2259 692 2316 considentibus
716 2259 909 2329 distribuens,
928 2258 1005 2316 forte
1027 2259 1120 2316 micas
1142 2260 1219 2317 deci·

65 2346 181 2404 dentes
199 2363 289 2404 sorex
311 2349 532 2420 superueniens
551 2346 639 2404 auido
660 2363 764 2404 morsu
786 2346 925 2419 colligere
947 2346 1045 2419 cepit:
1068 2356 1098 2405 et
1119 2347 1220 2406 statim

66 2435 235 2492 suffocatus
264 2435 363 2509 periit,
387 2445 417 2492 et
441 2437 521 2509 quod
549 2435 581 2492 in
608 2453 661 2491 ore
685 2443 853 2504 vomuerat,
877 2435 1047 2491 nullatenus
1077 2453 1221 2492 euomere

65 2523 181 2596 quibat
221 2521 258 2579 Et
277 2542 317 2581 ne
337 2541 393 2580 sue
411 2523 491 2580 laudi
511 2522 611 2596 quiuis
633 2522 690 2579 hoc
709 2522 879 2592 ascriberet,
898 2523 1070 2578 exanimem
1091 2524 1218 2581 bestiam

66 2627 84 2666 a
114 2620 282 2684 conspectu
312 2611 490 2668 intuentium
522 2610 610 2668 abiici
639 2609 687 2667 vir
717 2619 839 2667 sanctim
867 2609 962 2667 iussit.
1044 2598 1219 2668 Monachus
1236 2618 1267 2672 ²5

67 2699 194 2770 quidam
219 2707 289 2771 post
312 2699 464 2768 balneum,
489 2698 518 2754 in
545 2699 610 2755 loco
634 2697 686 2755 vbi
710 2697 872 2770 episcopus
896 2697 1083 2771 frequentius
1111 2701 1220 2756 sedere

67 2795 270 2844 consueuerat
301 2803 463 2860 sompnum
494 2803 601 2860 capere
632 2785 720 2858 cepit.
759 2783 796 2842 Et
824 2801 894 2842 ecce
921 2793 1019 2842 astant
1046 2785 1087 2841 illi
1116 2787 1219 2858 plures

66 2875 196 2948 spiritus
220 2873 384 2931 teterrimi:
407 2883 436 2932 et
458 2875 496 2930 ab
516 2891 553 2930 eo
573 2873 707 2930 districta
727 2871 948 2930 examinatione
968 2873 1147 2945 perquirunt
1166 2890 1220 2929 cur

67 2961 98 3018 in
124 2963 193 3018 loco
217 2962 292 3018 tanti
316 2961 468 3035 pontificis
489 2961 647 3035 quiescere
673 2977 733 3016 non
759 2959 895 3016 timeret:
922 2959 1021 3033 ipsum
1046 2959 1219 3029 inuadunt³,

67 3059 220 3123 torquent,
241 3049 363 3118 laniant,
386 3049 441 3106 hac
466 3058 496 3106 et
521 3048 587 3105 illac
611 3049 742 3118 trahunt,
763 3048 801 3103 ab
824 3047 887 3103 imo
911 3064 1031 3104 sursum
1056 3048 1218 3120 rapientes,
1235 3054 1268 3106 30

67 3139 106 3194 dc
125 3154 249 3194 sursum
267 3138 305 3194 ad
323 3139 383 3194 ima
401 3136 593 3207 deiicientes;
613 3135 735 3193 horrido
753 3136 875 3192 tandem
895 3135 1025 3191 clamore
1041 3134 1218 3205 vociferans,

68 3225 140 3298 quid
168 3225 225 3282 sibi
250 3225 414 3297 contigerat
436 3223 575 3281 omnibus
596 3224 696 3297 palam
718 3222 878 3280 enarrauit.
951 3209 1090 3295 Singulis
1112 3223 1219 3280 diebus

67 3319 173 3382 preter
193 3309 269 3368 alios
288 3326 365 3383 quos
386 3307 518 3383 quotidie
539 3307 716 3364 innumeros
740 3307 846 3374 alebat,
867 3305 1025 3364 duodecim
1050 3324 1218 3379 pauperum

68 3400 166 3470 pedes
190 3397 320 3466 abluere,
345 3396 547 3454 deosculando
572 3395 657 3453 crine
685 3394 765 3466 [ac]⁴
789 3394 903 3450 lintheo
927 3402 1055 3467 tergere,
1080 3395 1219 3451 manibus

68 3501 178 3558 aquam
198 3485 334 3554 fundere,
351 3484 492 3541 denarios
509 3484 647 3558 prebere,
663 3483 763 3539 cibum
782 3491 813 3539 et
831 3491 936 3555 potum
957 3482 1093 3554 apposita
1113 3499 1219 3540 mensa
1234 3492 1265 3547 35

70 3573 252 3644 ministrare,
275 3573 306 3629 in
330 3571 442 3646 pascha
463 3572 597 3629 vestibus
622 3570 710 3627 nouis
735 3569 856 3626 indutos
881 3585 937 3642 per
960 3569 1072 3642 aliquot
1096 3569 1162 3626 dies
1186 3571 1217 3626 in

68 3662 152 3718 curia
175 3679 231 3718 sua
252 3677 355 3717 secum
374 3660 486 3717 habere
505 3659 670 3717 consueuit.
707 3657 797 3714 Nulla
815 3674 884 3714 eum
903 3655 1061 3714 infirmitas
1083 3656 1218 3730 corporis

69 3750 107 3806 ab
131 3749 199 3806 istis
223 3748 402 3817 retardabat,
424 3749 479 3804 sed
503 3765 564 3821 quo
588 3765 622 3804 se
647 3763 773 3819 corpore
798 3745 944 3802 sentiebat
972 3745 1155 3812 debiliorem,
1180 3763 1218 3801 eo

69 3836 127 3893 sibi
145 3837 183 3896 ad
202 3836 398 3893 seruiendum
417 3835 462 3892 eis
479 3835 542 3892 vim
558 3834 734 3892 validiorem
752 3833 886 3906 ingessit
925 3832 981 3888 Die
1001 3833 1129 3905 quadam
1148 3848 1217 3887 cum

70 3923 133 3982 suis
158 3927 320 3980 oratorium
345 3940 497 3996 egressus,
521 3931 551 3980 et
576 3922 633 3979 sub
657 3939 727 3979 aere
751 3931 844 3992 stans,
869 3920 949 3978 acies
971 3920 1124 3976 oculorum
1153 3919 1217 3976 celo
1231 3929 1266 3980 40

69 4012 272 4070 intentissime
296 4011 370 4083 fixit,
395 4011 558 4079 Christum,
580 4012 617 4066 ad
641 4027 731 4082 quem
756 4008 903 4077 anelabat,
925 4009 976 4080 pio
1000 4006 1090 4062 corde
1112 4014 1142 4063 et
1164 4024 1216 4064 ore

70 4098 213 4158 intentius
234 4117 334 4156 orans.
373 4099 437 4158 Nec
459 4109 560 4157 erecta
580 4096 702 4168 lumina,
720 4105 752 4154 vt
770 4097 812 4167 fit,
832 4096 889 4154 cito
907 4093 1040 4163 deflexit,
1058 4094 1113 4150 sed
1131 4093 1216 4166 quasi

70 4299 366 4416 1ὲἮιΙιἪὶῑᾰοειιςιιε.
497 4297 746 4362 ¹T.episcopusad
758 4311 872 4348 menum
1017 4293 1074 4346 ¹E·
1086 4295 1218 4346 inludent·

120 4382 153 4416 .e
167 4405 173 4418 .

104 4477 170 4519 vot..
184 4477 215 4520 11.
633 4474 650 4518 S
