3036 4878
260 297 332 370 688
691 295 893 397 euomuit
922 299 972 376 11.

257 497 378 554 incurrit
417 499 515 554 Postes
534 507 630 554 tamen
651 499 817 570 campanilis
838 503 904 558 hinc
922 502 989 559 inde
1007 503 1146 560 cadebant
1164 513 1193 559 et
1212 512 1278 559 ante
1297 513 1327 558 et
1346 513 1412 574 post
1488 509 1489 552 ἲ

256 581 411 636 monachos
432 599 449 636 a
474 581 579 636 dextris
604 593 632 637 et
656 599 675 638 a
698 582 816 639 sinistris
841 585 1021 641 circumcirca
1046 588 1172 654 ruebant,
1196 587 1289 641 nullus
1315 599 1412 642 tamen
1488 583 1489 588 ’

255 680 352 718 eorum
374 663 525 720 ledebatur.
563 665 728 736 Campanile
749 667 833 737 igitur
851 668 965 725 horrido
989 679 1068 724 motu
1093 679 1122 726 et
1146 669 1252 739 impetu
1275 685 1412 725 corruens
1488 689 1489 738 j

256 763 352 802 versus
365 755 491 802 sanctum
505 748 697 817 Edmundum,
710 767 773 806 curn
785 768 836 822 per
851 769 964 808 onmem
979 753 1123 808 racionem
1138 762 1168 808 et
1179 752 1256 806 venti
1272 752 1412 806 indicium

227 845 241 896 ⁵
255 829 314 884 eius
327 840 507 901 attemptaret
518 831 659 900 feretrum,
672 833 717 888 dei
731 833 831 889 virtute
849 853 991 890 reuersum
1008 847 1050 890 est
1063 837 1099 889 ad
1113 835 1282 905 aquilonem,
1294 835 1346 890 ubi
1359 852 1414 888 nec

255 911 371 966 omnino
389 923 504 970 noceret
523 914 690 980 hominibus,
699 925 728 971 et
740 917 802 972 loca
820 917 960 972 sanctiora
972 929 1001 974 et
1014 917 1151 988 digniora,
1165 917 1224 972 scil.
1235 918 1341 972 altaria
1353 917 1412 972 sin·

254 995 327 1064 gula,
341 995 446 1052 intacta
457 997 632 1068 relinqueret,
648 999 812 1054 benedictus
831 999 900 1056 deus
918 1017 968 1070 per
987 1001 1090 1056 omnia.
1138 1001 1209 1066 Hec,
1223 999 1349 1065 Christe,
1361 1010 1413 1055 tua

254 1078 403 1148 magnalia,
414 1079 461 1152 qui
474 1098 524 1150 per
536 1097 633 1151 preces
652 1091 679 1136 et
692 1081 793 1138 merita
804 1083 893 1138 sancti
909 1083 1052 1138 Edmundi
1070 1094 1098 1139 et
1116 1082 1232 1138 alionum
1245 1082 1293 1153 qui
1315 1093 1412 1138 tecum

254 1171 319 1216 sunt
332 1163 401 1218 iacis
412 1163 560 1231 mirabilia,
573 1165 697 1234 operaris
709 1165 868 1235 magnifica,
881 1175 910 1220 rt
923 1183 1026 1221 nomen
1040 1167 1115 1236 quod
1128 1175 1170 1220 est
1183 1165 1368 1220 benedictum
1382 1167 1413 1219 in
1488 1223 1489 1228 χ

210 1261 242 1298 re
255 1245 358 1314 secula,
371 1247 448 1317 apud
460 1245 571 1302 infimos
583 1257 611 1303 et
628 1259 791 1318 peccatores
807 1249 888 1304 sitin
904 1248 988 1304 laude
1005 1247 1159 1320 perhenni;
1179 1248 1277 1318 sicque
1297 1247 1413 1318 piorum
1488 1237 1489 1242 ἵ

254 1329 340 1383 corda
359 1330 517 1397 confirmas,
535 1340 563 1385 et
582 1329 730 1401 impiorum
748 1342 864 1402 pectora
882 1347 932 1402 per
949 1332 1002 1387 hec
1019 1331 1057 1386 ad
1076 1341 1103 1386 te
1121 1347 1267 1400 prouocas,
1284 1340 1316 1385 vt
1331 1331 1411 1386 dicat

254 1413 345 1466 omnis
365 1413 464 1467 homo:
486 1414 570 1468 ‘Non
587 1423 631 1468 est
650 1412 748 1469 similis
766 1413 806 1470 tui
824 1415 948 1482 domine,
961 1425 989 1470 et
1008 1431 1063 1469 non
1083 1423 1126 1468 est
1143 1413 1300 1468 secundum
1320 1431 1411 1484 opera

253 1493 317 1549 tua'
357 1495 427 1560 Hec‚
441 1495 567 1566 inquam,
585 1497 696 1552 Christe
712 1514 763 1567 per
779 1507 807 1553 te
822 1498 900 1554 iacta
916 1507 990 1564 sunt,
1008 1496 1054 1568 qui
1074 1496 1143 1552 iacis
1159 1495 1302 1550 mirabilia
1320 1499 1409 1564 solus,

251 1587 280 1632 et
293 1576 364 1633 riuis
376 1587 404 1632 et
417 1595 518 1648 regnas
531 1595 595 1633 curn
607 1579 662 1634 deo
675 1589 754 1650 patre
766 1578 795 1634 in
807 1579 915 1635 vnitate
926 1579 1039 1649 spiritus
1050 1577 1148 1643 sancti,
1161 1590 1213 1633 etc.

210 1737 238 1788 15
314 1715 376 1770 lrca
394 1733 499 1772 annum
513 1716 620 1772 domini
637 1718 713 1784 1182,
725 1716 856 1772 dominus
867 1715 1023 1772 Willelmus
1036 1717 1072 1771 de
1085 1718 1186 1784 Bmgo,
1201 1713 1276 1770 filius
1292 1716 1408 1772 comitis

348 1797 461 1866 Cancie,
479 1799 606 1854 fundauit
625 1801 824 1856 monasterium
843 1799 1041 1856 canonicorum
1060 1798 1201 1870 nigrorum
1219 1800 1248 1855 in
1264 1800 1409 1856 territorio

252 1881 287 1938 de
299 1881 472 1938 Athescbille
492 1881 519 1936 ln
540 1883 687 1950 Hibernia,
700 1882 729 1938 in
746 1884 852 1940 honore
874 1893 972 1938 sancte
994 1883 1084 1938 Marie
1103 1890 1131 1937 et
1150 1883 1239 1937 sancti
1256 1883 1407 1938 Edmundi

251 1965 326 2035 regis
343 1976 371 2020 et
388 1965 510 2020 martiris
520 1983 527 2032 ;
547 1966 576 2020 in
595 1965 672 2021 cuius
688 1965 850 2022 monasterii
868 1965 989 2020 oratorio
1007 1962 1160 2034 principali,
1174 1965 1248 2019 iuxta
1266 1981 1407 2034 magnum

251 2047 348 2116 altare,
362 2047 481 2104 situatur
498 2048 618 2119 quedam
638 2065 740 2118 ymago
759 2047 848 2104 sancti
866 2050 939 2118 regis
951 2057 979 2103 et
991 2047 1112 2102 martiris
1126 2046 1280 2114 Edmundi,
1295 2048 1405 2102 habens
1488 2109 1489 2112 Ἴ

208 2152 239 2187 ro
251 2129 282 2185 in
293 2147 378 2186 manu
390 2147 441 2186 sua
457 2132 555 2186 dextra
571 2131 697 2186 lanceam
716 2131 745 2186 in
762 2130 872 2200 signum
889 2129 1053 2201 protectoris
1068 2139 1097 2185 et
1115 2127 1205 2184 tocius
1222 2129 1295 2184 illius
1313 2131 1405 2200 patrie

251 2213 405 2269 defensoris
424 2215 518 2284 palam
539 2223 691 2268 extensam.
728 2214 832 2268 Volens
853 2222 948 2268 autem
968 2212 1098 2266 dominus
1117 2228 1220 2267 nomeu
1241 2211 1404 2282 famamque

250 2297 407 2352 sanctitatis
426 2295 547 2352 martiris
563 2296 605 2350 sui
622 2295 765 2352 Edmundi
783 2295 812 2350 in
823 2295 955 2361 occiduis,
969 2295 1039 2350 sicut
1058 2293 1087 2350 in
1101 2293 1283 2348 orientalibus
1302 2295 1402 2349 mundi

250 2381 376 2451 partibus
388 2379 498 2450 longius
511 2379 654 2450 laciusque
667 2378 813 2446 nitescere,
823 2387 851 2432 et
862 2377 1032 2433 Hibernicos
1040 2377 1146 2431 firmius
1159 2377 1188 2430 in
1201 2375 1257 2431 fide
1269 2378 1401 2445 solidare,

248 2461 481 2534 fundatoremque
505 2460 623 2532 predicti
647 2459 810 2516 monasterii
834 2461 871 2516 de
897 2469 987 2515 morte
1011 2477 1063 2515 sua
1086 2458 1245 2530 premunire
1269 2459 1401 2530 quatinus

206 2569 235 2617 ²5
250 2544 342 2599 anime
360 2561 410 2600 sue
429 2543 510 2600 saluti
524 2545 663 2600 solicitius
675 2543 833 2613 inuigilaret
847 2561 948 2615 resque
964 2540 1049 2598 suas¹
1065 2541 1202 2598 salubrius
1220 2541 1399 2612 disponeret:

250 2627 304 2682 hoc
328 2627 462 2682 indicium
484 2627 537 2682 sibi
559 2627 726 2683 munitiuum
746 2627 794 2682 dat
817 2625 910 2682 eidem
930 2625 1071 2682 fundatori
1092 2641 1179 2696 usque
1200 2625 1227 2679 in
1249 2625 1327 2681 diem
1349 2629 1400 2682 bo-

249 2709 386 2775 diernum,
399 2719 428 2764 ut
443 2727 547 2780 ymago
563 2711 651 2766 sancti
671 2710 814 2766 Edmundi
832 2711 960 2766 lanceam
979 2725 1062 2780 quam
1079 2725 1165 2764 manu
1178 2718 1254 2763 tenet
1266 2719 1399 2776 erectarn,

248 2803 314 2850 ante
335 2803 454 2849 mortem
472 2793 627 2849 fundatoris
645 2794 674 2848 in
696 2794 823 2864 proximo
840 2793 966 2848 morituri
986 2793 1023 2847 de
1043 2807 1129 2847 manu
1149 2807 1199 2847 sua
1219 2790 1303 2846 eiciat
1320 2801 1350 2847 et
1371 2793 1398 2846 in

249 2877 441 2949 pauimentum
454 2878 566 2933 oratorii
579 2877 689 2948 longius
702 2876 836 2948 proiciat;
856 2876 935 2932 cuius
948 2877 1045 2931 lancee
1058 2875 1162 2931 eleccio
1174 2873 1286 2944 signum
1299 2876 1398 2930 mortis

204 2985 237 3034 30
248 2961 403 3016 fundatoris
424 2961 540 3031 predicti
560 2959 723 3015 monasterii
745 2959 842 3014 incolis
861 2959 1014 3014 hibemicls
1032 2957 1173 3013 notorium
1192 2968 1235 3013 est
1254 2968 1283 3013 et
1308 2959 1396 3013 mani·

248 3045 429 3099 festum-ln
449 3044 571 3115 quadarn
596 3044 667 3098 silua
691 3043 818 3113 predicto
838 3041 1009 3098 monasterio
1033 3041 1133 3108 vicina,
1156 3051 1308 3112 pascuntur
1331 3057 1397 3096 oues

249 3128 331 3183 sirnul
353 3145 416 3182 cum
434 3127 515 3198 lupis,
535 3126 563 3182 in
588 3143 691 3195 magna
711 3125 897 3192 multitudine,
918 3136 948 3180 et
969 3137 1063 3180 tamen
1087 3141 1156 3180 oues
1180 3123 1347 3181 miraculose
1369 3137 1396 3180 et

247 3211 353 3266 meritis
367 3211 456 3266 sancti
470 3209 612 3266 Edmundi
625 3227 642 3264 a
655 3207 727 3280 lupis
739 3208 853 3263 omnino
865 3225 923 3262 non
934 3209 1072 3263 leduntur.

707 3366 715 3396 ¹
734 3367 788 3418 MS.
801 3366 873 3417 rebus
884 3367 942 3418 suis.
