3042 4884
415 295 491 388 Dc
515 292 681 382 scruta
707 293 933 400 mannua
1179 319 1247 392 175

93 495 152 552 Cui
168 493 238 554 ille:
261 496 356 566 ‘Quid
375 496 450 570 agis,
466 496 570 570 inquit,
583 495 705 554 domine
724 500 811 554 mea?
846 497 937 556 Certe
956 497 982 554 si
1000 515 1055 554 rex
1074 496 1164 554 sciret
1183 497 1248 562 ista,

92 599 250 656 nunquam
275 601 310 640 os
334 593 428 654 tuum,
454 585 641 658 leprosorum
671 586 782 658 pedum
806 587 874 642 tabe
899 585 1053 657 pollutum,
1079 584 1249 656 dignabitur

91 681 219 744 tangere
233 671 321 729 labiis
333 673 413 730 suis.'
451 672 506 732 Cui
524 673 572 730 illa
589 673 750 730 subridens
766 673 824 730 ait:
845 673 959 730 ‘Pedes
975 673 1055 745 regis
1073 671 1168 728 eterni
1180 670 1248 745 quis

92 759 209 816 nesciat
231 759 320 817 labiis
344 761 426 833 regis
448 761 584 818 morituri
606 778 677 818 esse
698 760 915 833 preferendos?
953 761 1018 833 Ego
1040 769 1121 818 certe
1142 759 1249 816 iccirco

92 847 200 904 vocatu
221 857 262 917 te,
283 847 375 906 trater
396 848 580 918 charissime,
599 858 631 905 vt
654 865 724 906 meo
745 849 888 921 exemplo
909 848 979 904 talia
1000 847 1119 920 operari
1142 848 1276 914 discass

93 934 225 1008 Sumpta
239 935 365 1008 proinde
378 938 467 1009 pelui,
481 937 526 994 sac
539 937 619 1010 quod
633 953 682 993 me
697 936 796 994 lacere
807 935 949 993 intueris!
988 935 1058 1009 lpse
1070 936 1249 1007 vero,culpa

92 1039 156 1092 sua,
169 1023 334 1080 subridens
346 1025 384 1081 ad
397 1024 496 1082 socios
508 1025 662 1082 remeauit.

591 1197 756 1254 Narratio¹.

131 1302 203 1375 [bis.
217 1303 285 1360 Tib.
298 1304 391 1360 adds:

130 1379 337 1460 (Bubullcus²
348 1391 470 1464 quidam
484 1389 605 1447 nomine
618 1387 725 1447 Petrus
742 1405 810 1445 cum
825 1388 855 1444 in
872 1387 948 1446 sesto
963 1388 1057 1446 Marie
1071 1389 1249 1462 Magdalene

92 1479 264 1552 plaustrum
281 1478 436 1548 iunxisset,
449 1487 479 1536 et
494 1480 589 1536 boues
606 1477 771 1535 maledictis
783 1485 913 1549 urgeret,
926 1477 1063 1549 protinus
1076 1478 1169 1534 boues
1181 1495 1249 1534 cum

92 1577 193 1625 aratro
205 1586 224 1624 a
235 1566 359 1624 fulmine
368 1575 570 1637 assumuntur,
581 1575 611 1622 et
623 1565 688 1638 ipse
703 1565 809 1621 Petrus
818 1564 870 1637 qui
883 1565 938 1620 hoc
951 1564 1132 1636 imprecatus
1144 1565 1248 1636 suerat,
1266 1583 1295 1618 ιο

92 1657 246 1731 supplicio
271 1656 406 1712 atrociori
430 1664 592 1729 torquetur.
645 1655 723 1710 Nam
750 1652 839 1726 (ignis
864 1671 933 1710 eum
958 1652 1082 1726 arripuit
1107 1654 1182 1710 adeo
1206 1656 1249 1726 ut)

93 1746 237 1802 cmnssaus
255 1753 285 1801 et
303 1744 404 1801 neruis
422 1744 495 1801 tibie
515 1742 689 1815 (consumtis
706 1759 775 1798 ossa
792 1750 929 1815 paterent
946 1743 987 1812 et)
1001 1759 1019 1797 a
1035 1759 1089 1798 sua
1105 1759 1250 1816 compage

92 1833 164 1890 tibia
181 1834 374 1904 soltueretur.
410 1831 495 1888 Tunc
514 1831 669 1889 ecclesiam
682 1832 709 1887 b.
723 1829 848 1902 uirginis
867 1829 972 1885 adiens
991 1829 1093 1886 tibiam
1112 1831 1155 1896 in)
1175 1830 1249 1887 sora·

93 1922 176 1978 mine
189 1920 318 1978 ecclesie
336 1920 490 1977 abscondit
505 1920 546 1991 (et
558 1921 675 1976 beatam
692 1917 838 1990 uirginem
854 1917 994 1980 Matriam
1007 1934 1063 1989 pro
1076 1934 1131 1974 sua
1143 1917 1251 1975 libera·

92 2009 180 2066 cione
195 2009 351 2082 (lacrymis
363 2017 393 2065 et
410 2008 549 2082 precibus
566 2005 702 2079 rogauit).
741 2005 778 2061 Et
790 2023 861 2063 ecce
874 2007 960 2060 beata
972 2005 1057 2078 uirgo
1069 2022 1137 2061 cum
1152 2005 1250 2074 (beato
1266 2022 1294 2072 15

74 2097 217 2170 ›Ypolito
236 2096 410 2170 apparens),
424 2096 522 2153 eidem
536 2093 655 2167 Ypolito
674 2101 707 2150 ut
727 2092 850 2150 Petrum
871 2092 1008 2165 (pristine
1027 2091 1145 2149 sanitati
1164 2093 1250 2150 resti-

92 2185 203 2246 tueret)
219 2185 387 2257 imperauit.
425 2183 483 2254 Qui
496 2182 597 2239 tibiam
611 2183 649 2238 de
661 2180 818 2254 so(ramine
838 2180 988 2253 accipiens
1005 2181 1069 2236 loco
1085 2197 1141 2237 suo
1153 2181 1249 2254 quasi)

92 2273 249 2329 surculum
270 2271 370 2328 arbori
390 2271 421 2328 in
445 2273 609 2338 m0(mento
631 2269 762 2326 inseruit.
799 2268 846 2338 ln)
869 2286 928 2341 qua
947 2267 1133 2341 ins[i]tione'
1153 2277 1250 2326 tantos

91 2361 230 2428 doliores
249 2359 343 2416 sensit
360 2360 404 2429 ut)
418 2360 481 2415 suis
498 2357 677 2415 clamoribus
689 2366 781 2414 totam
795 2357 949 2426 famili(am
963 2355 1127 2426 excitaret).
1165 2357 1250 2414 Noua

91 2449 176 2504 enim
201 2464 279 2504 coxa
303 2446 420 2503 mollior
438 2463 528 2519 quam
552 2448 681 2518 (uetusta
700 2445 738 2502 ad
757 2444 1006 2519 pulblicacionem
1026 2444 1159 2502 miraculi
1180 2463 1249 2503 eum
1264 2459 1296 2494 20

91 2536 263 2593 claudicare
276 2533 380 2607 coegit.
416 2533 501 2591 Tunc
513 2533 620 2590 iterum
633 2533 720 2590 beata
732 2533 818 2605 uirgo
829 2549 980 2605 apparens
992 2531 1078 2589 iussit
1087 2531 1205 2606 Ypolito
1218 2543 1250 2590 ut

91 2624 238 2697 quicquid
251 2622 399 2680 curacioni
415 2624 534 2680 deesset
552 2622 716 2694 suppleret.
754 2620 812 2691 Qui
829 2621 961 2693 persecte
978 2631 1107 2690 sanatus,
1121 2621 1251 2678 recluso·

91 2713 173 2768 rium
186 2711 343 2783 inltrlauit.
380 2709 436 2767 Cui
445 2710 581 2766 diabolus
593 2709 623 2765 in
637 2708 738 2783 specie
751 2709 831 2764 nude
843 2708 976 2764 mulieris
988 2708 1250 2782 (frequendissime

91 2801 269 2874 apparebat,
286 2808 316 2856 et
335 2799 445 2854 nudam
464 2814 499 2854 se
517 2797 544 2854 ei
565 2797 716 2870 ingerens,
733 2805 844 2869 quanto
863 2796 935 2867 (ille)
954 2795 1064 2852 sorcius
1083 2796 1250 2864 resistebat,

91 2897 178 2944 tanto
190 2889 243 2945 illa
251 2887 280 2944 ei
291 2885 501 2958 impudencius
513 2884 711 2942 incumbebat.
741 2882 877 2940 Tandem
889 2884 997 2940 stolam
1007 2883 1248 2954 sacerdoltalem)
1264 2898 1294 2947 ²5

93 2978 173 3034 collo
197 2975 264 3034 eius
286 2975 387 3044 cinxit,
406 2983 437 3032 et
456 2991 527 3030 mox
545 2973 662 3030 diabolo
683 2973 873 3042 abcetdenlte
892 2973 1020 3028 cadauer
1038 2970 1190 3043 putridum
1209 2971 1249 3028 ibi

92 3080 259 3122 remanens
271 3064 398 3132 tanltum
412 3061 537 3118 fetorem
547 3061 704 3128 mallabat,
715 3069 747 3116 ut
760 3061 860 3116 nullus
872 3060 1036 3132 ambigeret
1046 3059 1118 3132 quin
1130 3059 1250 3132 (corpus

92 3150 234 3224 ali)cuius
247 3149 382 3207 mulieris
395 3149 500 3206 fuisset
513 3150 593 3222 quod
605 3149 742 3205 diabolus
756 3146 1013 3220 (assumpsitsset,]

273 3374 297 3436 ll
319 3360 375 3432 Da
393 3389 510 3430 sanent
532 3361 705 3430 Mnxrnrrx
723 3388 849 3429 vincins
868 3389 906 3428 ar
925 3387 1072 3428 nnnrrns.

158 3503 234 3562 Eata
257 3501 418 3574 Maxentio,
437 3503 528 3561 nobili
553 3502 645 3576 stirpe
672 3503 837 3576 progenita,
857 3511 943 3576 patre
962 3500 1100 3559 videlicet
1120 3503 1249 3575 quodam

195 3609 269 3664 rege
281 3591 439 3648 Scotorum
452 3591 572 3648 nomine
587 3591 768 3660 Marcolano‚
778 3591 839 3647 tide
852 3589 980 3647 nobilior
992 3589 1063 3646 fuit:
1083 3599 1112 3646 et
1125 3592 1204 3663 quod
1219 3591 1249 3646 in
1263 3611 1296 3659 ³0

92 3679 236 3753 baptismi
261 3679 379 3736 lauaem
403 3679 548 3751 promisit,
570 3679 703 3736 moribus
729 3677 894 3752 adimplere
918 3679 1039 3735 curauit.
1078 3675 1250 3734 Erudienda

93 3784 229 3840 namque
248 3766 365 3837 litteris,
384 3784 444 3824 non
463 3767 561 3823 solum
580 3765 753 3840 prouisione
771 3775 941 3838 parentum,
961 3766 1015 3821 sed
1035 3781 1167 3838 superna
1189 3763 1249 3821 dis-

93 3855 257 3930 positione,
270 3854 386 3920 tradita,
399 3863 563 3927 sanmoque
581 3853 687 3927 spin'tu
707 3852 897 3923 inflammata,
910 3852 1088 3924 virginitatis
1102 3852 1248 3910 honorem

93 3959 222 4001 seruare
246 3958 315 3998 cum
339 3941 437 3998 studio
462 3943 631 4000 conabatur.
649 3999 653 4006 ,
669 3941 762 3998 Cuius
786 3940 895 3996 famam
921 3939 1088 4012 miramque
1113 3939 1248 4010 corporis

93 4029 351 4105 pulchritudinem
364 4030 489 4086 audiens
506 4031 649 4103 princeps
661 4029 784 4101 quidam
798 4027 921 4085 nomine
936 4025 1115 4095 Maxentius,
1127 4025 1248 4098 gentilis
1262 4039 1293 4090 35

94 4135 131 4176 ac
141 4117 298 4188 barbarus,
306 4116 338 4173 in
348 4133 481 4174 amorem
495 4115 574 4173 illius
587 4116 708 4187 exarsit,
718 4125 749 4174 et
761 4131 779 4172 a
789 4125 883 4190 patre,
891 4123 922 4172 vt
935 4114 993 4170 sibi
1003 4114 1248 4187 desponsaretur,

131 4301 268 4362 'etceg
286 4300 351 4351 Aur.
363 4315 388 4363 p.
401 4313 450 4362 503
463 4299 547 4364 (Viuc.
560 4298 625 4349 Reli.
637 4297 748 4349 xxv11.
760 4299 797 4364 9).
902 4296 957 4346 ¹T.
971 4297 1094 4348 Babulus.
1191 4293 1249 4347 '‘I'.

95 4368 246 4427 inscisione,
257 4365 312 4418 VB.
326 4367 475 4417 insertione.
