3028 4894
402 316 477 408 Di
501 311 665 403 &anat
691 313 964 403 willibalde&
1183 323 1256 410 463

102 518 223 575 iacebat
244 518 424 588 aduenisset,
445 535 569 592 aspersa
593 535 687 590 super
709 519 855 575 cadauere
879 535 956 591 aqua
981 517 1138 575 benedicta
1162 517 1255 575 dixit:

103 605 273 664 ‘Dominus
288 607 396 690 ihesus
409 607 557 676 Christus,
570 605 600 662 in
615 605 698 662 cuius
716 605 838 662 nomine
857 606 999 679 magister
1011 623 1098 662 meus
1112 605 1256 678 plurimas

104 697 167 750 iam
192 694 262 751 iecit
287 694 421 764 virtutes,
446 694 513 768 ipse
537 703 567 750 te
595 711 704 751 sanare
728 693 881 766 dignetur.¹
920 693 957 750 Et
982 694 1081 750 statim
1106 694 1192 766 quasi
1217 695 1256 752 de

104 799 236 855 sompno
254 782 390 854 excitata,
404 781 542 850 surrexit,
560 790 591 838 et
610 799 704 854 super
721 781 830 838 lectum
850 783 987 838 residens
1007 783 1148 838 sudorem
1167 798 1255 838 suum

103 871 239 941 detersit,
259 872 380 927 dicens:
400 871 575 944 ‘Videbam
593 869 698 942 inquit,
717 869 795 926 circa
814 886 871 940 me,
891 880 1060 926 extremum
1079 871 1254 944 priusquam
1270 882 1285 936 5

103 957 272 1015 anhelitum
301 959 479 1028 amitterem,
510 959 657 1030 quosdam
691 957 870 1030 nigerrimos
902 959 940 1015 ad
969 959 1176 1015 deuorandum
1207 975 1256 1016 me

103 1055 237 1120 paratos,
249 1047 300 1119 qui
316 1046 538 1104 circumdantes
555 1062 611 1115 me,
624 1055 654 1101 et
671 1047 766 1118 pedes
785 1063 870 1102 meos
888 1063 956 1102 cum
972 1045 1110 1102 manibus
1129 1045 1256 1103 circum·

103 1134 243 1206 ligantes,
257 1152 314 1206 per
326 1151 435 1208 aspera
447 1134 605 1190 trahebant
617 1134 689 1190 loca.
728 1132 766 1189 Et
778 1150 847 1189 cum
859 1133 897 1188 ad
910 1143 1060 1189 tormenta
1073 1151 1122 1192 me
1136 1133 1255 1190 trahere

104 1220 283 1289 niterentur,
302 1231 423 1278 sanctus
435 1221 644 1278 Winwaloeus
664 1221 722 1277 illis
743 1220 889 1288 obuiam,
897 1221 1068 1277 terribiliter
1088 1237 1141 1278 eos
1159 1221 1256 1278 incre·

103 1309 189 1381 pauit
202 1318 232 1366 et
244 1308 318 1365 dixit
331 1329 338 1365 :
359 1312 374 1340 “
385 1307 530 1365 Dimittite
544 1309 622 1365 hanc
634 1307 716 1364 mihi.
743 1308 784 1364 Vt
795 1309 866 1380 quid
876 1309 958 1366 enim
971 1318 1032 1366 tam
1045 1310 1187 1366 audacter
1200 1310 1255 1366 hoc
1272 1320 1301 1356 10

104 1396 206 1452 scelus
225 1395 255 1452 in
275 1413 374 1453 meam
393 1407 569 1469 perpetrare
587 1395 760 1469 temptatisl
779 1396 965 1453 famulam?”
1003 1396 1050 1452 Illi
1072 1396 1256 1454 consternati

103 1493 197 1556 atque
206 1483 371 1557 stupefacti,
380 1501 548 1558 repugnare
559 1483 694 1540 volentes
702 1484 756 1540 sed
767 1483 868 1539 diuino
878 1483 1051 1556 [terrente]²
1059 1485 1186 1558 imperio
1195 1503 1255 1541 non

104 1572 263 1640 audentes,
281 1589 331 1628 me
350 1572 543 1644 reliquerunt
580 1570 697 1641 Quibus
716 1570 759 1627 sic
779 1570 895 1644 sugatis,
914 1582 1036 1629 sanctus
1055 1574 1102 1629 dei
1124 1573 1255 1629 animam

105 1677 207 1715 meam
225 1660 262 1715 ad
282 1677 390 1732 corpus
403 1659 521 1716 reduxit
534 1666 564 1715 et
580 1659 655 1715 sicut
667 1657 775 1715 videtis
787 1659 826 1715 ad
838 1658 929 1716 vitam
943 1659 1086 1716 restituit!
1158 1648 1256 1717 ³Erat

104 1755 208 1804 autem
228 1748 413 1804 consuetudo
432 1745 510 1804 beati
522 1745 711 1814 Winwaloei,
724 1746 882 1803 ecclesiam
896 1746 1021 1803 miliario
1034 1765 1093 1804 vno
1109 1765 1126 1804 a
1138 1765 1255 1805 monas·
1271 1759 1300 1810 ¹5

104 1835 183 1892 terio
208 1835 369 1892 distantem
391 1852 460 1891 cum
481 1836 612 1908 quodam
637 1834 771 1903 diacono,
792 1834 914 1890 nomine
937 1833 1061 1908 Egbino,
1083 1835 1204 1893 visitare
1226 1846 1257 1893 et

104 1933 168 1978 tam
186 1940 241 1995 pro
255 1923 331 1980 viuis
345 1939 434 1995 quam
447 1921 595 1979 defunctis
612 1921 726 1978 hostias
738 1921 778 1978 ibi
792 1923 848 1978 deo
862 1921 1024 1978 immolare.
1046 1923 1162 1979 Accidit
1175 1923 1256 1981 enim

103 2009 159 2066 vt⁴
180 2012 252 2067 dum
274 2010 343 2066 illuc
362 2019 500 2083 tempore
523 2008 634 2066 messis
659 2009 717 2066 iter
740 2009 880 2078 lacerent,
899 2008 1079 2066 inuenerunt
1103 2010 1256 2084 leprosum

104 2099 259 2170 quendam
272 2097 419 2154 iacentem
431 2097 462 2152 in
477 2112 578 2154 messe
594 2096 727 2170 grauiter
740 2098 944 2169 plangentem,
957 2105 1052 2152 totum
1071 2115 1180 2170 eorpus
1192 2098 1257 2154 vul-

106 2185 233 2242 neribus
252 2185 383 2258 plenum,
398 2184 489 2241 ilebili
501 2202 575 2241 voce
594 2185 738 2240 auxilium
757 2185 795 2240 ab
813 2184 858 2240 eis
876 2185 1087 2256 postulantem.
1125 2185 1162 2242 Et
1175 2204 1255 2242 acce·
1271 2202 1302 2240 ro

104 2275 184 2329 dens
202 2275 240 2329 ad
259 2290 329 2330 eum
341 2272 547 2329 Winwaloeus
558 2272 652 2329 dixit:
676 2271 759 2342 ‘Que
778 2281 849 2328 sunt
867 2271 1062 2339 infirmitates,
1080 2273 1179 2342 irater,
1201 2291 1256 2347 pro

104 2361 215 2434 quibus
232 2371 293 2417 tam
312 2361 414 2434 grauia
431 2353 561 2434 suspiria
578 2361 724 2417 emittisi'
760 2360 815 2417 Cui
828 2359 877 2417 ille
890 2359 949 2418 ait:
968 2361 1095 2434 ‘Magne
1111 2362 1256 2434 angustie,

103 2466 217 2524 graues
235 2451 355 2506 dolores
376 2449 550 2522 quatiuntur
567 2448 599 2504 in
621 2465 747 2521 corpore
769 2466 845 2506 meo.
883 2448 1013 2522 Insuper
1030 2459 1059 2507 et
1077 2467 1154 2506 vnus
1173 2451 1258 2507 dolor

104 2539 187 2594 inest
199 2537 272 2593 mihi
285 2539 335 2611 qui
348 2547 463 2594 tantum
477 2545 523 2595 est
541 2536 704 2593 infirmitati
720 2554 788 2594 mee
801 2537 911 2594 noxius
922 2547 953 2594 vt
965 2539 990 2594 si
1004 2538 1084 2595 hunc
1097 2538 1177 2595 diem
1190 2541 1256 2596 sine

104 2625 196 2682 huius
209 2626 320 2683 doloris
333 2625 442 2682 auxilio
460 2625 617 2695 transiero,
630 2633 758 2682 mortem
771 2626 870 2698 potius
883 2643 973 2699 quam
985 2626 1076 2683 vitam
1088 2626 1256 2700 proximam
1271 2643 1300 2693 ²⁵

103 2732 176 2771 esse
195 2724 284 2787 puto:
314 2715 410 2771 Nares
429 2715 510 2772 enirn
530 2731 598 2771 mee
617 2713 720 2770 dolore
738 2714 896 2770 vulnerum
917 2715 1008 2788 plene
1029 2723 1258 2778 concremantur

103 2804 145 2860 ab
158 2804 274 2871 ardore,
283 2812 314 2859 vt
322 2805 416 2871 vides,
429 2810 510 2860 tante
518 2800 716 2858 infirmitatis?
740 2801 806 2859 Hec
818 2803 943 2858 audiens
952 2803 998 2859 vir
1006 2803 1054 2859 dei
1061 2801 1081 2870 ³,
1090 2819 1256 2876 pauperem

104 2908 164 2964 per
181 2891 274 2948 latera
293 2889 545 2965 arripiens-quia
564 2907 678 2963 pronus
696 2889 727 2945 in
746 2898 827 2946 terra
844 2889 1100 2948 iacebat-erexit.
1138 2891 1256 2948 Etcum

104 2997 216 3036 manus
238 2980 276 3035 ad
295 2996 384 3036 nares
406 2978 581 3051 porrigeret,
601 2995 716 3050 pauper
734 2977 823 3034 ssebili
844 2995 916 3034 voce
937 2987 969 3034 vt
988 2985 1106 3052 poterat
1124 2979 1257 3036 clamare

104 3066 207 3139 cepit:
236 3067 331 3136 ‘Noli
354 3066 463 3135 senior,
484 3066 545 3122 noli
571 3065 710 3123 manibus
729 3074 852 3138 tangere
878 3083 975 3134 nares,
995 3065 1065 3138 quia
1085 3066 1171 3123 dolor
1194 3084 1255 3123 non
1271 3089 1303 3138 30

104 3154 269 3228 permittit:
290 3156 344 3211 sed
364 3153 389 3211 si
408 3171 464 3228 pro
483 3155 660 3210 remissione
672 3163 862 3226 peccatorum
876 3163 995 3209 tuorum
1008 3154 1140 3210 dolorem
1154 3172 1257 3211 meum

104 3242 221 3299 leuiare
239 3241 378 3311 volueris,
392 3259 518 3299 necesse
537 3251 584 3298 est
602 3240 675 3298 mihi
688 3251 720 3298 vt
738 3241 769 3297 in
788 3259 841 3298 ore
859 3249 911 3297 tuo
929 3258 1018 3298 nares
1033 3259 1116 3299 meas
1129 3243 1257 3311 miseria,

104 3340 138 3388 et
163 3330 203 3386 ita
228 3347 277 3387 me
298 3348 388 3386 sanes
396 3330 424 3387 ⁶.’
462 3329 641 3386 Humiliauit
665 3339 763 3386 autem
785 3347 819 3386 se
841 3330 946 3385 beatus
971 3328 1196 3388 winwaloeus:
1225 3339 1256 3387 et

104 3419 227 3490 quando
245 3417 359 3490 putauit
373 3418 485 3474 leuiare
498 3435 663 3490 pauperem
677 3419 707 3474 in
727 3435 779 3474 ore
796 3435 860 3486 suo,
873 3435 994 3475 carnem
1008 3417 1056 3475 dei
1069 3418 1207 3491 excepit;
1227 3427 1256 3474 et

105 3523 180 3563 mox
191 3514 223 3563 vt
239 3507 276 3562 ad
293 3523 327 3562 se
340 3506 429 3562 traxit
442 3506 566 3562 halitum
575 3505 595 3572 ⁷,
607 3514 692 3580 petra
710 3505 853 3561 mirabilis
869 3504 899 3561 in
917 3523 970 3562 ore
988 3505 1053 3562 eius
1065 3506 1180 3564 cecidit.
1219 3507 1256 3562 Et
1272 3525 1301 3576 35

104 3597 213 3652 beatus
234 3593 368 3668 Egbinus
387 3611 443 3668 per
461 3594 553 3651 latera
572 3594 728 3651 dominum
747 3602 864 3661 tenens,
882 3610 1001 3650 sursum
1019 3593 1139 3666 aspexit
1157 3594 1256 3651 celum

104 3691 253 3755 apertum,
276 3692 305 3738 et
326 3682 357 3738 in
379 3683 476 3756 capite
500 3681 613 3738 domini
635 3699 725 3754 quem
747 3683 868 3738 tenebat
888 3689 991 3737 sancta
1011 3699 1085 3738 cmx
1110 3683 1256 3755 apparuit,

103 3771 290 3843 angelosque
313 3770 431 3826 obuiam
457 3770 579 3827 domino
602 3769 707 3826 venire
730 3769 819 3838 vidit3
847 3778 876 3826 et
897 3768 1045 3826 sacerdoti
1062 3769 1120 3828 ait:
1150 3771 1258 3828 ‘Pater

104 3867 220 3928 sancte,
245 3857 345 3931 ipsum
366 3875 457 3931 quem
483 3867 571 3915 teneo
597 3858 734 3914 manibus
759 3867 789 3913 et
812 3867 844 3913 tu
869 3875 930 3926 ore,
953 3857 1113 3938 dominum,
1134 3858 1256 3915 ihesum

104 3944 270 4018 Christum,
283 3945 335 4020 qui
353 3963 407 4019 pro
424 3945 510 4002 nobis
527 3947 724 4020 semetipsum
739 3945 876 4019 permisit
889 3945 1031 4020 crucifigi,
1047 3963 1116 4003 esse
1129 3948 1220 4003 credo
1229 3947 1256 4004 ⁸.'
1270 3955 1302 4004 40

140 4119 193 4168 ιΤ.
207 4119 237 4170 Ε.
250 4119 403 4181 temptastis.
491 4118 548 4170 ’so
557 4120 604 4170 T.:
624 4120 651 4171 E.
665 4119 804 4169 conterriti.
904 4119 988 4168 ’The
999 4119 1134 4182 following
1145 4121 1257 4178 miracle,

47 4187 54 4199 '
103 4192 198 4236 exunt
217 4186 243 4234 in
261 4185 318 4235 MS.
339 4184 413 4236 Bodl.
430 4201 479 4246 240
497 4187 560 4245 (and
578 4186 639 4236 Vita
657 4186 783 4248 Ethbini),
800 4185 823 4234 is
839 4186 957 4246 wanting
976 4186 1002 4234 in
1021 4187 1065 4235 the
1082 4188 1158 4236 other
1174 4188 1256 4244 lives:

105 4254 126 4301 it
140 4252 163 4299 is
175 4251 291 4300 ascribed
303 4251 392 4314 hythe
405 4251 470 4302 Boll.
485 4259 512 4300 to
524 4254 635 4302 another
644 4267 768 4316 younger,
779 4251 968 4314 Winwaloeus,
981 4253 1082 4302 ‘socius
1095 4253 1121 4302 S.
1133 4251 1256 4304 Erhbini!

103 4317 188 4432 16215.
201 4317 292 4379 Egbin.
327 4380 375 4431 'T
392 4315 413 4432 ἱ
414 4332 463 4365 om.
477 4317 503 4365 in
515 4317 591 4369 Bodl.
708 4317 767 4369 ‘al
781 4317 916 4368 Ethbinus.
1015 4319 1075 4368 ‘al
1086 4319 1122 4368 ita
1134 4320 1255 4370 traxeris.

160 4399 228 4434 .om.
375 4420 381 4434 .
407 4383 519 4434 '.crede.
