3012 4898
274 321 346 414 308
587 317 719 410 tutta
743 313 934 420 lunius
957 313 1109 419 {tontis
1288 332 1440 400 [ts-m

272 523 306 572 de
317 520 409 586 quibus
420 520 542 586 scriptum
554 519 605 580 eet)
617 535 624 570 ι
644 519 660 548 “
669 519 792 569 Potentes
803 519 937 584 pote(nter
947 525 1074 570 tormenta
1084 515 1248 581 paciuntur?
1259 519 1305 582 qui
1320 519 1440 577 scilicet)

273 615 326 648 uon
343 599 409 648 bene
422 600 461 648 usi
476 599 547 663 (suut
564 599 684 660 potencia
699 597 747 646 sibi
763 613 780 646 ι
796 598 846 646 deo
863 595 952 654 detail
985 597 1057 646 Tunc
1073 596 1158 646 anima
1175 596 1222 655 (ait
1237 597 1273 646 ed
1291 598 1442 659 angelmn:

276 677 378 738 ‘Quare
388 677 520 740 poteuicis
529 691 581 726 nou
590 677 665 725 bouis
675 677 769 740 (datur,
779 683 807 724 ut
815 675 882 724 bene
891 673 1017 738 pneeintl'
1051 674 1197 737 Respondit
1207 674 1336 738 angelum)
1347 693 1356 726 :
1370 677 1442 724 ‘Aut

273 755 444 818 sub(ditorurn
453 753 528 818 culpe
536 755 586 804 boc
597 755 704 816 exigrmt
715 760 744 802 ut
753 753 847 816 bonos)
858 751 994 802 doctores¹
1003 760 1067 814 (nou
1080 753 1200 811 babeant,
1209 761 1255 802 aut
1267 754 1349 818 ipsis)
1361 755 1442 803 bouis

244 833 301 894 pin
318 834 368 882 boc
385 833 506 898 parcitur,
524 839 554 882 ut
570 832 655 896 (saluti
675 832 817 880 animarum
834 830 947 894 suarum)
966 831 1057 880 melius
1072 830 1236 893 prouidesnt.
1273 831 1330 880 Hic
1349 841 1442 882 autem

275 911 384 974 (infelix,
397 910 531 974 princ)eps
541 911 703 960 tenebrentur
718 911 801 958 dictus
815 917 865 968 eet,
877 923 928 958 uon
941 917 1048 972 propter
1057 909 1202 972 potenciam
1217 924 1298 970 quem
1310 910 1442 970 babeet¹,

273 998 315 1039 set
337 996 444 1052 propter
463 991 597 1052 primatum
619 1003 696 1052 quem
720 985 815 1052 [tenet]
839 988 866 1036 iu
889 987 1010 1038 tenebris.
1046 987 1144 1036 Omnes
1164 993 1253 1036 autem
1280 987 1334 1038 alie
1359 1004 1442 1050 pene,

274 1069 392 1130 quamuis
409 1068 531 1131 (menime
547 1068 607 1126 sint,
625 1067 758 1130 respecltu
775 1067 850 1116 buius
867 1081 915 1128 pro
932 1065 1028 1114 nimilo
1044 1063 1241 1129 computantis!
1276 1065 1314 1118 Et
1330 1069 1441 1116 minna:

276 1145 386 1196 ‘Verum
403 1153 473 1196 certe
489 1153 538 1204 est,
556 1161 615 1198 nans
632 1146 721 1194 uidere
737 1143 913 1194 tantummodo
930 1144 1015 1194 locum
1032 1144 1107 1194 istum
1125 1145 1207 1206 mag'ss
1226 1159 1271 1194 me
1291 1146 1397 1206 nubet,
1415 1152 1442 1194 et

231 1233 261 1270 ιο
274 1225 382 1274 fetorem
399 1224 456 1274 eius
471 1225 600 1274 sustinere
616 1239 658 1272 me
674 1223 731 1286 plus
750 1223 858 1286 (gruunt,
869 1237 947 1285 quem
963 1222 1016 1286 peti
1033 1222 1118 1272 omnia
1134 1237 1186 1286 que
1201 1229 1283 1270 antes
1302 1225 1439 1285 psdeber.

275 1301 350 1354 Vnde
362 1317 434 1364 rogo,
447 1303 470 1352 si
481 1309 567 1365 potest
579 1301 643 1360 fieri,
656 1309 684 1350 ιιι
695 1301 756 1350 hinc
771 1317 813 1349 me
827 1301 964 1350 subtmhas
975 1301 1037 1362 cito,
1049 1307 1076 1348 et
1089 1299 1130 1348 hic
1144 1315 1186 1348 me
1197 1301 1314 1364 mplius
1324 1301 1441 1350 cruciari

274 1395 327 1429 nou
346 1381 485 1443 permittes.
520 1379 570 1428 Hic
588 1379 657 1429 enim
675 1379 754 1428 uideo
773 1378 868 1428 multos
886 1379 1007 1440 cognitos
1028 1385 1055 1428 et
1075 1377 1179 1428 sodales
1197 1385 1226 1426 et
1244 1387 1328 1428 notos
1351 1395 1441 1438 meos,

274 1473 340 1520 quos
351 1473 450 1508 mecum
463 1457 490 1506 in
501 1457 590 1507 seculo
602 1457 743 1518 gaudebam
759 1457 856 1506 bebere
866 1457 961 1516 socios,
973 1471 1081 1518 quorum
1092 1457 1134 1504 bic
1145 1457 1312 1506 consorcium
1324 1460 1441 1508 multum

274 1537 436 1586 abborresco.
471 1535 549 1586 Scio'
564 1543 650 1586 autem
667 1551 714 1598 pro
732 1543 805 1584 certo
823 1535 891 1596 quod
911 1535 960 1584 nisi
980 1535 1056 1584 micbi
1075 1535 1163 1584 diuina
1180 1545 1319 1585 succurrat
1335 1539 1437 1599 gradu.

230 1623 260 1676 ¹⁵
275 1616 373 1664 meritis
385 1616 449 1664 meis
461 1613 624 1678 exigentibus
636 1628 688 1662 non
706 1615 791 1662 miuus
803 1613 853 1661 ists
868 1611 956 1674 paciar
966 1627 1043 1674 quam
1055 1610 1121 1674 ipsi’
1153 1613 1195 1662 Ad
1211 1629 1293 1676 quam
1304 1615 1441 1677 angelus:

275 1692 360 1742 ‘Veni
371 1708 387 1742 o
398 1693 460 1742 felix
476 1693 568 1752 anima,
581 1699 733 1742 conuertere
750 1692 776 1740 iu
793 1691 908 1753 requiem
926 1697 1005 1752 tuem,
1021 1692 1080 1753 quia
1097 1691 1214 1740 domiuus
1232 1692 1369 1742 benefecit
1382 1695 1440 1742 tibi.

275 1771 335 1820 Non
348 1772 415 1822 euim
428 1773 477 1820 hoc
489 1771 606 1833 pacieris,
618 1786 703 1832 neque
714 1769 832 1833 amplius,
841 1769 890 1818 nisi
901 1769 1082 1832 promerueris,
1091 1769 1139 1818 ista
1151 1769 1260 1821 uidebis.
1283 1771 1441 1834 Hucusque

274 1851 360 1900 uidisti
386 1851 545 1900 inimicorum
572 1849 614 1898 dei
640 1863 775 1908 carcerem,
804 1847 924 1896 ammodo
948 1847 1049 1897 uidebis
1071 1847 1178 1910 glorium
1205 1849 1353 1899 amicorum
1377 1850 1440 1900 dei!

276 1915 416 1980 Conuerse
434 1928 521 1977 anime
540 1927 695 1990 sequebstur
712 1925 832 1989 angelum
850 1925 1049 1990 precedentem:
1075 1933 1102 1974 et
1121 1941 1178 1975 cum
1197 1942 1251 1976 nou
1271 1927 1355 1990 longe
1377 1945 1438 1992 per·

230 2023 262 2062 ιο
275 2015 376 2069 gerent,
394 2005 460 2056 fetor
476 2007 590 2068 euenuit,
609 2005 795 2066 destructisque
812 2004 925 2053 tenebris
942 2003 986 2052 lux
1003 2005 1129 2066 apparuit.
1165 2004 1186 2054 F
1188 2013 1323 2068 ugntoque
1339 2009 1439 2057 timore

274 2086 399 2136 securitus
410 2085 491 2144 rediit,
504 2091 531 2134 et
541 2084 659 2147 deposita
676 2083 782 2134 tristicia
798 2083 882 2134 enims
899 2081 942 2130 ille
959 2082 1058 2146 replete
1075 2090 1115 2132 eet
1130 2084 1227 2146 gaudio
1244 2091 1274 2133 et
1287 2085 1390 2146 leticie,
1403 2089 1440 2135 ita

275 2173 304 2216 ut
319 2179 349 2214 se
366 2172 418 2214 tem
435 2165 487 2212 cito
503 2169 625 2212 mutntem
640 2163 784 2221 miteretur,
800 2169 827 2210 et
844 2161 955 2210 diceret:
974 2161 1013 2210 ‘O
1031 2162 1142 2221 domine,
1155 2164 1290 2224 quomodo
1309 2172 1365 2214 tam
1383 2167 1438 2214 cito

276 2251 373 2292 mutata
394 2238 483 2292 suml’
522 2241 571 2292 Cui
592 2241 717 2304 angelus:
741 2239 903 2289 ‘Benedicta
924 2239 978 2288 sis:
1003 2255 1037 2288 ue
1059 2240 1191 2298 timuerls3
1220 2241 1270 2290 bec
1294 2251 1340 2293 est
1362 2245 1438 2292 euim

275 2321 386 2370 mutacio
398 2322 505 2370 dextere
517 2319 629 2378 excelsi,
646 2319 777 2382 peralium
793 2327 878 2368 sutem
896 2318 964 2366 uiam
982 2319 1091 2367 transire
1107 2319 1231 2368 debemus
1250 2319 1277 2368 in
1294 2323 1438 2383 regionem
1496 2333 1497 2338 ’

231 2414 262 2468 25
277 2407 400 2450 nostrum.
433 2399 472 2448 Tu
484 2414 548 2460 ergo
560 2398 668 2448 benedic
683 2397 814 2448 domiuum
831 2403 857 2446 et
872 2410 981 2458 sequere
996 2394 1054 2444 me!
1088 2397 1185 2446 Euutee
1200 2405 1290 2447 autem
1308 2401 1438 2450 uiderunt
1496 2387 1497 2423 ἢ

276 2493 377 2528 murum
388 2478 465 2526 nimis
481 2477 570 2538 altum,
582 2483 608 2526 et
625 2477 693 2525 intre
709 2491 809 2525 murum
826 2491 860 2524 ex
877 2474 920 2522 illa
937 2481 1010 2536 purte
1027 2489 1078 2537 qus
1094 2483 1232 2534 uenenrnt,
1245 2483 1303 2526 erat
1321 2479 1439 2540 plurima

275 2557 413 2606 multitudo
431 2556 542 2604 uirorum
559 2570 589 2604 sc
608 2553 753 2618 mulierum)
772 2553 884 2617 pluuium
902 2551 940 2615 (et
956 2559 1062 2602 uentum
1078 2553 1283 2604 sustineucium:
1310 2565 1341 2605 et
1359 2567 1439 2606 eraut

276 2635 362 2700 ualde)
376 2635 472 2692 tristes,
485 2633 588 2694 (famem
600 2639 627 2682 ct
643 2632 713 2682 sitim
730 2633 905 2688 sustinentes;
922 2630 1008 2680 lumen
1025 2640 1111 2682 temen
1128 2631 1267 2690 habebant,
1280 2641 1307 2682 et
1322 2633 1437 2686 fetorem

276 2729 329 2764 nou
351 2711 522 2774 senciebaut).
563 2712 636 2762 Tunc
658 2713 695 2763 ait
716 2711 854 2776 en(gelus:
880 2711 941 2761 'lsti
959 2712 1063 2774 quidem
1085 2710 1144 2758 mali
1166 2696 1280 2770 fuciunt,
1301 2721 1346 2762 set
1366 2719 1437 2777 non}

231 2807 264 2858 30
276 2793 369 2842 uelde:
386 2791 509 2854 bones(te
526 2790 655 2850 uixenrnt,
670 2799 711 2841 set
728 2793 796 2840 boue
812 2789 973 2853 temporalis)
992 2788 1147 2852 pauperibus
1164 2804 1216 2838 nou
1235 2789 1311 2852 (sunt
1329 2791 1439 2856 largiti:
1495 2781 1496 2786 ¹

276 2878 303 2922 et
319 2872 379 2920 ideo
397 2885 444 2932 per
460 2870 558 2931 aliquot
574 2869 668 2932 annos)
688 2870 822 2932 pacientur
840 2867 973 2930 (pluuium,
990 2875 1105 2932 uentum,
1123 2867 1215 2916 famem
1233 2875 1260 2916 et
1277 2869 1372 2933 sitim),
1394 2881 1439 2922 set

276 2956 335 3014 post
344 2949 482 3012 du(centur
492 2949 526 2997 ad
538 2947 630 2997 bonnm
644 2946 776 3012 requiem!
845 2931 950 2996 Euutee
961 2946 1114 3008 pauliulum,
1124 2945 1265 3010 uene(runt
1275 2949 1309 2996 ad
1319 2959 1438 3014 portam,

276 3044 326 3090 que
338 3027 405 3076 ultro
423 3033 512 3092 apertu
527 3025 577 3088 est)
597 3025 642 3077 eis.
677 3026 762 3087 Quam
779 3040 836 3074 cum
854 3025 999 3086 intrassent,
1015 3023 1154 3088 (uiderunt)
1167 3039 1287 3086 campum
1302 3026 1436 3088 pulcmm,

276 3106 443 3166 odoriferum,
454 3105 560 3154 floribus
574 3103 699 3166 (plenum,
712 3104 836 3167 lucildum
853 3111 879 3152 et
895 3103 959 3152 setis
975 3119 1104 3162 amenum,
1116 3102 1142 3151 iu
1158 3117 1210 3164 quo
1220 3103 1313 3162 (multe
1331 3109 1436 3170 anime)

230 3199 262 3252 35
276 3193 349 3234 erant
360 3185 493 3246 utriusque
504 3199 583 3232 sexus
597 3182 755 3248 (exultantes
762 3199 769 3239 ς
786 3190 813 3232 et
825 3197 878 3230 uox
889 3181 934 3244 ibi)
945 3197 1077 3244 nunquam
1087 3181 1141 3240 fuit,
1152 3195 1237 3243 neque
1250 3182 1302 3244 (sol
1314 3198 1437 3249 unquam

275 3263 378 3321 occidit,
395 3271 423 3312 et
438 3262 489 3324 est)
504 3261 538 3310 ibi
554 3259 613 3310 fons
629 3276 697 3324 nque
714 3262 782 3311 uiue.
817 3259 850 3308 Et
867 3260 933 3308 dixit
947 3260 1073 3322 angelus:
1090 3259 1160 3308 ‘Hic
1175 3259 1293 3310 habitant
1308 3261 1376 3312 boni
1394 3275 1437 3316 set

276 3357 329 3392 uon
339 3340 423 3402 ualde,
434 3341 477 3403 qui
489 3341 522 3389 de
534 3339 686 3388 cruciatibus
697 3339 780 3403 erepti
791 3339 905 3389 nondum
917 3345 1049 3388 merentur
1059 3344 1206 3388 sanctorum
1217 3340 1360 3390 consortio
1372 3359 1437 3394 cou-

276 3421 354 3483 iungi.
390 3419 459 3470 Fons
478 3419 526 3466 iste
547 3425 654 3468 uocetur
671 3419 781 3467 uiuens:
805 3417 828 3466 si
848 3417 907 3479 quis
924 3431 958 3466 ex
975 3417 1024 3465 hac
1043 3431 1110 3478 aqua
1126 3417 1277 3478 gustauerit,
1296 3419 1387 3482 (uiuet
1408 3424 1435 3472 iu

275 3506 394 3548 eternum
411 3496 470 3560 nec)
487 3495 562 3546 siciet
578 3493 663 3546 ultra'
698 3495 743 3562 (Et
760 3496 905 3558 procedens
922 3493 1064 3558 paululum)
1082 3495 1146 3542 uidit
1162 3494 1241 3543 laicus
1261 3496 1311 3546 sibi
1329 3498 1436 3561 (notos,

229 3592 263 3648 40
276 3577 342 3628 iuter
363 3575 440 3640 quos)
464 3581 539 3624 eraut
564 3573 702 3624 Coucober
727 3581 754 3624 et
779 3571 912 3623 Donatus‘
935 3587 1019 3634 reges
1059 3571 1160 3634 Quibus
1188 3573 1250 3622 uisis
1278 3574 1315 3624 ait
1343 3581 1437 3628 anima

275 3659 308 3706 ad
327 3654 465 3719 angelum:
484 3653 619 3712 ‘Domine,
635 3653 696 3715 quid
715 3658 755 3702 est
774 3652 840 3701 hocf
876 3651 921 3700 isti
941 3652 993 3700 duo
1011 3651 1059 3700 uiri
1078 3657 1151 3700 erant
1170 3651 1197 3700 iu
1217 3652 1271 3701 uite
1288 3667 1335 3702 sua
1354 3657 1437 3708 nimis

275 3733 395 3784 crudeles
407 3741 433 3782 et
444 3733 512 3781 inter
525 3747 554 3780 se
566 3731 675 3780 inuicem
692 3730 800 3779 multum
814 3730 925 3779 inimici:
941 3744 994 3792 quo
1011 3745 1074 3792 ergo
1089 3730 1182 3778 merito
1198 3731 1248 3779 buc
1265 3745 1403 3785 uenerunt
1412 3734 1438 3785 l’

163 3865 171 3876 ,
277 3811 423 3876 Respondit
439 3809 563 3872 angelus:
582 3809 639 3858 ‘De
655 3810 703 3858 bec
720 3809 855 3858 inimicicia
872 3814 933 3856 ente
949 3816 1057 3858 mortem
1074 3807 1249 3870 penituerunt
1290 3809 1437 3864 Coucober

275 3899 361 3941 sutem
379 3890 422 3939 diu
440 3889 538 3950 languit
552 3893 578 3938 et
592 3895 680 3936 uotum
696 3889 769 3937 uouit
783 3887 852 3949 quod
869 3887 891 3936 si
909 3887 1018 3936 uixisset
1034 3887 1174 3936 monachus
1192 3885 1274 3936 fieret
1310 3887 1436 3944 Donatus

225 3983 262 4040 45
275 3979 361 4022 autem
379 3967 537 4032 permultos
556 3980 641 4015 annos
659 3965 685 4014 in
703 3965 812 4014 uinculis
828 3964 959 4026 religatus,
978 3964 1065 4014 omnis
1081 3979 1234 4026 quecunque
1251 3965 1341 4014 habuit
1359 3971 1435 4022 dedit

275 4045 438 4112 pauperibus,
450 4053 477 4094 et
493 4045 552 4094 ideo
568 4043 669 4093 iusticia
681 4043 737 4092 eius
751 4049 838 4092 munet
850 4043 876 4090 in
888 4043 1003 4092 seculum
1019 4043 1098 4092 seculi
1110 4058 1116 4101 ς
1133 4049 1159 4092 et
1170 4049 1197 4091 tu
1210 4044 1327 4094 uarrebis
1338 4047 1433 4100 uiuen-

275 4126 343 4176 tibus
357 4125 443 4174 omnin
459 4120 524 4173 hec.¹
592 4112 762 4177 Carnuntem
773 4121 901 4170 modicum
912 4121 1094 4184 procederent,
1106 4121 1227 4170 uiderunt
1237 4122 1343 4172 domum
1355 4127 1433 4178 mirs-

275 4203 361 4254 biliter
372 4209 497 4262 ornatam,
509 4200 581 4250 cuius
592 4200 705 4264 parietes
720 4205 747 4248 et
764 4199 848 4248 omnis
864 4205 994 4248 structura
1011 4215 1045 4248 ex
1060 4213 1125 4247 auro
1142 4205 1169 4248 et
1183 4205 1295 4262 argento
1310 4211 1389 4254 eraut
1406 4213 1433 4254 et

376 4381 435 4434 ¹a1.
448 4391 570 4432 rectores.
636 4379 691 4432 ΙΤ.
706 4381 825 4432 babebat.
890 4380 1060 4434 ’vesone
1126 4382 1186 4435 ‘al
1200 4383 1332 4438 uomens
