3012 4898
327 235 330 242 Ι
397 315 483 411 θα
506 313 670 405 &mtto
695 313 872 418 mnan.
1139 335 1212 409 321

53 516 124 586 deo,
150 525 182 574 ct
200 517 333 591 preuidit
353 518 433 591 quod
454 519 486 574 in
509 535 546 576 eo
567 517 633 575 loco
655 517 753 575 honor
774 515 941 576 sanctitatis
962 525 1014 573 tue
1039 513 1213 573 hominibus

54 605 247 677 declaretur:
283 607 331 663 'in
351 605 506 663 Britannia
534 614 637 662 tamen
661 607 784 662 demum
809 603 1002 678 perueniens,
1027 603 1144 677 nsque¹
1174 603 1212 660 ad

54 693 153 750 finem
166 694 227 751 vite
246 703 297 752 tue
316 696 373 752 deo
392 694 531 752 seruiens
550 694 718 752 communis
736 693 968 752 resurrectionis
986 702 1016 750 et
1028 691 1088 749 vite
1108 700 1213 749 eterne

55 781 277 839 beatitudiuem
296 781 471 856 expectabis
480 783 507 839 ¹.’
545 781 601 839 Cui
621 782 749 839 Piranus
761 781 914 838 humiliter
927 781 1102 854 respondit:
1121 779 1162 836 ‘F
1163 797 1212 836 or-

55 869 139 924 sitan
148 869 248 926 locum
258 869 343 927 illum
354 869 428 927 mihi
441 869 576 944 ignotum
586 887 647 926 non
657 869 828 927 inueniam!
860 869 1006 926 Patricius
1017 869 1074 925 ait:
1089 866 1212 940 ‘Perge
1227 886 1241 936 5

55 955 109 1026 lili,
133 973 269 1025 securus,
287 957 428 1014 dominus
446 967 547 1015 tecum
566 957 632 1026 erit,
651 958 732 1014 etin
753 973 945 1030 quocumque
966 956 1032 1012 loco
1051 955 1211 1012 cimbalum

54 1053 145 1100 tuum
170 1054 280 1117 sponte
304 1045 448 1116 sonuerit,
470 1045 537 1103 sine
561 1044 642 1102 omni
667 1045 822 1102 dubietate
846 1043 899 1101 tibi
924 1043 1023 1100 locum
1047 1041 1212 1100 constitue!

55 1130 199 1188 Veniens
226 1149 299 1206 ergo
319 1133 350 1190 in
372 1132 550 1190 Hiberniam
570 1133 706 1202 Piranus,
732 1141 762 1189 et
784 1134 868 1188 iuxta
894 1131 1062 1204 predictum
1089 1130 1213 1198 flumen,

55 1219 223 1276 cimbalum
252 1237 350 1290 suum,
374 1221 518 1278 nemine³
541 1230 694 1294 tangente,
718 1220 833 1277 clarum
858 1236 966 1275 sonum
991 1218 1082 1276 dedit.
1125 1219 1214 1291 Aper

56 1323 144 1377 vero,
156 1307 273 1381 vulpes,
286 1317 384 1376 taxus,
398 1309 495 1382 lupus,
508 1318 538 1366 et
551 1325 640 1366 cerua
652 1325 720 1366 cum
734 1307 859 1364 hinnulo
876 1306 905 1363 ei
924 1307 1075 1363 humiliter
1090 1306 1212 1363 venien·
1231 1326 1259 1362 ιο

56 1405 109 1452 tes
128 1395 307 1452 obedienter
324 1395 503 1454 seruierunt.
541 1395 678 1466 Quadam
698 1404 797 1452 autem
820 1394 869 1452 die
886 1394 993 1467 vulpes
1014 1393 1095 1452 beati
1113 1392 1211 1451 Pirani

57 1483 178 1540 ficones
196 1482 292 1540 iurata
310 1492 365 1550 est,
384 1493 415 1541 et
433 1484 540 1542 volens
558 1485 718 1541 comedere
742 1485 780 1540 ad
803 1500 893 1540 suum
915 1481 1075 1556 pristinum
1098 1481 1212 1538 habita·

57 1571 163 1626 culum
178 1587 282 1628 secum
299 1573 476 1645 deportauit.
513 1573 599 1630 Tunc
614 1572 741 1628 Piranus
758 1579 900 1628 taxonem
918 1569 948 1626 in
967 1569 1060 1627 siluas
1078 1569 1169 1638 misit,
1181 1579 1213 1627 vt

56 1657 184 1730 vulpem
197 1675 265 1714 cum
278 1659 424 1717 ficonibus
437 1667 587 1733 quereret.
625 1658 684 1729 Qui
697 1675 829 1733 pergens
844 1658 882 1715 ad
895 1658 1049 1715 latibulum
1062 1657 1170 1730 vulpis
1183 1666 1213 1714 et

57 1763 131 1802 eum
152 1745 319 1816 inueniens,
336 1765 425 1804 aures
444 1747 509 1805 eius
528 1757 559 1805 et
577 1748 702 1804 caudam
721 1745 862 1803 dentibus
880 1746 1069 1802 detruncauit
1087 1753 1117 1802 et
1135 1745 1213 1818 pilos
1229 1765 1257 1814 ¹5

57 1833 127 1890 eius
152 1834 299 1891 violenter
323 1835 462 1893 detraxit.
498 1834 583 1891 Tunc
607 1835 725 1908 vulpes,
747 1851 879 1907 sequens
902 1843 1015 1903 taxum,
1037 1850 1105 1889 cum
1130 1835 1213 1891 sanis

58 1921 211 1978 ficonibus
223 1922 261 1978 ad
273 1932 411 1979 sanctum
425 1922 568 1980 Piranum
581 1923 655 1980 hora
668 1939 748 1978 nona
757 1921 839 1978 venit
853 1940 859 1978 :
879 1919 927 1977 cui
940 1929 970 1976 et
981 1920 1074 1978 dixit:
1095 1920 1212 1990 ‘Quare

57 2018 178 2065 tantum
203 2009 316 2067 malurn
340 2010 446 2080 iecisti,
470 2009 629 2084 penuriam
654 2027 725 2067 esce
752 2017 782 2066 et
809 2017 900 2082 potus
931 2025 991 2065 non
1022 2007 1211 2065 sustinensi'

57 2096 179 2169 Vulpes
189 2114 261 2154 vero
274 2097 471 2170 penitentiam
483 2115 577 2171 agens
590 2097 687 2154 tribus
699 2097 806 2154 diebus
819 2095 967 2153 ieiunauit.
1022 2082 1211 2169 ⁴Postquam

59 2192 165 2241 autem
186 2201 242 2258 per
262 2185 497 2260 predicationem
519 2188 614 2242 sancti
633 2185 734 2241 Pirani
755 2184 891 2257 episcopi
913 2183 989 2240 fides
1011 2182 1042 2239 in
1065 2183 1213 2240 Hibernia
1228 2203 1259 2238 ao

58 2271 220 2341 creuisset,
232 2271 374 2347 exemplo
389 2272 454 2330 eius
471 2273 556 2331 multi
574 2274 605 2330 in
622 2289 755 2329 amorem
768 2271 818 2329 dei
834 2269 962 2340 accensi,
974 2272 1066 2327 vitam
1083 2271 1213 2328 heremi·

57 2361 154 2416 ticam
174 2360 318 2418 ducentes
337 2360 437 2418 omnia
458 2362 612 2418 mundana
631 2361 722 2417 deum
743 2360 899 2433 sequendo
918 2358 1115 2432 reliquerunt,
1134 2358 1214 2416 inter

58 2463 140 2521 quos
158 2456 223 2504 erat
241 2447 361 2521 quidam
380 2449 503 2505 nomine
517 2448 705 2518 Brendanus,
719 2447 770 2520 qui
788 2465 849 2504 non
868 2446 973 2521 procul
992 2463 1009 2502 a
1029 2446 1138 2503 Pirano
1155 2446 1213 2504 sibi

60 2537 163 2592 locum
178 2534 340 2592 constituit.
377 2535 490 2593 Habuit
503 2545 604 2593 autem
616 2553 738 2592 vaccam
750 2551 850 2604 vnam,
864 2552 955 2608 quam
968 2533 1119 2607 prefectus
1131 2535 1213 2607 regis

63 2622 285 2696 Laginensium
303 2623 418 2680 iuratus
434 2633 482 2681 est
499 2633 529 2680 et
546 2641 615 2681 cum
634 2624 672 2680 ad
690 2632 824 2680 montem
844 2622 995 2696 quendam
1014 2622 1212 2695 peruenisset,
1228 2643 1258 2693 ²5

60 2710 160 2782 caligo
172 2719 202 2766 et
218 2711 343 2768 tenebre
361 2711 624 2769 circumdederunt
637 2728 707 2768 eum
719 2719 751 2768 vt
767 2719 909 2784 tanquam
922 2727 1012 2766 cecus
1024 2710 1098 2767 nihil
1109 2710 1213 2767 videre

59 2805 177 2871 posset,
201 2807 232 2854 et
256 2798 314 2855 huc
340 2807 430 2872 atque
455 2799 524 2855 illuc
549 2799 696 2856 oberrans
719 2797 751 2854 in
776 2799 928 2870 quendam
952 2797 1077 2853 fluuium
1101 2798 1213 2855 cadens

59 2886 277 2958 submergitur,
296 2895 327 2942 et
342 2903 433 2943 vacca
450 2887 489 2943 ad
508 2895 644 2943 sanctum
663 2886 806 2943 Piranum
823 2885 991 2943 reuertitur.
1026 2883 1125 2954 Quam
1144 2902 1213 2942 cum

61 2973 229 3030 Brendano
247 2974 319 3030 dare
331 2973 432 3044 vellet,
446 2983 476 3030 et
494 2973 545 3031 ille
563 2991 630 3031 eam
649 2973 787 3047 accipere
806 2973 906 3040 nollet,
919 2973 989 3045 quia
1006 2989 1160 3045 nunquam
1178 2990 1214 3030 se

59 3075 185 3118 vaccam
210 3059 381 3117 habiturum
404 3062 597 3133 decreuerat;
625 3061 765 3135 cogitauit
791 3060 918 3118 Piranus
942 3059 1070 3133 qualiter
1092 3059 1214 3117 efficere
1228 3074 1261 3124 30

60 3156 169 3223 posset
187 3156 221 3203 vt
239 3165 361 3204 vaccam
384 3148 465 3205 illam
488 3148 667 3206 Brendanus
691 3149 849 3223 acciperet.
886 3148 925 3205 Et
949 3147 1089 3205 simulato
1109 3151 1214 3206 morbo

59 3235 194 3310 quesiuit
206 3235 357 3293 modicum
371 3235 487 3293 lactisa
501 3236 662 3294 Brendano
676 3237 733 3294 sibi
746 3237 819 3294 dari.
857 3236 1035 3293 Brendanus
1049 3245 1149 3292 autem
1159 3253 1215 3293 vas

59 3325 189 3398 plenum
212 3339 289 3396 aqua
312 3323 477 3394 benedixit,
496 3341 557 3397 que
577 3324 679 3381 statim
698 3342 788 3382 versa
809 3333 857 3382 est
878 3325 909 3380 in
935 3323 980 3381 lac
1001 3329 1115 3380 nouum
1128 3325 1214 3396 quasi

60 3411 185 3469 nouiter
203 3411 344 3468 mulsum.
391 3411 479 3482 Quod
498 3411 625 3468 Piranus
645 3412 796 3485 accipiens
815 3410 987 3469 benedixit:
1006 3411 1086 3467 etin
1104 3429 1212 3484 aquam

60 3503 172 3558 iterum
199 3516 357 3556 reuersum
383 3508 438 3556 est.
475 3499 543 3569 Quo
570 3499 682 3569 audito,
700 3499 880 3556 Brendanus
897 3516 1021 3556 vaccam
1045 3498 1173 3557 libenter
1197 3513 1260 3564 ass

62 3587 177 3645 Pirano
190 3587 314 3660 accepit.
351 3587 406 3644 Cui
420 3588 547 3645 Piranus
559 3587 671 3661 gratias
683 3604 778 3661 agens
795 3605 851 3661 pro
867 3595 990 3660 accepto
1002 3603 1020 3643 a
1032 3604 1066 3644 se
1078 3604 1214 3658 munere,

59 3676 122 3734 ait:
143 3673 240 3732 ‘Vere
259 3675 312 3731 tibi
331 3675 397 3732 dico
417 3675 487 3748 quia
506 3674 638 3749 quolibet
656 3693 737 3732 anno
749 3693 845 3750 vsque
862 3674 893 3732 in
913 3675 1006 3732 linem
1025 3675 1119 3732 seculi
1132 3673 1215 3731 dabit

59 3766 139 3821 deus
161 3760 227 3820 loco
247 3772 299 3820 tuo
317 3780 439 3820 vaccam
460 3780 551 3820 vnam
573 3779 641 3820 cum
667 3762 794 3820 vitulo‘.’
867 3749 971 3820 lCum
990 3763 1072 3819 enim
1094 3771 1215 3819 sanctus

61 3849 223 3910 Geranus⁶
236 3850 355 3906 cuidam
375 3851 439 3924 regi
457 3850 575 3908 tiranno
587 3859 618 3909 et
636 3849 751 3908 infideli
769 3849 907 3908 seruiens
925 3867 982 3908 nec
997 3850 1121 3907 haberet
1134 3850 1214 3923 quod

59 3937 250 4013 pauperibus
268 3949 431 4011 errogaret,
444 3937 569 4012 largitus
586 3946 632 3996 est
649 3939 694 3996 eis
710 3937 897 3995 concauum⁷
915 3939 1005 4011 regis,
1017 3937 1213 4011 quamobrem
1229 3954 1262 4005 40

60 4025 159 4084 iratus
178 4041 232 4081 rex
251 4025 282 4081 in
301 4043 455 4083 carcerem
473 4043 543 4083 eum
563 4026 661 4096 misit:
680 4036 711 4083 et
729 4035 836 4099 postea
849 4025 877 4083 ei
890 4025 981 4084 dixit:
1001 4024 1052 4082 ‘Si
1069 4025 1116 4082 vis
1133 4033 1165 4082 vt
1184 4034 1215 4082 te

58 4115 193 4172 liberum
206 4112 363 4183 dimittam,
372 4131 466 4187 quere
479 4113 554 4170 mibi
571 4123 689 4186 septem
701 4130 808 4171 vaccas
827 4114 893 4172 sine
906 4114 1059 4184 cornibus,
1072 4113 1216 4187 hispidas,

95 4251 136 4282 ¹·¹
152 4252 186 4302 al.
199 4251 272 4314 Colg.
349 4251 406 4302 ²E.
419 4259 446 4302 et
456 4268 481 4304 v.
564 4251 621 4302 ⁸E.
633 4253 747 4304 nomine.
830 4251 869 4282 Μ
885 4253 1060 4318 onninColg.
1147 4255 1214 4307 'Gi

63 4317 167 4436 &iffi
177 4333 233 4380 cap.
246 4333 286 4380 33,
368 4316 469 4382 ‘Colg.
483 4317 510 4370 S.
526 4317 657 4369 Kieranus
669 4320 747 4369 abbas
758 4319 791 4368 de
802 4317 894 4369 Cluain
906 4319 1034 4370 llic-nois.
1108 4317 1126 4430 '¹
1142 4319 1216 4385 Colg.

99 4481 167 4523 Vol.
180 4481 213 4521 11.
633 4481 655 4524 Y
