3052 4896
98 307 154 360 rus.
168 310 316 374 amnuo:
334 309 510 376 suarna]
573 288 652 380 gt,
678 291 861 378 αἶαῃηυῡ.
986 278 988 287 ’
1178 311 1253 385 541-

1 535 7 545 ·
97 497 175 567 apud
195 494 390 552 Greuewicum
409 513 427 550 a
445 495 537 550 Danis
555 495 719 566 lapidatum,
732 494 836 565 pietate
854 509 1005 549 succensus
1016 501 1044 549 et
1058 493 1113 548 fide
1126 501 1250 548 armatus

98 579 212 650 collegit
236 590 320 652 atque
346 579 500 634 Londoniis
524 578 662 650 sepeliuit.
699 578 828 634 Tandem
848 595 914 632 vero
935 575 1068 632 martirii¹
1088 575 1176 646 gloria
1199 591 1251 646 pro

1 705 11 738 :·
96 663 222 734 gloriosa
241 662 456 719 conuersacione
474 662 651 718 decorandus
672 661 701 716 in
720 662 795 717 bello
814 661 891 732 quod
909 661 959 716 luit
977 661 1051 716 inter
1068 659 1251 715 Edmundum

1 792 2 822 3
99 764 196 817 regem
221 757 249 802 et
275 746 436 802 Chanutum
459 747 535 818 apud
559 747 721 814 Assandun,
742 747 810 800 dum
832 746 948 800 missam
968 753 1100 809 cantaret,
1120 761 1138 798 a
1160 741 1252 797 Danis

100 829 204 887 Canuti
229 829 323 898 sociis,
348 829 425 900 prius
449 831 564 885 dextera
593 841 708 900 propter
737 830 852 883 anulum
882 837 1034 898 amputata,
1060 826 1163 883 deinde
1192 835 1279 891 totos

99 931 217 986 corpore
230 915 326 979 scisso,
337 914 499 970 interfectus
511 923 561 980 est,
570 931 634 969 cum
646 915 749 969 abbate
759 913 859 980 Wlsio‚
869 911 916 985 qui
929 912 968 968 ad
980 912 1154 968 adorandum
1166 911 1251 965 deum

5 1043 11 1052 .
99 1015 153 1068 pro
171 997 260 1052 milite
279 997 442 1065 christiano,
454 998 560 1053 bellum
579 1008 682 1068 agente
701 1013 765 1051 cum
784 1013 904 1067 pagano,
923 1005 1120 1051 conuenerant.
1159 993 1252 1049 Huius

99 1099 203 1152 corpus
221 1099 285 1138 cum
304 1082 341 1137 ad
359 1083 493 1138 eliensem
515 1083 663 1137 ecclesiam
685 1097 703 1136 a
722 1081 780 1136 suis
801 1080 900 1136 suisset
919 1081 1037 1134 allatum
1055 1090 1085 1135 vt
1104 1077 1252 1133 confestim

1 1216 2 1221 ,
100 1165 178 1221 illinc
190 1165 228 1220 ad
242 1165 434 1233 Rameseiam,
443 1165 489 1220 vbi
503 1166 593 1221 abbas
605 1166 703 1232 luerat,
714 1162 908 1236 deser[r]etur:
927 1164 1059 1234 elfgarus
1074 1162 1117 1217 vir
1129 1171 1252 1227 sanctus,

1 1300 2 1303 ,
100 1248 149 1320 qui
162 1259 229 1305 tunc
241 1249 375 1320 temporis
388 1249 485 1304 relicto
498 1248 654 1304 elmanensi
670 1248 844 1319 episcopatu,
857 1247 955 1302 eliensi
972 1247 1089 1302 ecclesie
1101 1263 1135 1301 ex
1148 1253 1208 1300 toto
1221 1259 1252 1300 se
1268 1263 1299 1299 ro

1 1386 2 1390 ,
100 1333 227 1399 dederat,
240 1349 341 1403 corpus
355 1333 423 1388 illud
435 1332 472 1387 ad
485 1332 645 1402 augendam
658 1331 712 1387 loci
725 1332 799 1387 illius
811 1330 988 1401 dignitatem,
1003 1329 1147 1386 inebriatis
1159 1337 1252 1384 custo·

1 1411 2 1475 J
100 1416 194 1482 dibus,
214 1417 242 1470 in
267 1425 374 1472 secreto
395 1417 457 1472 loco
477 1415 615 1486 sepeliuit,
635 1425 694 1470 tum
716 1414 783 1487 quia
807 1415 886 1468 illum
910 1423 1022 1470 sanctas
1044 1413 1116 1469 illius
1136 1411 1253 1467 ecclesie

1 1494 3 1500 ’
100 1499 224 1570 virgines
251 1500 369 1554 multum
400 1498 529 1554 dilexisse
553 1509 732 1570 cognouerat,
757 1511 818 1554 tum
842 1497 910 1569 quia
933 1497 1077 1554 martirem
1101 1513 1166 1552 eum
1189 1511 1253 1550 esse

101 1583 243 1638 credebat.
280 1581 335 1653 Qui
353 1592 381 1637 et
399 1581 468 1653 ipse,
481 1583 517 1638 de
530 1582 615 1639 veteri
636 1583 778 1653 sepultura
796 1581 869 1636 inter
888 1580 959 1636 alios
978 1581 1138 1646 translatus,
1150 1594 1254 1648 magna

1 1663 3 1669 ’
101 1666 142 1721 ibi
160 1665 321 1721 reuerencia
338 1667 466 1722 habetur.
504 1669 608 1722 Passus
625 1676 669 1722 est
688 1675 783 1721 autem
802 1680 878 1719 anno
896 1664 1100 1720 incarnacionis
1114 1675 1211 1719 mxvt.
1224 1669 1253 1717 et
1269 1682 1278 1717 r
1284 1683 1297 1732 5

100 1749 154 1805 suit
167 1749 195 1803 in
209 1749 308 1804 diebus
322 1749 456 1806 Edelredi
470 1759 498 1806 et
512 1751 657 1805 Edmundi
669 1765 768 1819 regum
781 1747 953 1817 temporibus
962 1747 1005 1819 (l).

101 2031 153 2102 ib.]
243 2047 269 2099 4
288 2033 338 2087 Du
355 2034 487 2088 Auwrno
506 2043 664 2088 uonncuo
683 2043 723 2086 ur
741 2043 891 2087 urtscoro
909 2043 1091 2087 muauansr
1098 2030 1118 2086 ¹.

164 2167 281 2225 lwinus⁸
301 2187 319 2224 a
339 2169 482 2240 generosis
505 2171 671 2242 parentibus
695 2179 781 2238 ortus,
802 2179 830 2225 et
854 2169 912 2224 vite
937 2167 1084 2225 sanctitate
1108 2179 1136 2224 et
1159 2169 1255 2239 gracia

181 2271 290 2309 morum
311 2253 483 2321 honestatus,
506 2255 534 2310 in
556 2254 653 2310 eliensi
674 2253 845 2309 monasterio
866 2253 989 2323 suscepit
1009 2253 1136 2309 habitum
1157 2269 1254 2308 mona·

104 2339 215 2404 cuatus,
227 2347 257 2392 vt
274 2336 349 2407 quod
365 2337 455 2393 iunior
472 2337 509 2392 ad
523 2339 679 2410 profectum
691 2337 777 2392 animi
791 2336 896 2391 institui
916 2335 1048 2407 inciperet
1055 2335 1075 2405 ⁴,
1089 2337 1143 2392 iam
1162 2336 1256 2392 senior

102 2423 194 2478 lactus
206 2419 254 2475 diu
267 2419 396 2476 inolitum
413 2420 490 2476 abuti
508 2421 624 2477 minime
636 2420 793 2489 videretur3
812 2421 887 2474 vnde
899 2420 1036 2476 veraciter
1052 2421 1208 2491 completur
1226 2417 1254 2474 in
1269 2435 1300 2472 ro

103 2521 140 2562 eo
158 2504 234 2575 quod
253 2503 389 2574 scriptum
406 2503 507 2575 legitur
526 2504 555 2560 in
581 2503 714 2560 Ieremia:
734 2505 863 2558 ‘Bonum
881 2513 925 2559 est
942 2503 1002 2559 viro
1021 2521 1086 2559 cum
1103 2503 1256 2574 portauerit

104 2589 201 2658 iugum
219 2586 327 2643 domini
344 2589 382 2642 ab
398 2588 594 2644 adolescencia
612 2589 680 2642 sua!
715 2587 739 2648 ll
758 2589 886 2658 Cumque
904 2596 993 2642 totam
1012 2587 1068 2642 vite
1086 2604 1136 2643 sue
1155 2586 1255 2643 seriem

104 2688 170 2728 cum
193 2687 304 2727 summa
325 2671 480 2741 prudencia
499 2681 527 2726 et
546 2669 693 2741 grauitatis
714 2671 855 2727 modestia
872 2688 960 2742 vsque
979 2671 1007 2725 in
1026 2671 1134 2728 virilem
1150 2681 1255 2727 etatem

98 2755 290 2829 perduxisset,
303 2771 355 2825 pro
369 2754 512 2824 religionis
526 2771 575 2810 sue
588 2755 670 2824 lama,
683 2754 797 2809 iubente
815 2771 881 2825 rege
900 2754 1082 2822 Etheldredo‚
1096 2755 1134 2810 ad
1146 2753 1255 2825 episco-

103 2848 204 2911 patum
213 2839 406 2893 elmanensem
415 2839 590 2894 sublimatur.
628 2835 847 2909 [Subli]matus⁸
859 2847 954 2892 tamen
964 2837 1132 2894 sucellensis
1139 2836 1255 2893 ecclesie
1270 2853 1299 2904 ²5

104 2921 233 2978 obliuisci
258 2938 316 2976 non
340 2920 440 2992 potuit,
466 2931 509 2978 set
533 2921 616 2976 bonis
641 2939 693 2993 pro
717 2938 749 2976 se
773 2921 802 2976 in
826 2921 953 2991 ingressu
976 2919 1084 2976 ordinis
1108 2919 1255 2976 monastici

103 3006 227 3079 primum
246 3005 341 3061 eidem
358 3007 420 3060 loco
439 3005 556 3074 collatis,
574 3005 631 3060 iam
651 3004 800 3076 episcopus
819 3005 911 3059 sactus
929 3003 1048 3074 plurima
1068 3003 1256 3075 superaddere

104 3088 221 3146 curauit.
259 3089 379 3144 Sanctus
398 3088 451 3144 iste
473 3089 616 3144 confessor
635 3088 740 3145 domini
757 3088 882 3143 Alwinus
902 3086 958 3142 vite
978 3087 1078 3144 metito
1099 3097 1127 3142 et
1146 3103 1255 3143 morum

105 3175 253 3229 honestate
277 3172 387 3242 fulgens
410 3171 438 3227 in
463 3173 637 3243 episcopatu,
657 3182 790 3242 precepto
816 3169 889 3240 regis
914 3170 1025 3240 Canuti,
1043 3170 1072 3225 in
1091 3171 1255 3227 Beodrices·

105 3253 247 3313 uuorthe⁸
268 3255 389 3327 primum
408 3257 611 3312 monachorum
630 3254 746 3311 adduxit
766 3265 918 3321 cateruam,
939 3263 968 3310 et
986 3255 1125 3327 quosdam
1145 3256 1181 3311 de
1205 3271 1256 3310 sua
1269 3273 1302 3322 30

105 3339 226 3397 ecclesia
238 3338 342 3408 eliensi,
355 3339 496 3410 quosdam
507 3357 574 3394 vero
587 3338 623 3394 de
638 3337 743 3393 Holm⁷
758 3338 811 3394 illic
824 3337 989 3406 collocauit3
1004 3339 1100 3410 eisque
1112 3337 1257 3394 affluenter

106 3423 233 3480 subsidia
256 3422 378 3492 detulit;
408 3423 541 3478 auxilium
566 3421 746 3492 impendente
770 3421 897 3477 Turlrillo
922 3421 1024 3478 comite
1048 3423 1256 3492 Estanglorum.

107 3510 228 3578 Insuper
246 3508 328 3562 rebus
352 3516 381 3562 et
400 3507 573 3562 ornamentis
598 3505 651 3577 ipsi
676 3507 738 3562 loco
758 3506 794 3561 de
818 3523 870 3562 sua
887 3516 967 3576 parte
991 3505 1133 3562 collocatis
1156 3523 1256 3578 quarn·

106 3590 242 3662 plurimis,
262 3601 358 3646 eterne
378 3589 499 3646 libertati
520 3589 643 3646 donauit.
680 3589 855 3662 Prefecitque
879 3590 920 3646 eis
944 3599 1053 3660 patrem
1077 3600 1106 3645 et
1123 3591 1256 3645 abbatem

106 3673 218 3728 nomine
230 3674 335 3728 Vinum
346 3673 468 3744 priorem
481 3673 517 3729 de
531 3674 620 3728 Holm
629 3671 648 3742 ⁷,
660 3673 751 3728 virum
764 3673 905 3740 humilem,
916 3673 1074 3729 modestum
1085 3683 1114 3729 et
1127 3690 1256 3729 mausue-
1269 3691 1283 3741 3
1287 3693 1299 3741 5

107 3769 168 3813 tum
180 3767 209 3812 et
221 3756 305 3828 pium
342 3757 520 3813 Presbiteros
532 3775 598 3812 vero
614 3757 661 3828 qui
675 3756 713 3812 ibi
726 3756 884 3812 inordinate
897 3755 1040 3825 viuebant,
1053 3765 1101 3811 aut
1114 3757 1143 3812 in
1156 3757 1256 3811 eodem

107 3841 170 3895 loco
183 3840 219 3895 ad
233 3839 388 3896 monastice
401 3840 543 3911 religionis
556 3841 666 3898 culmen
679 3841 774 3906 erexit,
787 3849 835 3894 aut
847 3839 922 3895 datis
934 3840 975 3895 eis
989 3839 1051 3895 aliis
1063 3840 1148 3894 rebus
1161 3839 1189 3893 in
1201 3837 1256 3893 alia

106 3925 170 3979 loca
182 3924 311 3979 mutauit.
348 3924 387 3979 Et
398 3934 464 3994 post
475 3926 564 3979 multa
575 3923 714 3978 beneficia
727 3923 813 3978 sacris
825 3923 894 3979 locis
907 3923 1016 3989 collata,
1029 3924 1152 3987 demum,
1159 3921 1258 3978 relicto

106 4006 221 4078 proprio
245 4007 418 4078 episcopatu,
444 4006 481 4063 ad
506 4007 754 4078 contemplatiuam
779 4006 901 4078 quietem
926 4005 954 4061 in
979 4005 1084 4062 eliense
1108 4005 1256 4061 cenobium

107 4106 260 4146 conuersus
272 4090 282 4119 ⁸
294 4100 354 4146 est:
375 4100 402 4146 et
415 4089 454 4146 ibi
466 4107 556 4162 usque
569 4091 607 4146 ad
619 4091 704 4146 finem
716 4089 773 4146 vite
784 4107 835 4146 sue
847 4089 1010 4162 permansit.

141 4223 149 4254 ¹
167 4223 200 4272 al.
213 4225 330 4275 martiris.
403 4223 414 4254 ¹
430 4225 469 4274 Ex
481 4225 549 4275 Hist.
562 4225 654 4276 Ellens.
665 4225 699 4274 11.
714 4236 753 4290 75.
765 4223 805 4274 86.
872 4226 882 4256 ⁸
899 4223 959 4273 HE.
971 4225 1098 4274 Aelwinus
1110 4222 1255 4274 Aellwinus.

107 4289 117 4318 ¹
134 4290 168 4338 al.
180 4290 329 4355 conciperet.
404 4291 414 4322 ¹
431 4291 460 4341 B.
472 4291 565 4341 Metus.
642 4290 652 4320 ⁸
668 4292 702 4340 al.
715 4289 916 4352 Retrichesrrrde,
928 4305 986 4340 now
997 4291 1062 4355 Bury
1073 4291 1110 4340 St.
1122 4289 1257 4340 demtds.

107 4352 117 4384 '
136 4355 190 4406 MS.
202 4355 280 4406 holin.
379 4353 389 4384 ⁸
404 4357 438 4406 al.
450 4371 568 4408 reversus.
