3064 4882
320 335 388 404 114
623 311 755 398 mota
780 307 970 411 tanaus
996 307 1149 412 flaute.

314 513 412 568 subito
434 511 530 568 celum
551 510 678 568 intonuit
697 520 727 568 et
745 527 851 567 omnes
872 511 1041 584 (serpentes
1054 510 1194 580 tonitrus)
1214 509 1329 567 occidit.
1364 509 1402 566 Et
1423 508 1474 564 uir

314 599 363 656 dei
376 600 432 656 hoc
444 599 510 656 uiso
523 599 613 658 dixit:
634 599 730 656 ‘Ecce
744 599 900 670 (occiidisti
913 616 974 669 eos,
983 601 1113 668 domine,
1123 599 1191 672 quis
1204 617 1257 656 eos
1270 598 1340 654 binc
1353 597 1434 654 leuat
1444 599 1472 652 3'

317 687 462 760 Mox(que
487 689 537 758 ad)
557 688 623 744 eius
648 704 753 744 uocem
778 695 860 743 tante
885 703 958 744 aues
983 695 1132 742 uenerunt
1154 687 1282 759 quanlti)
1308 695 1472 758 serpentes

315 775 407 831 occisi
420 785 506 832 sunt:
521 792 580 848 que
589 793 642 832 eos
652 783 807 848 portantes
815 773 949 846 singados
957 784 986 830 et
995 774 1138 847 long(ius)
1149 773 1472 848 prohicientes,iocum

286 879 300 930 5
315 863 509 920 habitacionis
523 863 601 920 illius
614 863 759 920 mundum
772 861 895 918 omnino
908 878 926 917 a
939 863 1132 935 serpentibus
1145 862 1341 918 reddiderunt
1349 859 1379 932 i]

423 1071 447 1130 il
468 1067 515 1126 Da
533 1085 649 1126 sancto
671 1055 1068 1125 Ksnrscrano¹ra1scot>o
1088 1083 1124 1124 rr
1142 1063 1358 1124 coursssoas⁸.

320 1205 425 1336 REx
438 1206 559 1280 quidam
572 1208 602 1263 in
617 1205 842 1280 septentrionali
858 1203 1011 1262 Britannie
1023 1205 1120 1278 plaga,
1130 1205 1283 1278 paganicis
1296 1203 1472 1277 implicatus

412 1295 574 1363 erroribus,
595 1295 686 1350 liliam
708 1311 748 1350 ex
766 1310 861 1351 vxore
881 1310 935 1350 sua
959 1293 1062 1364 genuit
1080 1295 1258 1365 speciosam,
1277 1309 1336 1365 que
1361 1291 1471 1364 sepius

314 1381 413 1438 audita
426 1398 583 1438 seruorum
602 1383 652 1438 dei
669 1381 880 1453 predicatione,
894 1381 931 1438 ad
949 1380 1132 1453 agnitionem
1144 1380 1286 1449 veritatis,
1304 1380 1471 1452 ydolorum

314 1468 393 1524 cultu
412 1471 533 1541 penitus
552 1469 695 1538 abdicat0,
714 1470 821 1525 meruit
837 1469 1004 1541 peruenire.
1043 1467 1080 1524 Et
1100 1468 1169 1524 iicet
1185 1468 1324 1540 baptismi
1339 1469 1470 1540 gratiam

271 1579 301 1614 1ο
314 1556 448 1612 nondum
473 1565 641 1626 consecuta,
663 1557 742 1612 viam
764 1565 864 1611 tamen
889 1557 1097 1612 mandatorum
1116 1556 1165 1612 dei
1186 1565 1287 1611 mente
1308 1555 1417 1610 deuota
1439 1565 1471 1610 et

314 1643 418 1699 humili
431 1645 580 1700 custodire
593 1644 764 1716 satagebat;
784 1642 967 1699 orationibus
987 1641 1101 1700 crebris
1116 1652 1145 1698 et
1164 1641 1338 1700 elemosinis
1354 1641 1471 1708 dedita,

314 1740 458 1803 quantum
474 1731 532 1786 ob⁴
550 1739 663 1787 metum
676 1731 770 1803 patris
782 1729 890 1802 pagani
904 1730 1020 1799 licebat,
1037 1730 1238 1786 ecclesiastice
1256 1727 1415 1801 discipline
1438 1741 1471 1785 et

313 1819 455 1891 operibus
479 1817 565 1874 bonis
590 1817 694 1874 sedula
719 1817 883 1874 insistebat.
931 1816 1026 1874 Marie
1050 1817 1174 1890 virginis
1198 1817 1396 1888 integritatem
1423 1817 1471 1872 se-

313 1906 442 1962 cundam
463 1906 635 1962 venerando
654 1905 806 1962 admirans
836 1913 866 1961 et
886 1904 1024 1977 diligens,
1041 1913 1273 1978 presumptuosa
1292 1903 1415 1960 audacia
1438 1915 1470 1960 et

271 2017 298 2066 1⁵
313 1994 443 2065 quadam
462 1993 629 2049 temeritate
651 1992 781 2048 feminea
800 1991 830 2049 in
852 2001 999 2064 conceptu
1023 2001 1053 2048 et
1077 2001 1163 2064 partu
1188 1991 1231 2048 illi
1255 1993 1412 2048 assimilari
1438 2003 1470 2048 et

313 2097 379 2136 eam
392 2079 500 2136 imitari
512 2081 697 2147 desiderans,
711 2079 840 2136 assiduis
852 2080 992 2152 precibus
1005 2097 1108 2152 regem
1121 2080 1253 2137 celorum
1267 2089 1297 2136 et
1309 2079 1469 2136 dominum

314 2185 407 2241 super
426 2168 482 2223 hoc
501 2167 657 2240 deprecari
677 2167 781 2240 sepius
800 2167 889 2240 cepit.
927 2167 1039 2240 Elapso
1057 2170 1179 2223 demum
1197 2168 1343 2239 temporis
1362 2171 1470 2238 spacio

313 2254 435 2310 inuenta
452 2263 500 2311 est
516 2254 565 2310 illa
583 2255 613 2310 in
632 2263 718 2311 vtero
737 2255 871 2311 habens:
898 2264 929 2311 et
948 2254 1145 2326 magnificans
1164 2255 1264 2322 deum,
1281 2254 1469 2311 desiderium

314 2359 402 2398 suum
432 2343 627 2415 adimpletum
654 2359 724 2398 esse
753 2341 929 2415 simpliciter
957 2342 1105 2400 credebat.
1142 2341 1230 2412 Quod
1258 2341 1339 2398 enim
1368 2343 1397 2398 in
1431 2362 1470 2399 ea

269 2438 419 2486 nonatum
444 2438 499 2498 est,
524 2431 562 2486 de
587 2431 747 2503 complexu
776 2429 907 2486 humano
932 2429 1081 2502 suscepit:
1114 2430 1167 2486 sed
1197 2429 1263 2503 ipsa
1291 2430 1469 2486 multotiens

313 2518 450 2587 asseruit,
465 2527 494 2573 et
507 2517 674 2574 iuramento
689 2517 746 2589 [se]
756 2515 767 2546 ⁶
779 2519 965 2586 constrinxit,
984 2517 1082 2589 quod⁸
1094 2535 1112 2573 a
1124 2535 1192 2590 quo,
1204 2517 1254 2574 vel
1266 2519 1395 2590 quando,
1415 2527 1469 2574 aut

314 2606 465 2677 quomodo
491 2607 670 2677 conceperit,
695 2607 725 2661 in
751 2606 934 2662 conscientia
958 2621 1018 2660 non
1044 2604 1180 2661 habebat.
1226 2604 1357 2677 Populus
1382 2607 1464 2661 enim

313 2693 442 2748 diocesis
465 2694 557 2748 sancti
582 2691 769 2765 Kentegerni
790 2693 898 2750 stultus
923 2702 953 2748 et
978 2691 1134 2764 insipiens,
1156 2691 1255 2764 ipsum
1281 2692 1318 2748 de
1347 2691 1467 2764 virgine

313 2787 491 2852 conceptum
513 2789 543 2835 et
565 2789 668 2835 natum
694 2780 791 2836 adhuc
812 2790 949 2835 astruere
974 2797 1034 2834 non
1054 2788 1183 2836 veretur.
1221 2779 1282 2835 Sed
1307 2779 1374 2852 quis
1395 2781 1468 2835 aut⁷

237 2859 244 2868 '
268 2882 298 2934 ²5
313 2868 462 2939 quomodo
487 2875 567 2923 sator
597 2876 708 2923 terram
735 2867 865 2923 arauerit
894 2884 949 2923 seu
979 2869 1099 2936 seuerit,
1123 2883 1191 2924 cum
1221 2868 1343 2923 domino
1373 2867 1466 2924 dante

313 2955 525 3026 benignitatem
558 2963 639 3010 terra
667 2953 795 3010 fructum
827 2954 972 3026 optimum
1002 2954 1167 3028 protulerit,
1198 2955 1360 3010 absurdum
1390 2973 1466 3012 sane

312 3042 421 3097 diutius
434 3040 575 3114 indagare
588 3041 775 3098 arbitramur.
813 3041 889 3098 Cum
903 3051 1002 3098 autem
1018 3059 1072 3098 rex
1089 3059 1107 3097 a
1122 3042 1183 3098 filia
1197 3042 1288 3098 minis
1304 3053 1333 3098 et
1348 3042 1466 3098 blandi-

312 3130 360 3186 tiis
381 3131 449 3202 quis
468 3146 535 3185 eam
558 3129 745 3200 grauidasset
767 3129 941 3201 inquireret,
961 3129 1060 3186 omnis
1078 3130 1172 3186 virilis
1192 3131 1333 3186 consortii
1355 3147 1388 3186 se
1411 3149 1466 3187 ex·

311 3225 427 3290 pertem
458 3215 649 3272 iureiurando
679 3225 869 3289 protestatur.
919 3215 1063 3273 Offensus
1093 3219 1192 3290 itaque
1223 3234 1287 3287 rex,
1317 3217 1414 3289 legem
1448 3237 1466 3274 a

268 3324 300 3372 ³0
313 3305 473 3360 maioribus
486 3303 548 3359 suis
561 3303 796 3376 promulgatam⁸
810 3305 990 3375 prenaricari
1004 3321 1038 3360 se
1052 3304 1131 3361 nolle
1144 3313 1318 3361 constanter
1331 3305 1465 3363 affirma·

312 3392 370 3447 bat.
409 3391 479 3446 Erat
492 3391 573 3447 enim
586 3391 635 3447 lex
652 3409 669 3447 a
687 3392 792 3448 diebus
807 3393 938 3463 antiquis
957 3392 987 3447 in
1002 3401 1092 3464 gente
1109 3392 1159 3448 illa
1177 3401 1305 3461 seruata,
1318 3403 1348 3448 vt
1364 3395 1464 3465 puella

346 3513 354 3542 ¹
372 3515 470 3567 Collect
487 3519 513 3567 in
524 3517 553 3568 T.
566 3535 572 3567 :
583 3549 587 3557 ·

348 3579 447 3641 Martir
463 3608 553 3654 magne
571 3593 619 3650 dei,
639 3607 703 3654 puer
719 3591 786 3641 alme
806 3591 940 3654 Kenelme,
958 3593 1072 3655 superni,
1093 3593 1201 3642 Deuotis
1220 3593 1320 3642 famulis
1337 3601 1380 3642 tua
1398 3595 1464 3644 festa

311 3659 453 3708 colentibus
464 3659 537 3708 assis.
570 3658 650 3720 Virgo
667 3673 780 3719 sequens
792 3673 886 3719 agnum
902 3659 944 3720 pie
955 3659 1045 3707 laudas
1060 3659 1255 3720 immaculatum,
1268 3675 1373 3708 cernere
1385 3676 1463 3722 quem

313 3734 398 3774 tecum
409 3724 448 3774 sac
461 3741 509 3774 nos
521 3725 578 3772 sine
590 3724 642 3772 fine
653 3739 698 3786 per
708 3739 791 3772 cuum
826 3724 879 3772 Ora
889 3739 937 3786 pro
950 3725 1030 3773 nobis.

347 3779 442 3840 Presta
452 3805 590 3853 quesumus
603 3789 766 3852 omnipotens
778 3789 849 3850 deus,
859 3797 887 3839 ut
898 3791 963 3838 sicut
974 3789 1087 3851 gloriosa
1098 3789 1166 3838 beati
1179 3789 1299 3838 Keneimi
1311 3791 1464 3841 innocencia

316 3857 398 3918 glorie
410 3865 453 3904 tue
465 3857 560 3904 throno
571 3856 667 3904 assistit
678 3863 812 3915 coronata,
824 3855 861 3904 sic
873 3855 937 3904 tanti
950 3856 1060 3905 martiris
1071 3857 1189 3918 precibus
1200 3857 1308 3905 ecclesia
1320 3859 1463 3908 sanctitatis

310 3923 367 3971 luce
379 3923 488 3972 nitescat
500 3923 626 3978 decorata,
639 3936 693 3983 per.

343 3986 354 4015 ²
370 3987 398 4036 E.
414 3989 591 4049 Kentegrino;
608 3987 636 4036 T.
650 3986 827 4048 Kentegerno.
915 3985 925 4012 ³
942 3987 989 4036 Ed.
1002 3987 1026 4034 in
1039 3988 1071 4036 A.
1085 3987 1132 4037 SS.
1147 3987 1212 4038 Boii.
1227 3987 1366 4048 13111111.
1381 4003 1405 4050 p.
1421 3992 1461 4049 98.

310 4053 444 4116 Abridged
461 4054 526 4102 stom
541 4054 585 4102 the
598 4052 658 4101 Vita
674 4053 709 4114 by
726 4053 822 4102 locelin
840 4053 869 4102 oi
883 4053 1005 4112 Furnass,
1024 4053 1050 4100 in
1066 4053 1120 4102 MS.
1132 4052 1219 4102 Vitell.
1232 4053 1262 4104 C.
1275 4054 1325 4102 viii.
1340 4055 1391 4102 and
1406 4055 1461 4104 MS.

311 4118 405 4167 Archb.
419 4119 506 4168 Marsh
520 4118 613 4166 Dublin
625 4133 647 4167 v.
658 4133 681 4178 3.
692 4134 715 4180 4.
730 4120 767 4180 165
781 4120 821 4168 ed.
831 4118 856 4167 in
869 4118 1009 4167 Pinkerton
1018 4118 1095 4167 Vitae
1104 4118 1151 4169 SS.
1162 4117 1277 4178 Scotiae,
1288 4121 1357 4181 1789,
1368 4133 1391 4181 p.
1407 4137 1462 4182 191,

312 4183 364 4231 and
377 4183 473 4234 Forbes
484 4185 541 4232 The
555 4183 632 4232 Lives
643 4183 673 4232 oi
681 4184 708 4234 S.
722 4183 817 4231 Ninian
828 4186 879 4232 aud
893 4185 919 4232 S.
933 4183 965 4232 K.
980 4185 1040 4246 1871
1053 4201 1059 4244 ς
1076 4183 1231 4246 afragment
1248 4185 1278 4233 oi
1289 4201 1322 4233 an
1333 4185 1407 4234 older
1419 4187 1461 4235 liic

312 4247 339 4294 in
358 4245 413 4300 MS.
432 4250 482 4300 Tit.
498 4249 529 4298 Α
546 4250 599 4299 xix.
619 4249 634 4297 i.
653 4251 685 4310 76
700 4249 722 4296 is
739 4251 780 4298 ed.
797 4250 831 4312 by
845 4249 947 4307 Torbes,
967 4264 991 4312 p.
1010 4265 1067 4314 245,
1083 4251 1169 4300 witich
1187 4251 1209 4300 is
1227 4251 1270 4300 tite
1287 4251 1356 4300 basis
1374 4252 1405 4299 ol
1418 4254 1461 4302 the

311 4311 445 4426 leffindot'
453 4315 620 4429 Stfqequ
632 4315 657 4362 in
669 4314 854 4432 πει-3111.
920 4314 929 4346 ⁴
947 4315 975 4365 E.
988 4316 1031 4367 ad.
1096 4315 1172 4366 iem.
1240 4316 1251 4346 ⁸
1267 4331 1316 4366 om.
1329 4317 1356 4366 in
1368 4317 1396 4367 T.
1411 4317 1460 4366 Vit.

364 4393 433 4432 -ona,
546 4418 552 4429 .
590 4417 597 4431 .
608 4395 674 4443 prou
701 4395 734 4443 ga
