3008 4904
281 325 352 390 aab
592 316 722 403 milii
748 310 938 414 Mamm
963 311 1114 414 angli&

280 513 417 572 reserens
436 531 470 572 se
488 513 690 572 indubitanter
708 515 833 571 credere
852 513 932 587 quod
954 513 1029 570 nihil
1049 515 1076 570 ei
1095 514 1198 570 diuina
1218 513 1322 586 pietas
1345 515 1437 570 dene

278 611 362 675 garet
377 619 468 676 quem
481 620 498 659 a
511 620 605 676 puero
622 602 652 658 iu
671 619 781 674 magna
797 603 892 674 gratia
910 612 1067 674 acceptum
1086 602 1218 658 haberet
1256 601 1350 658 Tunc
1370 603 1438 658 Odo

278 700 358 747 terre
376 689 543 763 procumbit
558 691 675 762 deoque
690 706 759 745 cum
778 689 930 746 lachrimis
945 706 1052 761 preces
1067 689 1182 746 fundit:
1202 699 1232 746 et
1247 707 1387 762 surgens
1401 691 1438 745 ab

279 778 412 834 oratione
429 777 552 835 calicem
571 777 632 834 vini
650 776 812 846 benedixit,
829 776 1055 848 domino[que]¹
1071 777 1224 849 porrexit:
1248 794 1347 849 quem
1368 795 1438 833 cum

250 865 412 934 ebibisset,
425 865 573 922 redditam
592 863 649 920 sibi
668 865 872 920 omnimodam
890 865 1039 921 medelam
1057 864 1214 937 persensit
1255 864 1351 921 Facta
1364 884 1439 921 vero

278 953 529 1026 peregrinatione,
550 954 588 1008 ad
608 955 731 1009 domum
749 969 817 1009 cum
837 951 945 1024 gaudio
965 969 1108 1008 reuersus
1128 961 1184 1008 est
1266 941 1438 1009 *Audiens

278 1049 378 1096 autem
397 1057 453 1097 rex
471 1057 530 1112 que
549 1040 579 1096 in
595 1039 643 1097 via
660 1057 717 1112 per
735 1041 855 1096 beatum
878 1039 1017 1096 Odonem
1033 1049 1118 1112 gesta
1136 1038 1270 1106 fuerant3
1290 1041 1438 1112 quamuis

278 1127 345 1200 ipse
370 1127 475 1196 malus,
496 1128 592 1184 bonos
617 1137 719 1184 tamen
744 1129 776 1183 in
801 1145 895 1200 regno
919 1144 975 1184 suo
1000 1127 1111 1184 habere
1135 1145 1169 1183 se
1193 1126 1340 1198 glorians,
1367 1145 1437 1182 cum

278 1215 424 1272 electione
448 1217 538 1272 totius
564 1215 691 1272 ecclesie
710 1215 863 1272 constituit
888 1214 973 1271 illum
993 1215 1074 1271 sedis
1093 1231 1151 1286 que
1171 1232 1250 1270 nunc
1270 1214 1438 1271 Saresberi

234 1319 265 1356 ro
279 1303 449 1360 nominatur
479 1304 663 1378 episcopum.
712 1303 848 1360 Excurso
879 1303 1009 1375 denique
1040 1303 1125 1358 breui
1155 1304 1303 1374 temporis
1329 1304 1438 1376 spacio

279 1402 396 1448 mortuo
408 1393 609 1448 cantuariensi
622 1393 856 1464 archiepiscopo,
864 1393 902 1448 ab
914 1391 1053 1448 omnibus
1066 1392 1216 1465 episcopis
1229 1392 1299 1447 Odo
1317 1393 1438 1449 electus

278 1487 332 1534 est.
370 1479 447 1550 Quia
469 1479 549 1535 enim
575 1497 677 1552 regern
704 1497 866 1552 prauorum
886 1497 956 1536 esse
977 1496 1097 1536 morum
1119 1479 1262 1546 sciebant,
1286 1497 1347 1537 nec
1369 1482 1438 1536 eius

278 1566 467 1639 peruersitati
488 1566 545 1622 vlla
564 1566 798 1622 contradictione
823 1567 946 1622 obuiare
970 1567 1120 1622 audebant
1132 1585 1148 1623 ε·
1165 1567 1339 1639 sperabant,
1367 1569 1437 1624 ideo

278 1653 417 1710 Odonem
434 1653 585 1710 robustius
603 1671 658 1726 pre
677 1653 787 1711 ceteris
803 1663 949 1722 acturum,
962 1656 1127 1726 superbum
1140 1671 1243 1727 regem
1257 1655 1437 1710 humiliatu-

236 1755 263 1805 ¹5
278 1757 353 1808 rum,
372 1742 455 1814 regia
476 1753 581 1815 stupra
605 1742 846 1814 dampnaturum,
865 1741 936 1814 quia
953 1751 984 1797 et
1003 1741 1159 1799 sanctitate
1177 1751 1242 1798 erat
1261 1742 1436 1808 laudabilis,

278 1829 424 1902 sapientia
443 1829 636 1899 admirabilis,
659 1840 689 1886 et
710 1829 877 1885 constantia
896 1828 1056 1902 singularis
1065 1829 1084 1884 ¹.
1123 1829 1243 1886 Electus
1265 1829 1371 1902 itaque
1398 1832 1436 1887 ad

277 1916 566 1989 archiepiscopatum
584 1917 833 1985 cantuariensem,
851 1915 944 1972 dixit:
965 1915 1106 1973 ‘Nouerit
1123 1926 1184 1972 tota
1202 1917 1372 1987 Britannia,
1387 1936 1436 1974 me

278 2003 361 2060 nullo
378 2021 510 2076 vnquam
530 2013 616 2076 pacto
639 2019 857 2061 consensurum
879 2013 909 2060 vt
928 2003 958 2060 in
977 2003 1107 2060 clericali
1126 2004 1229 2060 habitu
1248 2005 1436 2062 constitutus

277 2090 404 2148 ecclesie
423 2091 583 2148 cantuarie
599 2091 778 2164 presideam,
798 2093 844 2146 cui
867 2092 967 2148 nullus
990 2100 1078 2148 antea
1098 2091 1149 2164 qui
1174 2093 1345 2150 monachus
1373 2112 1435 2149 non

233 2196 265 2234 ao
278 2177 373 2235 iuerat
383 2178 475 2236 scitur
484 2179 656 2252 presedisse
663 2178 690 2234 ³!
717 2177 820 2234 Missis
827 2179 916 2250 igitur
925 2196 1021 2250 arege
1032 2180 1148 2236 nunciis
1160 2181 1241 2252 apud
1251 2179 1436 2238 floriacense

277 2265 501 2336 monasterium,
524 2267 616 2322 abbas
636 2283 704 2322 cum
725 2265 876 2322 nonnullis
897 2265 1039 2323 fratribus
1059 2284 1207 2340 prospere
1222 2267 1370 2340 Angliam
1391 2271 1436 2325 in·
1492 2271 1493 2278 ’

277 2354 418 2425 graditur,
446 2363 475 2410 et
503 2353 602 2410 Odoni
630 2354 750 2409 habitu⁴
779 2353 931 2426 religionis
959 2363 1062 2410 sancte
1088 2355 1204 2424 tradito,
1224 2372 1295 2411 cum
1317 2357 1434 2412 honore

278 2441 454 2513 regreditur.
490 2441 582 2498 ¹Mox
596 2459 726 2514 namque
741 2451 883 2514 suscepto
896 2441 994 2513 pallio,
1007 2451 1111 2498 contra
1121 2443 1317 2499 senissimum
1328 2462 1434 2517 regern

278 2544 403 2584 seuerus
415 2527 552 2600 insurgit,
565 2528 707 2586 mulieres
720 2529 881 2598 adulteras,
892 2545 968 2600 quas
981 2528 1084 2601 plures
1097 2528 1234 2598 habebat,
1247 2547 1266 2585 a
1278 2529 1435 2588 liminibus

234 2634 263 2684 ²5
279 2625 380 2672 sancte
393 2616 519 2672 ecclesie
532 2618 740 2688 sequestrauit.
777 2615 840 2672 Sed
858 2633 927 2672 cum
942 2634 996 2672 nec
1010 2616 1189 2688 sicquidem
1206 2616 1275 2674 illas
1292 2637 1312 2673 a
1327 2629 1435 2692 stupro
1491 2627 1492 2636 ’

278 2703 438 2774 prohibere
470 2703 625 2776 potuisset,
650 2703 885 2776 comprehensas
915 2695 999 2759 iiissit
1024 2705 1054 2758 in
1080 2703 1155 2760 sacie
1182 2705 1326 2762 candenti
1352 2707 1436 2764 ferro

278 2791 402 2863 turpari,
422 2791 525 2862 sicque
545 2791 583 2846 de
600 2808 693 2864 regno
708 2790 876 2862 Anglorurn
893 2790 1010 2864 expelli
1049 2790 1167 2848 Deinde
1183 2792 1325 2850 dulcibus
1344 2797 1435 2852 simul

278 2877 380 2935 verbis
400 2897 434 2934 ac
453 2880 617 2934 terroribus
637 2896 739 2951 regern
758 2877 912 2934 admonuit
931 2887 963 2934 vt
984 2895 1002 2934 a
1020 2887 1101 2934 tanta
1121 2897 1154 2935 se
1172 2878 1329 2952 impietate
1352 2901 1435 2939 com-

278 2975 390 3039 pescat,
404 2983 442 3021 ne
456 2965 504 3022 dei
517 2965 583 3022 irati
595 2966 755 3022 vindictam
766 2983 858 3038 supra
871 2983 905 3022 se
918 2965 1004 3022 citius
1013 2966 1202 3038 experiatur3
1220 2967 1290 3024 ideo
1303 2972 1388 3041 quod
1404 2974 1436 3026 in

233 3077 265 3126 ³0
278 3053 375 3110 altiori
391 3055 484 3126 gradu
499 3054 583 3110 ruina
596 3054 634 3110 sit
647 3055 775 3126 grauior,
788 3062 819 3109 et
831 3053 983 3110 infirmato
997 3055 1096 3126 capite
1113 3055 1249 3112 membra
1267 3073 1345 3114 sana
1363 3077 1434 3116 esse

279 3150 438 3213 nequeant.
477 3141 580 3213 ltaque
589 3151 713 3214 propter
723 3139 817 3196 sancti
831 3141 919 3198 huius
931 3141 1130 3198 constantiam
1144 3143 1245 3198 ‘boni'
1259 3160 1434 3216 cognomen

278 3229 402 3301 accepit,
423 3247 460 3285 eo
481 3231 561 3300 quod
583 3246 600 3285 a
621 3227 738 3285 tramite
760 3229 893 3286 veritatis
912 3247 967 3286 nec
986 3229 1093 3286 timore
1115 3247 1171 3286 nec
1192 3231 1290 3303 gratia
1311 3233 1434 3291 deflecti

278 3325 381 3388 posset
390 3318 408 3372 ².
482 3304 531 3373 Eo
561 3326 698 3390 tempore
725 3317 846 3388 quidam
879 3318 916 3374 de
941 3317 1022 3374 clero
1051 3318 1270 3375 cantuariensis
1301 3323 1434 3379 ecclesie

279 3419 455 3460 asseuerare
469 3405 661 3472 conabantur,
675 3421 783 3476 panem
802 3413 831 3460 et
848 3404 951 3461 vinum
965 3423 1023 3478 que
1040 3403 1071 3461 in
1088 3407 1171 3462 altari
1184 3416 1351 3478 ponuntur,
1364 3421 1434 3482 post

233 3511 263 3562 35
279 3493 535 3548 consecrationem
554 3492 585 3547 in
605 3491 696 3565 priori
715 3493 880 3548 substantia
899 3510 1087 3565 permanere,
1104 3505 1134 3550 et
1153 3495 1280 3567 liguram
1299 3505 1435 3554 tanturn-

279 3579 369 3634 modo
388 3595 456 3635 esse
473 3581 609 3652 corporis
628 3590 658 3635 et
677 3579 831 3652 sanguinis
850 3580 971 3650 Christi,
988 3599 1049 3638 non
1065 3599 1171 3638 verum
1189 3581 1303 3638 Christi
1319 3603 1433 3658 corpus

278 3677 308 3723 et
326 3667 510 3739 sanguinem.
548 3669 683 3737 Quorum
702 3667 752 3724 ille
769 3685 925 3725 enormem
943 3669 1100 3742 perfidiam
1116 3670 1273 3726 destruere
1293 3673 1433 3744 cupiens,

278 3757 350 3811 dum
371 3756 499 3828 quadam
522 3757 570 3811 die
593 3756 622 3811 in
642 3765 806 3829 conspectu
831 3757 933 3829 populi
957 3757 1080 3814 missam
1100 3757 1273 3825 celebraret,
1294 3757 1374 3817 susis
1396 3762 1433 3817 ad

278 3844 368 3900 deum
385 3842 538 3900 lachrimis
556 3843 606 3899 dei
623 3843 814 3899 clementiam
833 3845 994 3917 postulauit
1009 3853 1040 3900 vt
1058 3846 1096 3901 ad
1116 3845 1313 3917 expellendos
1335 3849 1434 3906 homi·

232 3957 264 4006 40
279 3948 351 3987 num
364 3948 484 3987 errores
499 3932 669 3986 diuinorum
684 3931 887 3988 misteriorum
900 3933 1067 3998 declararet
1077 3933 1300 4005 proprietatem.
1341 3936 1434 3994 Cum·
1488 3951 1489 3954 ’

278 4037 337 4092 que
349 4021 387 4075 ad
401 4018 632 4076 confractionem
643 4029 766 4075 ventum
780 4017 893 4088 suisset,
903 4019 1061 4076 confestim
1072 4019 1150 4077 inter
1158 4037 1266 4077 manus
1276 4025 1432 4094 pontificis

278 4107 445 4179 fragmenta
476 4106 611 4178 corporis
640 4106 753 4163 Christi
783 4109 961 4180 sanguinem
992 4125 1114 4165 manare
1144 4119 1298 4180 ceperunt
1338 4112 1432 4170 Stans

278 4193 377 4266 itaque
408 4193 542 4266 pontifex
574 4203 604 4250 et
632 4211 686 4267 pre
710 4194 818 4267 gaudio
844 4196 952 4252 vberes
978 4195 1138 4265 lachrimas
1164 4195 1304 4264 fundens,
1333 4199 1431 4257 innuit

309 4315 317 4342 ¹
337 4317 365 4366 E.
379 4317 492 4365 domino.
593 4315 633 4344 Μ
644 4317 727 4366 added
740 4317 774 4380 by
783 4317 853 4378 John
865 4317 895 4365 os
903 4317 967 4380 Tin,
981 4319 1042 4367 who
1054 4317 1076 4366 is
1088 4319 1248 4381 responsible
1260 4319 1301 4368 sor
1312 4321 1361 4371 the
1375 4327 1432 4372 mis·
1487 4307 1488 4320 ἵ

278 4381 360 4432 takes.
459 4381 468 4409 ³
485 4381 514 4430 T.
528 4383 556 4432 E.
569 4381 716 4447 presidisse.
816 4389 824 4413 ⁴
842 4383 871 4432 E.
884 4383 1005 4433 habitum.
