3028 4894
263 325 338 415 '408
581 319 712 408 ruma
737 311 927 422 lamna
949 316 1101 421 anam.

265 519 315 579 illa
333 519 371 578 ad
390 535 496 578 cenam
515 521 701 590 accederent,
718 535 819 576 coram
838 517 964 593 singulis
981 519 1070 592 panis
1088 518 1208 592 integer
1227 529 1261 576 et
1280 519 1371 594 quasi
1389 519 1423 576 dc

266 609 382 666 clibano
406 617 543 666 recenter
567 615 717 664 extractus
742 605 901 674 inuenitur,
922 616 953 663 et
977 606 1077 662 omnia
1100 606 1246 679 granaria
1272 607 1424 664 frumento

266 696 429 769 replentur.
500 683 573 752 Alia
590 694 680 752 etiam
693 693 758 752 vice
776 693 919 768 sportella
936 693 1052 751 habens
1071 693 1233 751 duodecim
1253 713 1366 768 panes,
1378 696 1425 752 ad·
1487 687 1488 698 ¹

265 783 455 840 uentantibus
473 781 574 840 multis
592 781 759 855 hospitibus
777 798 834 855 per
848 780 930 839 diem
948 789 978 838 et
997 791 1113 838 noctem
1135 782 1206 839 sine
1225 781 1428 840 diminutione
1487 811 1488 850 r

237 870 329 940 asnis
342 870 456 928 meritis
467 869 651 945 perdurauit.
744 856 895 942 Hospites
907 877 970 926 tres
981 869 1020 926 ab
1032 869 1099 943 ipso
1111 869 1273 927 humiliter
1285 871 1428 943 suscepti¹
1487 903 1488 906 =

266 958 333 1016 lotis
356 959 438 1016 iuxta
462 973 578 1014 morem
602 955 728 1029 pedibus
753 973 820 1014 cunr
845 957 883 1012 ad
905 973 1042 1012 mensam
1064 957 1150 1014 locati
1172 967 1295 1029 assent,
1316 960 1429 1032 hospes

265 1045 371 1104 tertius
393 1063 452 1102 non
474 1043 648 1118 comparuit.
684 1042 779 1100 Nocte
801 1043 936 1116 sequenti
958 1044 1079 1116 quidam
1099 1045 1183 1102 vultu
1211 1047 1379 1119 preclarus
1403 1057 1431 1103 cl

267 1133 443 1207 splendidus
467 1131 497 1188 in
522 1131 659 1205 sompnis
683 1131 800 1188 cuidam
824 1130 906 1188 fratri
931 1147 1083 1205 apparens
1108 1131 1203 1190 dixit:
1238 1133 1333 1207 ‘Ego
1365 1153 1430 1192 sum
1488 1161 1489 1198 3

267 1221 380 1294 hospes
397 1220 446 1278 ille
465 1218 623 1276 hesternus
636 1217 686 1292 qui
704 1219 742 1275 ab
759 1217 853 1276 oculis
865 1218 973 1275 vestris
990 1219 1120 1288 euanuit,
1132 1219 1226 1277 huius
1247 1222 1312 1278 loci
1331 1232 1433 1280 custos
1488 1205 1489 1216 ¹

224 1326 285 1368 roa
304 1307 426 1366 domino
445 1305 630 1364 constitutus
668 1305 840 1363 Elcmosirre
864 1306 945 1364 enim
965 1315 995 1364 et
1014 1305 1165 1363 orationes
1189 1308 1320 1366 abbatis
1340 1313 1433 1367 vestri

267 1395 344 1454 sicut
356 1395 456 1453 sumus
468 1403 634 1452 aromatum
647 1394 811 1450 ascendunt
825 1393 855 1450 in
872 1403 1033 1466 conspectu
1047 1393 1177 1452 domini·
1214 1393 1282 1453 Vix
1297 1409 1355 1455 aut
1367 1416 1432 1454 raro

267 1483 434 1540 orationem
456 1481 521 1539 sine
547 1479 698 1538 lachrimis
722 1479 806 1551 ludit,
828 1481 980 1538 rarissime
1004 1481 1071 1538 sine
1095 1479 1167 1538 fletu
1193 1483 1333 1542 missam
1356 1487 1432 1542 celc-

268 1569 373 1628 brauit.
446 1558 590 1644 Quadam
602 1567 703 1642 vigilia
715 1567 876 1642 epiphanie
893 1568 1015 1638 domini,
1032 1567 1171 1625 iratribus
1187 1568 1219 1625 in
1234 1571 1340 1628 choro
1353 1573 1432 1647 ρω-

269 1657 407 1727 lentibus,
427 1657 500 1714 vidit
521 1657 552 1712 iu
574 1655 678 1730 spiritu
704 1655 821 1713 stellam
844 1655 1020 1726 radiantem,
1038 1671 1128 1729 regas
1148 1656 1190 1713 ab
1210 1658 1342 1718 oriente
1364 1679 1430 1718 curn
1489 1709 1490 1712 ,

225 1767 254 1819 r5
270 1763 379 1820 magno
409 1751 552 1818 apparatu
578 1743 735 1800 venientes
766 1744 986 1817 precedentem,
1010 1751 1041 1800 et
1070 1761 1201 1817 puerum
1236 1744 1373 1805 ihesum
1404 1749 1430 1804 in

268 1833 384 1908 gremio
401 1830 504 1888 matris
522 1829 649 1888 misticis
667 1831 840 1888 muneribus
857 1832 896 1888 ab
913 1829 986 1904 ipsis
1001 1831 1188 1901 honoratum,
1200 1841 1233 1888 et
1251 1835 1387 1892 demum
1403 1837 1430 1892 irr

270 1919 406 1994 sompnis
423 1918 566 1977 diuinitus
585 1935 618 1976 re
658 1917 862 1976 sadmonitos
882 1927 914 1974 vt
934 1935 990 1992 per
1008 1918 1096 1975 aliam
1112 1918 1192 1974 viam
1215 1921 1383 1980 redirent¹
1400 1926 1428 1980 in
1490 1957 1491 1980 r

270 2007 425 2082 regionem
443 2023 536 2064 suern.
612 1935 799 2079 friquadam
818 2014 904 2062 nocte
923 2005 1044 2078 pasche,
1062 2005 1135 2062 dum
1158 2008 1320 2066 matutinis
1342 2011 1429 2068 insis-

269 2103 356 2167 teret,
368 2094 524 2152 videbatur
542 2091 597 2150 sibi
615 2091 719 2150 videre
740 2092 894 2150 dominum
918 2091 1039 2149 ihesum
1060 2099 1129 2166 post
1149 2091 1272 2167 flagella
1292 2106 1327 2153 et
1351 2099 1429 2155 illata

225 2206 256 2243 ro
270 2182 398 2240 ludibria
422 2180 497 2255 [et]¹
521 2197 663 2238 coronam
692 2179 829 2254 spineam
860 2179 948 2254 capiti
976 2179 1156 2254 impositam,
1181 2183 1369 2242 crucifixum
1399 2187 1425 2243 in

270 2269 412 2346 patibulo,
425 2269 540 2343 palmas
552 2275 583 2324 et
599 2267 717 2341 plantas
736 2267 828 2324 clauis
844 2267 1005 2342 expositas,
1017 2267 1048 2324 in
1061 2285 1168 2325 manus
1180 2271 1278 2342 patris
1290 2273 1424 2330 animam

271 2358 531 2416 commendantem
550 2355 714 2428 expirasse,
733 2363 763 2412 ct
781 2371 820 2412 ex
838 2355 930 2412 latere
949 2355 1052 2413 lancea
1069 2353 1220 2428 perforato
1239 2361 1422 2432 sanguinem

271 2456 301 2503 et
331 2461 439 2518 aquam
470 2442 661 2518 profluxisse.
706 2442 971 2516 contemplabatur
1000 2443 1139 2513 animam,
1171 2455 1263 2502 exuto
1296 2465 1425 2522 corpore

270 2535 422 2592 baratrum
448 2531 634 2606 spoliantem,
664 2529 724 2588 ex³
752 2547 790 2586 eo
818 2530 1006 2588 innumeram
1035 2531 1255 2590 multitudinem
1282 2536 1425 2606 educere,

226 2643 256 2698 ²⁵
272 2637 383 2695 corpus
401 2636 566 2689 resumere,
579 2627 609 2676 et
627 2617 738 2676 milites
755 2618 947 2692 sepulchrum
966 2617 1167 2676 custodientes
1184 2621 1267 2676 velut
1288 2635 1425 2682 mortuos

271 2708 395 2766 effectos
414 2707 520 2778 iacere,
532 2715 562 2764 et
580 2707 701 2764 demum
715 2704 839 2780 [ipsum]
850 2706 861 2738 ¹
873 2705 1033 2763 letantibus
1045 2706 1145 2764 choris
1157 2708 1304 2782 angelicis
1323 2713 1422 2769 celum
1491 2721 1492 2726 ’

272 2796 392 2854 intrare.
464 2781 672 2868 completorio
690 2792 767 2851 dicto
781 2793 919 2867 precibus
932 2793 961 2850 in
974 2793 1101 2850 ecclesia
1114 2793 1293 2853 incumbere
1306 2799 1422 2868 solitus,

271 2883 344 2942 vidit
369 2892 457 2940 nocte
481 2883 611 2954 quadam
636 2881 776 2956 angelum
801 2882 926 2938 sathane
950 2881 980 2937 irr
1001 2881 1099 2938 varias
1124 2880 1237 2940 formas
1262 2900 1298 2942 se
1325 2895 1423 2944 trans·

273 2973 461 3046 figurantem.
505 2969 641 3042 Cumque
665 2985 699 3025 se
724 2969 883 3042 signasset,
902 2977 932 3025 et
955 2968 1005 3026 ille
1030 2985 1225 3041 euanescens,
1244 2972 1373 3032 demum
1395 2977 1423 3033 in

226 3085 257 3134 30
272 3060 393 3133 specie⁴
406 3056 517 3115 loricati
536 3055 654 3114 militis³
665 3065 831 3130 appareret,
850 3065 880 3112 et
899 3056 999 3130 ignem
1017 3057 1056 3112 de
1074 3073 1127 3114 ore
1145 3065 1175 3114 et
1193 3057 1319 3116 mribus
1338 3064 1423 3120 emit·

272 3155 349 3218 tens,
374 3146 508 3204 lanceam
537 3144 759 3202 contravirum
784 3143 834 3201 dei
857 3144 995 3214 vibraret,
1019 3145 1112 3202 abbas
1142 3145 1277 3218 pixidem
1310 3167 1422 3225 corpus

273 3234 385 3294 domini
407 3232 610 3291 continentem
630 3241 806 3289 reuerenter
825 3232 997 3306 assumpsit,
1019 3241 1048 3288 et
1073 3249 1107 3290 se
1128 3250 1197 3290 cunr
1222 3234 1273 3292 illo
1297 3237 1422 3312 signans

272 3333 375 3382 contra
399 3322 560 3380 demonem
581 3319 734 3394 processit,
754 3319 874 3378 dicens:
906 3319 1004 3378 ‘Ecce
1028 3319 1159 3394 pessime
1184 3321 1280 3394 miles,
1304 3325 1422 3386 funeste

272 3411 403 3482 satelles,
426 3409 517 3466 iudex
542 3418 611 3466 tuus
635 3417 665 3465 te
691 3407 838 3464 missurus
863 3405 893 3464 in
917 3408 1079 3481 abyssum;
1107 3419 1243 3482 expecta,
1268 3411 1294 3467 si
1320 3416 1421 3485 audes,

228 3523 258 3577 35
273 3499 374 3557 illum!
413 3497 464 3554 Ad
489 3498 565 3553 hanc
587 3512 690 3554 vocem
715 3495 811 3553 victus
836 3503 866 3554 et
890 3495 1032 3552 confusus
1056 3495 1195 3554 inimicus
1218 3499 1301 3555 velut
1324 3501 1421 3560 fumus

272 3586 401 3647 euanuit.
473 3573 559 3642 Vidit
578 3583 658 3641 enim
675 3582 740 3641 vice
757 3583 895 3657 quadam,
908 3581 967 3656 iugi
986 3583 1112 3640 orationi
1130 3593 1161 3641 et
1179 3588 1420 3660 contemplationi

273 3678 402 3746 deditus,
415 3675 498 3732 celos
517 3682 639 3745 apertos
656 3681 685 3729 et
702 3671 827 3745 gloriam
843 3671 892 3729 dei
910 3681 940 3728 et
958 3671 1133 3730 mansiones
1149 3673 1180 3729 in
1198 3690 1296 3748 regno
1312 3678 1418 3736 celesti

276 3753 386 3838 Equus
402 3779 485 3832 suus,
500 3763 571 3818 dum
584 3769 719 3818 sanctum
734 3760 857 3817 haberet
870 3777 1029 3829 sessorem,
1042 3761 1127 3834 quasi
1140 3778 1236 3834 agnus
1248 3777 1418 3824 mansuetus

274 3853 411 3910 modeste
432 3867 465 3908 se
489 3849 599 3919 habuit,
621 3856 738 3907 etcum
759 3846 859 3905 abbati
879 3847 1052 3905 ascendenti
1072 3847 1201 3906 famulus
1219 3849 1271 3922 qui
1290 3861 1415 3927 strepam

228 3969 261 4021 40
275 3949 392 3999 teneret
413 3956 473 3996 non
496 3939 626 4006 adesset,
647 3953 742 4010 equus
764 3952 862 4009 genua
883 3934 968 3992 flexit
989 3944 1019 3993 et
1039 3945 1143 3993 ventre
1168 3945 1249 3994 terre
1271 3941 1414 3998 adherens

275 4031 353 4088 latus
375 4043 484 4085 versus
502 4025 639 4083 abbatem
660 4022 764 4094 vertit;
783 4033 899 4080 etcum
918 4023 1068 4080 abbasad
1086 4023 1229 4098 placitum
1248 4025 1278 4082 in
1299 4029 1369 4086 sella
1385 4047 1413 4086 se

274 4115 502 4191 composuisset,
513 4129 609 4186 equus
622 4121 737 4168 mature
750 4127 878 4184 surgens
886 4119 967 4168 recto
975 4127 1081 4183 gressu
1091 4111 1170 4168 viam
1184 4114 1325 4187 carp[s]it
1334 4116 1352 4174 ⁸.
1385 4116 1412 4174 Si

275 4205 455 4279 quandoque
469 4201 562 4258 abbas
577 4199 708 4256 dormire
726 4197 878 4272 inciperet,
891 4215 987 4272 equus
1004 4197 1054 4256 ille
1066 4199 1220 4257 moderate
1232 4219 1343 4276 passus
1354 4203 1411 4260 diri-

273 4335 383 4384 ‘1Vit
396 4347 522 4383 reuersos.
599 4329 675 4382 ’om
754 4328 810 4379 ’T.
824 4329 852 4380 E.
865 4337 944 4379 etex.
1021 4327 1076 4382 ‘'l'.
1088 4329 1118 4380 E.
1130 4330 1253 4394 speciem.
1329 4333 1410 4384 'hin

274 4399 373 4451 loricati
385 4399 474 4447 militis
485 4397 605 4460 speciem.
707 4394 717 4423 ⁴
733 4395 762 4445 T.
774 4395 803 4444 Ε.
815 4396 904 4458 carpit.
