3036 4878
301 319 374 408 70⁶
721 308 924 412 wathit
952 311 1028 388 111.

297 523 443 570 estuantes
456 511 528 583 ignis
545 512 686 583 suphurei
704 513 813 583 globos,
826 513 922 568 omnia
935 529 991 585 que
1005 531 1107 584 passus
1123 513 1213 569 iuuat
1229 523 1376 584 respectu
1391 513 1448 568 tuin
1479 529 1480 552 i

298 597 426 666 angustie
448 596 520 651 leuia
544 597 701 666 reputabat.
740 598 815 652 Hinc
841 599 917 654 enim
941 598 1064 668 gurgites
1089 599 1195 668 igneos,
1220 597 1298 653 inde
1324 608 1448 653 torrentes
1479 619 1480 648 i

298 681 435 750 grandine
446 679 558 748 glaciali
573 679 732 736 teterrimos
747 682 837 736 celum
852 693 881 737 et
895 691 998 736 terram
1014 697 1154 752 occupare
1170 681 1374 751 conspiciens,
1386 681 1448 734 uidet
1479 689 1480 734 ἶ

297 779 354 818 non
374 764 434 818 sine
452 763 549 818 dolore
566 773 595 818 et
613 765 718 834 gemitu
736 765 808 820 inter
823 765 989 835 sulphureos
1004 781 1124 835 uapores
1142 764 1261 834 ignium,
1283 765 1366 820 inter
1385 779 1448 818 uon
1479 785 1480 788 ¹

268 847 378 918 igines
401 846 560 902 lauillarum
583 846 726 903 inauditos
753 848 901 904 hominum
927 847 1075 916 cruciatus,
1100 858 1129 904 et
1153 848 1353 904 ineffabilium
1376 847 1450 902 tacte

297 940 507 986 tonnentonnn
545 931 689 986 Demonss
713 947 782 986 uero
806 931 861 986 hiis
881 931 928 1003 qui
950 931 1147 986 cruciabantur
1167 932 1353 988 horribiliter
1376 929 1449 984 insul·

295 1023 399 1081 tantes,
410 1011 491 1085 quasi
503 1013 541 1068 de
552 1014 614 1070 uiro
625 1014 670 1069 dei
687 1030 739 1083 pro
757 1031 809 1070 suo
825 1015 905 1071 libitu
922 1015 1151 1086 triumphassent,
1164 1016 1293 1084 superbe
1315 1025 1347 1070 et
1365 1029 1450 1084 procs-

296 1095 368 1152 citer
379 1097 560 1154 intonabant:
580 1097 672 1152 ‘Ecce
688 1098 771 1152 nobis
787 1099 906 1154 tradints
917 1115 949 1154 es
961 1097 999 1152 ad
1014 1098 1154 1153 mucimus
1168 1107 1299 1153 eternos.
1341 1095 1447 1152 Enneir

299 1180 355 1236 hiis
375 1179 518 1236 doloribus
539 1179 601 1235 sine
623 1181 677 1236 tine
700 1181 883 1252 torqueberis,
905 1181 972 1252 quia
993 1181 1076 1236 sedes
1093 1190 1204 1236 nostras
1225 1182 1375 1236 inuadere
1396 1195 1450 1250 pre·

255 1263 461 1334 ¹⁰su1npsisti.'
498 1265 655 1319 Guthlacus
673 1273 777 1333 autem,
795 1264 916 1336 clipeum
935 1263 1079 1334 paciencie
1099 1263 1219 1320 inimicis
1242 1279 1410 1336 opponens,
1426 1261 1448 1313 in

298 1347 396 1418 spiritu
413 1347 558 1403 humiliato
577 1347 731 1418 psallebat:
751 1347 892 1404 ‘Domine
907 1347 978 1403 deus
997 1365 1085 1415 meus,
1098 1347 1127 1403 in
1145 1357 1173 1402 te
1190 1349 1330 1418 sperauit
1350 1349 1448 1402 saluum

298 1447 344 1485 me
361 1430 405 1484 lac
420 1447 455 1485 ex
467 1430 598 1484 omnibus
611 1429 843 1502 persequentibus
855 1447 902 1486 me
913 1442 942 1486 et
958 1426 1048 1486 libera
1060 1431 1122 1486 me’
1160 1431 1448 1486 eircumuallaneran

297 1530 361 1568 eum
375 1523 405 1568 ut
417 1523 528 1584 raptum
541 1513 570 1568 in
582 1523 722 1569 tormenta
733 1510 931 1570 detruderent:
951 1514 1011 1584 ipse
1023 1525 1117 1569 autem
1128 1514 1242 1584 erigens
1254 1515 1297 1570 ad
1312 1513 1447 1570 Christum

297 1595 394 1651 oculos
406 1595 507 1662 cordis,
520 1606 549 1650 et
561 1596 630 1652 fixos
643 1596 672 1650 in
684 1613 719 1652 eo
736 1597 902 1652 fiducialiter
917 1605 1025 1664 tenens,
1038 1597 1085 1653 ‘Si
1101 1597 1297 1666 ambulauem,
1313 1597 1411 1668 inquit,
1423 1593 1446 1647 iu

255 1685 284 1738 ¹⁵
299 1679 392 1734 rnedio
405 1679 502 1734 umbre
514 1679 624 1744 mortis,
638 1694 695 1734 non
707 1679 814 1734 timebo
825 1683 914 1736 mala:
933 1679 1065 1751 quoniam
1077 1689 1108 1734 tu
1120 1697 1230 1734 meeum
1243 1681 1300 1736 es!
1339 1683 1380 1735 Et
1390 1691 1447 1732 ene

298 1765 398 1818 heatus
412 1763 625 1818 Bartholomeus
637 1761 754 1830 aceedit,
766 1773 872 1818 etcum
884 1779 918 1819 en
934 1764 1029 1818 lumen
1041 1761 1207 1819 mirabiliter
1218 1763 1446 1832 cirsrmtulgens:

298 1846 378 1902 cuius
396 1845 572 1916 splendorem
590 1861 654 1900 etum
672 1847 809 1902 demones
829 1847 966 1902 sustinere
983 1863 1039 1900 non
1056 1857 1181 1916 possent,
1197 1847 1300 1916 iugem
1319 1845 1447 1915 arripiunt

298 1940 326 1986 et
340 1930 377 1984 ab
388 1930 449 1985 eius
464 1929 552 1984 oculis
568 1939 747 1984 euanescunt.
783 1931 940 1986 Guthlacus
957 1941 1024 1984 uero
1038 1930 1184 1998 presencia
1202 1931 1327 2001 apostoli
1344 1939 1372 1984 et
1387 1941 1443 1981 con

299 2012 435 2070 solatione
456 2023 606 2081 recreatus,
626 2013 681 2066 deo
704 2011 814 2081 gracias
838 2013 958 2069 humiles
978 2013 1125 2080 referebat,
1147 2013 1213 2084 quia
1237 2031 1306 2069 eum
1330 2031 1349 2068 a
1373 2021 1445 2081 pont

253 2096 380 2152 20inieri
409 2105 468 2151 tam
498 2095 722 2161 misericorditer,
752 2105 811 2150 tam
845 2106 975 2166 potenter
1003 2105 1121 2152 eruerat.
1167 2097 1327 2167 Apostolus
1358 2103 1441 2149 autem

299 2179 404 2235 Christi
422 2174 564 2250 spiritibus
583 2175 723 2234 reuocatis
740 2179 866 2235 districte
882 2176 999 2250 iniungit
1016 2190 1045 2234 ut
1062 2193 1127 2234 etun
1144 2179 1207 2234 sine
1225 2181 1306 2235 omni
1326 2173 1442 2246 corpofis

299 2263 428 2319 molestia
440 2263 559 2318 referant
577 2262 615 2316 ad
629 2263 722 2317 locum
734 2262 809 2317 vnde
826 2263 919 2332 ipsum
935 2273 1092 2333 rapuerant
1127 2263 1211 2332 Quod
1227 2264 1265 2319 ad
1282 2261 1439 2317 mandatum

298 2345 417 2418 apostoli
442 2346 504 2401 sine
531 2345 665 2401 dilatione
692 2343 826 2414 fecerunt,
852 2345 892 2400 ita
918 2345 1049 2414 suauiter,
1074 2356 1104 2401 ut
1133 2361 1227 2416 neque
1250 2363 1335 2401 curru
1359 2355 1440 2408 neque

297 2429 410 2498 nauigio
422 2429 535 2484 suauius
547 2428 611 2484 ferri
625 2439 727 2499 posset.
765 2429 837 2483 Cum
849 2445 916 2484 uero
927 2429 965 2483 ad
983 2424 1107 2484 medium
1123 2428 1197 2484 aeris
1211 2430 1340 2499 spacium
1352 2439 1439 2497 perne

254 2521 285 2573 25
298 2511 414 2580 nissent,
434 2511 546 2567 auditus
567 2521 611 2567 est
632 2513 734 2566 chorus
755 2511 938 2582 psallencium
959 2507 988 2566 in
1008 2513 1137 2566 excelso:
1169 2513 1273 2567 ‘ibunt
1296 2509 1385 2568 sancti
1407 2506 1438 2559 de

298 2593 399 2650 uirtute
420 2594 449 2648 in
471 2593 611 2662 uirtutem,
632 2593 771 2650 uidebitur
789 2596 860 2651 deus
880 2596 997 2651 deorum
1019 2595 1048 2650 in
1069 2594 1163 2666 syon?
1202 2597 1341 2652 Hostibus
1365 2590 1439 2660 igitur

253 2695 256 2702 ·
298 2675 475 2748 triumphatis
493 2675 520 2731 in
539 2677 604 2732 loco
624 2677 806 2733 habitationis
824 2695 875 2734 sue
893 2679 1041 2749 repositus,
1058 2695 1094 2734 ex
1112 2678 1173 2750 ipsa
1191 2679 1341 2736 uexatione
1357 2675 1436 2730 sanus

297 2771 342 2818 est
353 2761 491 2830 humilior,
502 2761 662 2830 leruentior,
676 2757 827 2832 sollicitior,
839 2760 943 2830 tortior,
956 2772 985 2818 et
997 2760 1114 2820 cautior.

366 2959 530 3029 Quouono
549 2969 699 3014 nauonss
718 2971 754 3013 m
772 2969 880 3014 susem
899 2969 1041 3015 nostrus
1061 2969 1238 3016 muncrrus
1257 2971 1293 3014 m
1311 2964 1378 3012 suu

773 3051 972 3098 insumunt.

362 3161 436 3215 Orro
455 3159 524 3214 dum
547 3157 623 3214 circa
646 3159 798 3214 matutinas
822 3158 922 3214 laudes
945 3157 1079 3214 sollicitus
1103 3159 1262 3226 excubaret,
1286 3150 1432 3227 respexitt

253 3255 286 3306 30
397 3243 510 3298 sinistra
522 3243 593 3297 duos
606 3241 749 3311 demones,
763 3241 815 3298 sibi
828 3241 926 3298 ceteris
938 3241 1071 3298 notiores.
1108 3243 1164 3311 Qui
1177 3233 1431 3298 summiserahiliter

299 3329 406 3396 flerent,
424 3339 453 3384 et
471 3327 517 3382 ille
535 3342 650 3382 causam
674 3327 756 3381 fletus
777 3325 936 3397 inquireret,
957 3328 1180 3398 responderunt:
1207 3326 1300 3394 ‘Quia
1318 3316 1429 3396 premits

297 3420 396 3466 contra
420 3427 471 3464 nos
496 3409 523 3464 in
549 3408 688 3476 omnibus,
711 3417 794 3479 teque
818 3419 966 3464 attrectare
995 3419 1044 3464 aut
1074 3418 1189 3480 tangere
1212 3426 1269 3465 non
1293 3397 1430 3464 audenus*

297 3493 320 3548 F
323 3503 442 3563 actoque
465 3491 546 3562 signo
567 3492 666 3560 crucis,
685 3501 860 3548 euanuerunt
881 3491 918 3548 ab
936 3491 1428 3563 oculiseius.-Temporibusauten1

298 3574 430 3632 Coinredi
457 3574 626 3630 Merciorum
650 3575 733 3643 regis,
756 3591 822 3630 cum
847 3573 975 3630 Britones
998 3585 1111 3644 gentem
1136 3575 1301 3644 Anglorum,
1324 3586 1373 3644 que
1397 3564 1428 3618 de

253 3672 284 3725 35
299 3659 442 3716 Saxonum
472 3657 559 3728 stirpe
589 3655 781 3726 descenderat,
806 3653 960 3713 hostilitate
988 3657 1089 3714 bellica
1118 3657 1314 3714 deuastarent:
1342 3657 1425 3710 bertus

298 3744 453 3800 Guthlacus
477 3759 556 3796 more
577 3737 659 3796 solito
678 3741 788 3810 uigilias
807 3740 898 3796 noctis
922 3740 1126 3811 anticipauerat
1146 3751 1231 3813 atque
1251 3743 1281 3797 in
1301 3735 1384 3812 ymnis
1402 3738 1424 3784 et

297 3826 414 3883 canticis
433 3821 621 3896 spiritualibus
639 3823 755 3879 domino
774 3823 897 3894 psallens
912 3823 1078 3880 sacrificium
1097 3825 1210 3880 contriti
1227 3825 1338 3895 spiritus
1353 3819 1423 3874 deuo·

297 3909 422 3966 tissimus
435 3907 576 3964 offerebat.
614 3907 653 3962 Et
666 3924 731 3962 ecce
744 3903 867 3976 undique
881 3906 993 3962 auditur
1005 3906 1200 3964 tumultuantis
1212 3909 1293 3963 turbe
1305 3897 1424 3973 snepllussr

297 3993 508 4062 horrendusque
520 3992 625 4046 clamor
639 3989 720 4061 quasi
733 3989 870 4045 exercitus
887 3989 1024 4046 irruentis.
1060 3989 1198 4046 Cellulam
1211 4007 1277 4060 ergo
1290 3983 1423 4061 egrediffib

249 4090 285 4140 40
296 4086 324 4130 et
342 4092 424 4131 aures
442 4073 559 4144 erigens,
576 4071 654 4128 au'dit
672 4073 753 4144 quasi
772 4074 904 4143 populum
923 4073 1155 4128 innumerabilem
1172 4073 1269 4142 lingua
1287 4075 1422 4144 loquentem

295 4159 461 4226 britannica,
481 4175 565 4228 quam
584 4157 756 4227 intelligebat
775 4172 809 4213 ex
827 4158 1111 4228 parte—quandoque
1128 4157 1204 4212 enim
1224 4157 1298 4214 inter
1316 4153 1421 4213 Bn'tones

295 4242 425 4308 exulauit,
439 4241 562 4310 linguam
575 4256 660 4311 quam
673 4257 729 4294 non
742 4251 859 4296 nouerat
871 4239 979 4296 audiuit
991 4249 1019 4296 et
1032 4239 1137 4295 didicit.
1174 4241 1300 4296 Demum
1319 4228 1419 4298 oenatim

294 4319 403 4377 irruam
420 4323 524 4393 populi,
536 4333 564 4379 et
584 4322 746 4379 habitaculo
767 4323 827 4379 eius
845 4323 940 4394 ignem
957 4323 1106 4392 subiciunt,
1125 4323 1203 4380 illum
1220 4341 1288 4380 uero
1305 4319 1419 4394 rapientes
