3052 4896
260 311 334 382 492
573 275 1095 382 mmmm
1223 281 1421 356 [efflet

260 485 458 544 exhortantes
475 499 545 542 eum
564 483 705 556 quatinus
723 480 827 538 relicta
844 479 988 553 dignitate
1005 478 1153 552 papatus¹
1170 479 1220 536 sui
1240 497 1315 536 cnm
1333 477 1426 534 sacris

260 571 425 645 virginibus
447 571 640 628 comitaretur
656 570 892 643 exemplumque
910 569 1022 624 bonum
1041 567 1152 623 ceteris
1170 569 1326 640 preberet
1344 575 1427 622 mute

261 659 452 718 mblimitatis
474 667 668 732 contemptu;
692 657 902 730 promittentes
926 655 1016 712 etiam
1036 655 1222 727 pollicentur
1240 655 1271 710 ei
1297 655 1381 728 quod
1400 662 1429 708 et

261 749 328 820 ipse
347 764 489 804 coronam
512 746 588 804 toret
606 755 742 802 eternam
764 762 821 817 per
838 743 962 800 martirii
980 743 1112 816 palmam
1132 745 1321 816 adepturus.
1358 742 1428 798 Pre

233 845 345 908 cterea
368 835 508 907 inquiunt
531 843 705 891 asserem&
727 833 880 905 quoniam,
898 831 924 888 si
945 831 1043 888 Rome
1068 831 1263 900 remanserit,
1284 832 1318 886 in
1342 827 1430 886 breui

261 922 384 980 tamen¹
408 923 447 978 sit
471 922 642 978 moriturus.
688 920 747 990 Qui
771 919 860 993 quia⁸
883 929 987 975 contra
1010 918 1195 976 voluntatem
1223 917 1429 974 oerdinalium

262 1009 438 1083 romanique
457 1019 581 1067 senatus
599 1008 756 1066 consilium
775 1007 855 1064 illinc
875 1006 1035 1064 discedens
1053 1005 1269 1079 proficiscitur,
1289 1008 1332 1062 de
1349 1015 1430 1061 esu·

263 1098 347 1170 logo⁴
370 1114 564 1154 romanorum
586 1095 761 1170 pontificum
786 1111 897 1152 nomen
918 1095 1014 1167 ipsius
1032 1093 1156 1151 deleutr.
1192 1093 1295 1150 Cuius
1321 1109 1428 1150 reuera

263 1201 373 1242 nomen
391 1203 492 1242 coram
511 1185 633 1242 domiuo
654 1183 733 1241 inter
751 1183 864 1240 Christi
882 1184 1022 1240 martires
1040 1181 1196 1254 preciosos
1214 1181 1247 1237 in
1268 1182 1351 1237 libro
1370 1181 1429 1236 vite

221 1285 411 1347 roperpetuo
435 1273 580 1346 scripturn
604 1274 782 1330 continetur.
820 1270 978 1328 Habebat⁸
1000 1269 1109 1327 etiam‘
1128 1269 1197 1341 ipse
1220 1271 1377 1342 quasdam
1398 1269 1427 1324 in

264 1363 320 1418 hoc
340 1379 426 1418 sacro
445 1361 596 1434 virginum
617 1360 743 1434 collegio
763 1369 906 1432 cognatas
923 1357 1062 1432 proxima
1083 1357 1139 1414 sihi
1159 1357 1428 1429 consanguinitate

264 1449 446 1506 coniunctas
484 1449 622 1522 Denique
641 1457 745 1506 sancta
762 1447 868 1506 Sibilia
879 1465 955 1504 vxor
967 1446 1046 1504 beati
1066 1445 1220 1502 Eustachii
1241 1447 1381 1502 martiris
1400 1456 1427 1502 et

265 1537 383 1595 comitis
395 1554 463 1593 cum
477 1554 533 1594 sex
546 1537 663 1594 filiabus
675 1535 738 1592 suis
754 1535 821 1592 eius
837 1534 1001 1592 extiterunt
1016 1543 1159 1606 cognate3
1179 1533 1317 1606 insuper
1327 1543 1360 1590 et
1371 1533 1427 1589 alic

264 1627 303 1682 de
327 1634 393 1682 cetu
418 1624 535 1680 illarum
562 1623 764 1698 quamplures
819 1621 914 1679 Porro
938 1622 1065 1678 ducente
1090 1619 1155 1676 illas
1181 1619 1278 1676 ihesu
1304 1621 1427 1678 Christo

222 1729 251 1780 ¹⁵
265 1711 368 1770 celesti
391 1711 440 1784 pio
464 1713 550 1782 duce,
569 1713 816 1786 gubernanteque
836 1726 889 1766 eas
910 1709 1015 1764 mundi
1035 1708 1139 1780 κείω
1159 1723 1291 1780 semper
1309 1709 1427 1781 virgine

267 1799 370 1868 llaria,
393 1801 493 1856 denuo
517 1809 717 1857 reuertuntur.
755 1797 867 1855 luanes
890 1795 1039 1869 siquidem
1063 1805 1094 1852 et
1114 1812 1209 1851 vacue
1236 1797 1343 1852 redire
1368 1813 1427 1852 non

265 1897 413 1959 poterant,
431 1887 574 1960 quoniam
595 1897 669 1944 nutu
687 1885 737 1944 dei
759 1894 962 1959 preceptoque
983 1883 1087 1940 diuino
1107 1883 1165 1940 iter
1182 1882 1267 1940 istud
1290 1883 1428 1956 pet-lece·

267 1985 344 2032 runt
381 1975 463 2034 Sane
488 1978 588 2034 eundo
614 1975 743 2032 Romam
768 1983 799 2031 et
823 1973 986 2040 redeundo,
1007 1973 1090 2028 iuxta
1111 1971 1239 2044 virginis
1267 1971 1427 2029 Eunoen

267 2065 346 2120 bone
372 2064 516 2120 memorie
540 2063 696 2130 visionem,
721 2061 824 2135 plures
850 2061 910 2118 illis
936 2059 1068 2116 adiuncti
1097 2068 1167 2116 stmt
1198 2059 1427 2132 episcoporum,

223 2175 255 2212 ao
268 2151 382 2208 itineris
394 2169 497 2210 earum
512 2160 542 2210 et
554 2168 666 2210 corone
679 2150 747 2208 iacti
760 2149 930 2223 participes.

277 2325 299 2384 l
316 2323 403 2394 Quod
417 2323 585 2381 cardinales
597 2324 657 2380 duo
669 2331 699 2380 et
712 2320 865 2396 principes
877 2321 936 2376 duo
949 2336 1018 2377 cum
1031 2318 1098 2376 aliis
1109 2319 1294 2392 quibusdam
1307 2336 1417 2392 papam

323 2413 473 2470 Ciriacum
486 2421 661 2486 sequuntur,
673 2419 705 2468 et
716 2411 796 2484 quod
812 2409 970 2483 Maguncie
983 2408 1159 2466 Oloicrnem
1170 2407 1369 2466 inuenerunt.

306 2521 404 2590 Beato
422 2533 570 2607 siquidem
591 2532 706 2590 Ciriaco
724 2549 803 2605 pape
824 2530 1004 2604 subrogatur
1022 2528 1052 2584 in
1074 2545 1230 2585 summum
1249 2528 1423 2602 pontificem
1507 2545 1508 2550 ¹

270 2620 449 2696 [Hilarius]⁷
466 2621 513 2679 vir
533 2623 668 2694 prudens
688 2629 718 2677 et
739 2621 836 2676 bonus
858 2618 1009 2690 multaque
1030 2633 1148 2673 morum
1171 2615 1334 2673 honestate
1355 2633 1423 2673 eon·

270 2709 407 2782 spicuus;
429 2709 504 2766 mire
521 2725 594 2766 vero
606 2707 659 2764 suit
675 2705 863 2777 abstinentie,
876 2714 978 2762 castus
996 2713 1112 2760 amator
1127 2703 1177 2759 dei
1192 2711 1224 2759 et
1243 2720 1422 2776 pauperum.
1507 2725 1508 2754 ÷

271 2797 364 2854 Porro
382 2797 502 2853 beatum
523 2793 678 2868 [papamF
697 2794 845 2852 Ciriacum
870 2793 930 2850 duo
955 2801 1121 2865 sequuntur
1144 2791 1326 2860 cardinales,
1348 2791 1422 2847 Pon·

227 2901 256 2952 ²5
270 2887 334 2942 cius
364 2892 394 2940 et
414 2883 529 2954 Petrus,
553 2899 680 2956 quorum
705 2900 784 2940 vnus
809 2881 916 2938 Petrus
941 2879 1116 2936 Vincentius
1143 2879 1311 2949 dicebatur,
1336 2877 1420 2952 quia'

270 2972 451 3029 binominls’
468 2981 539 3030 erat
587 2971 762 3044 Sequuntur
780 2978 810 3027 et
828 2969 896 3026 illos
915 2967 1032 3026 diaconi
1050 2969 1119 3036 duo,
1138 2967 1280 3024 Kalixtus
1300 2977 1331 3024 et
1351 2966 1420 3024 Kili-

270 3076 363 3117 anus:
384 3061 490 3116 horum
508 3059 589 3132 prior
601 3059 680 3116 filius
695 3067 759 3116 erat
776 3057 889 3115 sororis
905 3055 1011 3113 Ciriaci
1029 3073 1115 3129 pape,
1129 3065 1158 3111 et
1175 3056 1252 3111 alter
1270 3067 1420 3128 cognatus

272 3145 503 3204 Proficiscuntur
521 3163 590 3204 cum
608 3146 653 3202 eis
673 3144 847 3202 subdiaconi
864 3153 945 3202 tres:
968 3143 1156 3210 Ambrosius,
1173 3141 1320 3212 lustinus,
1336 3153 1421 3215 atque

272 3235 467 3294 Christianus.
504 3235 694 3307 Sequebatur
717 3233 854 3291 similiter
877 3250 947 3289 eum
972 3233 1077 3288 beatus
1103 3231 1274 3288 Florentius
1297 3230 1421 3288 ecclesio
1507 3221 1508 3224 ’

228 3347 259 3395 30
272 3340 394 3380 romane
412 3323 646 3388 archidiaconus,
666 3321 717 3394 qui
739 3332 769 3380 et
790 3323 856 3394 ipse
878 3328 1022 3393 cognatus
1040 3319 1093 3375 luit
1112 3319 1249 3375 eiusdem
1269 3317 1422 3391 apostolici

274 3411 342 3480 (¹⁰et
359 3429 415 3469 sex
435 3411 563 3468 filiarum
583 3409 746 3483 supradicti
767 3409 885 3466 comitis
906 3407 1068 3480 uxorisque
1092 3407 1171 3464 illius
1180 3407 1220 3478 ¹⁰).
1268 3406 1422 3480 Principes

272 3499 361 3557 etiam
381 3501 440 3556 duo
459 3499 675 3555 comitabantur
687 3513 755 3554 cum
774 3497 827 3566 eis,
841 3505 963 3553 sanctus
981 3493 1177 3568 Eugenius'et
1189 3495 1298 3550 beams
1318 3494 1421 3550 Nicho

273 3597 392 3656 stratus,
415 3585 511 3660 parati
536 3595 566 3643 et
590 3585 647 3660 ipsi
671 3603 731 3643 vna
754 3602 823 3642 cum
846 3584 1012 3657 virginibus
1036 3583 1153 3640 animas
1177 3599 1249 3640 suas
1274 3583 1350 3638 dare
1371 3599 1421 3656 pro

273 3675 401 3733 Christo.
422 3674 559 3748 Denique
568 3682 596 3730 et
606 3683 723 3746 septem
733 3674 771 3730 de
781 3671 891 3728 familia
900 3671 1035 3743 [ipsius]⁷
1047 3688 1126 3744 pape
1135 3669 1256 3743 sequuti
1265 3679 1338 3726 sunt
1347 3687 1421 3726 eum.

230 3776 259 3826 35
274 3764 367 3820 Porro
389 3770 524 3820 matrona
542 3763 671 3835 quedam
693 3761 802 3817 nobilis
821 3760 886 3817 eius
908 3759 1017 3833 neptis,
1038 3775 1096 3831 que
1118 3757 1197 3814 dicta
1218 3767 1265 3814 est
1289 3756 1421 3814 ilerren·

273 3851 384 3926 gardis,
402 3868 470 3907 cum
490 3850 551 3907 filia
572 3866 626 3906 sua
647 3858 678 3905 et
696 3848 791 3905 tribus
812 3865 882 3905 eum
904 3848 1086 3920 sequebatur
1104 3845 1221 3919 puellis.
1267 3843 1420 3901 Exercitus

274 3940 374 4013 itaque
396 3937 507 3996 Christi
530 3947 632 3994 tantus
656 3935 806 4010 virginum
831 3945 861 3993 et
884 3943 945 3992 tarn
970 3933 1142 3991 sublimium
1164 3949 1367 4004 personarum
1386 3933 1420 3987 de

276 4028 375 4085 Roma
393 4026 586 4099 proficiscens
598 4043 666 4082 cum
679 4023 793 4098 ingenti
808 4023 916 4096 gaudio
929 4023 966 4080 ad
979 4022 1130 4080 ciuitatem
1140 4019 1299 4078 Coloniam
1311 4020 1420 4077 exulu-

308 4219 484 4282 ¹E.paratus.
550 4215 708 4269 'om.inB.
775 4215 832 4264 ⁸13.
842 4216 919 4278 quod.
973 4211 1188 4262 *ncathaloca
1244 4211 1418 4263 'Ellabett

274 4283 376 4334 ‘Bet
449 4283 606 4334 lumini).
683 4280 829 4344 ⁸B.quod.
896 4279 1108 4349 fabinomius.
1185 4275 1417 4330 ²⁰·²⁰et...illius

276 4365 327 4402 om.
340 4350 366 4400 in
379 4350 409 4402 B.
