3044 4878
616 303 748 390 lim&
771 297 963 404 [tumuli
987 297 1138 404 attulit.

433 576 458 632 ‘l
466 574 473 606 ¹
486 562 540 633 Dr
560 589 677 632 snucrn
697 561 901 632 Hrcosurua
918 589 1044 632 viadrus
1063 589 1100 631 rr
1118 572 1314 632 umnssn‘.

309 729 497 861 BErlunga
509 730 733 797 monasterium,
746 729 908 788 multorum
921 737 1093 788 sanctorum
1104 727 1344 786 dinoscituresse
1352 743 1451 786 sacra·

399 820 485 877 rium.
524 817 706 892 Plerumque
724 817 806 876 enim
827 834 920 892 super
938 819 1017 876 hunc
1039 817 1137 874 locum
1158 817 1287 890 quodam
1313 814 1451 872 familiari

303 919 441 980 respectu
454 905 552 965 celum
564 907 683 964 videtur
695 916 844 979 apertum,
856 914 887 963 et
900 905 1064 962 claritatem
1076 921 1168 980 quam
1182 903 1282 962 aniane
1294 903 1451 977 possident

303 991 334 1050 in
354 994 427 1053 celis
448 993 605 1052 effundere
619 993 841 1067 quodammodo
859 993 1029 1050 ostenditur
1045 993 1220 1066 corporibus
1239 989 1450 1064 glorificandis

274 1103 288 1155 5
303 1082 353 1138 Ad
366 1099 507 1155 magnam
520 1081 609 1155 igitur
619 1081 746 1155 gloriam
759 1080 816 1137 hoc
829 1089 945 1154 spectat
958 1081 1045 1138 beate
1059 1080 1164 1138 matris
1178 1077 1354 1148 Hildelithe,
1366 1079 1446 1151 quod

303 1169 367 1227 sola
378 1167 459 1226 inter
470 1178 513 1226 tot
526 1169 655 1226 celestes
667 1169 749 1226 velut
761 1167 985 1242 preciosissima
997 1185 1117 1242 gemma
1124 1166 1281 1240 excipitur,
1294 1164 1358 1224 sola
1371 1165 1450 1222 inter

303 1273 357 1314 sua
375 1257 475 1316 sidera
487 1255 569 1314 velut
587 1255 754 1313 clarissima
772 1263 1020 1328 premonstratur,
1033 1255 1098 1312 sola
1117 1263 1186 1328 post
1206 1255 1324 1312 beatam
1344 1252 1448 1312 Ethel-

303 1345 427 1418 burgam
440 1343 605 1402 sanctitatis
618 1344 703 1400 titulo
713 1343 955 1418 solempnizamr.
992 1341 1033 1399 Vt
1044 1351 1144 1400 autem
1158 1351 1364 1416 pretereamus
1376 1357 1447 1415 pos·

302 1431 428 1489 ter-itatis
452 1431 574 1501 merita3
599 1441 736 1504 tempore
762 1448 822 1504 quo
847 1431 953 1488 beatus
979 1429 1159 1488 Edmundus
1188 1427 1362 1502 martyrium
1391 1447 1447 1502 pro

259 1539 291 1578 ro
303 1517 424 1576 Christo
445 1535 553 1592 passus
572 1528 627 1589 est,
648 1527 710 1576 tota
729 1527 901 1576 sanctarum
921 1518 1069 1592 virginum
1094 1515 1286 1590 congregatio
1306 1533 1375 1572 eum
1393 1533 1448 1573 sua

302 1613 398 1664 matre
418 1605 449 1663 in
469 1607 525 1664 hac
550 1615 654 1664 sancta
672 1605 799 1664 ccclesia
822 1623 841 1662 a
864 1605 990 1680 paganis
1011 1615 1057 1664 est
1078 1613 1275 1664 concremata.
1312 1602 1341 1661 Ο
1358 1621 1448 1677 quam

302 1694 461 1752 recolenda
480 1694 585 1767 pietas,
606 1693 656 1751 vbi
676 1701 773 1750 mater
792 1693 842 1750 illa
860 1693 962 1752 diuine
983 1692 1102 1762 familie,
1125 1692 1304 1750 decurrente
1325 1691 1449 1765 plumbo

302 1781 436 1840 ardentis
466 1779 648 1851 monasterii,
671 1790 814 1854 utrasque
839 1797 946 1838 manus
976 1781 1014 1839 ad
1045 1781 1142 1839 celum
1173 1780 1305 1849 eleuans,
1325 1787 1355 1836 et
1380 1795 1449 1838 cum

302 1867 463 1942 lachrymis
493 1885 600 1928 omnes
624 1866 804 1938 consonans,
828 1869 921 1926 dixit:
951 1869 1130 1938 ‘Sustinete
1154 1867 1214 1924 lilie
1244 1864 1450 1937 dilectissime,

259 1955 505 2036 15tranaitorium
527 1956 617 2014 istum
645 1955 757 2032 ignem,
778 1973 838 2030 quo
861 1957 900 2013 ad
925 1965 1106 2031 perpetuum
1130 1953 1279 2012 currimus
1302 1953 1448 2010 breuium.

305 2044 367 2102 lam
381 2045 468 2102 nobis
480 2044 578 2102 celum
592 2053 753 2113 reseratur,
766 2043 825 2100 iam
838 2045 940 2119 palma
954 2043 1090 2118 martyrii
1105 2051 1135 2100 et
1153 2041 1336 2116 sempiterna
1354 2041 1451 2114 glon‘a

303 2141 514 2190 momentaneo
532 2132 634 2191 dolore
654 2131 820 2188 mercatur!
859 2131 919 2190 Iste
939 2131 1020 2189 enim
1033 2129 1193 2206 virginales
1212 2139 1361 2203 martyres
1378 2147 1448 2186 cum

303 2220 509 2293 superioribus
521 2219 686 2293 virginibus
693 2219 775 2276 velut
787 2217 875 2293 plebs
887 2218 1006 2277 siderea
1014 2235 1075 2275 vna
1087 2216 1370 2276 commemoratione
1383 2217 1450 2274 sine

302 2315 383 2364 certa
403 2306 610 2380 lugubratione
630 2315 660 2364 et
683 2305 806 2364 nornine
826 2306 1007 2364 recoluntur.
1045 2305 1137 2363 Beata
1153 2321 1227 2362 vero
1250 2303 1416 2362 Hildelitha
1431 2323 1451 2362 a

258 2423 290 2460 20
303 2393 442 2468 gloriosis
473 2393 690 2468 gloriosissima
715 2393 914 2467 pretenditur.
954 2393 1019 2452 Hec
1044 2393 1126 2451 enim
1150 2389 1235 2465 virgo
1259 2401 1363 2449 sancta
1386 2409 1448 2448 non

303 2481 400 2538 solum
424 2499 443 2538 a
465 2480 632 2552 Dunstano,
654 2481 849 2549 Ethelwoldo,
870 2491 900 2539 et
921 2481 1057 2556 Elphego
1076 2481 1167 2555 digna
1184 2479 1378 2538 veneratione
1403 2490 1451 2537 est

303 2568 459 2638 celebrata,
477 2585 584 2626 verum
603 2567 694 2627 etiam
712 2584 731 2625 a
750 2568 851 2626 multis
868 2569 980 2626 sanctis
999 2568 1132 2642 antiquis
1152 2567 1295 2626 sanctitas
1317 2567 1382 2624 eius
1401 2577 1449 2624 est

302 2654 455 2729 predicata
468 2675 474 2713 ε
494 2664 524 2712 et
537 2655 562 2713 si
576 2655 672 2723 nobis,
683 2657 720 2713 ob
734 2657 852 2730 culpam
866 2657 1035 2716 incutievel
1050 2658 1088 2714 ob
1100 2655 1249 2730 premium
1262 2653 1342 2725 fidei,
1354 2653 1451 2728 ipsius

303 2741 445 2800 miracula
457 2742 505 2800 vel
517 2742 733 2817 scripturarum
747 2742 856 2802 indicia
864 2744 1047 2813 deiecerunt,
1057 2743 1099 2800 illi
1112 2741 1308 2817 proculdubio
1320 2741 1450 2800 claman-

258 2853 288 2904 ¹5
302 2829 380 2887 tibus
404 2829 563 2888 virtutibus
590 2830 668 2888 banc
698 2841 848 2889 nouerunt
871 2832 923 2905 qui
948 2831 1087 2906 primitus
1113 2839 1183 2889 ante
1214 2829 1451 2888 combustionem

302 2933 456 2974 sacrorum
480 2917 666 2976 voluminum
691 2935 747 2992 per
776 2927 869 2976 totam
900 2919 1029 2976 insulam
1060 2933 1116 2994 per
1142 2917 1246 2976 Danos
1275 2916 1394 2986 laetam,
1420 2919 1452 2974 in

302 3005 455 3063 lucernam
469 3007 602 3062 omniurn
616 3023 684 3064 eam
697 3006 877 3078 extulerunt,
888 3007 1028 3081 diemque
1039 3023 1127 3064 suum
1141 3004 1365 3064 sanctissimum
1379 3022 1453 3063 esse

302 3101 476 3150 sanxemnt.
514 3091 614 3150 Huius
638 3091 739 3166 itaque
762 3093 887 3168 virginis
913 3095 1044 3167 gloriose
1068 3093 1242 3151 instantiam
1273 3101 1303 3150 et
1326 3090 1453 3166 vigilem

302 3197 501 3254 curamsupra
508 3197 632 3253 gregem
642 3179 700 3238 sibi
708 3181 904 3238 commissum
913 3181 1046 3239 breuiter
1055 3179 1454 3254 tangitBedavenerabilis⁸,

257 3292 289 3341 30
302 3266 434 3324 confisus
453 3267 491 3324 de
510 3276 610 3324 cetero
624 3269 704 3341 quod
723 3269 892 3342 descriptus
911 3269 988 3327 liber
1002 3267 1061 3326 vite
1080 3278 1184 3326 sancte
1202 3267 1397 3341 Ethelburge‚
1411 3269 1451 3326 de

301 3371 362 3427 quo
383 3355 438 3411 hec
459 3363 490 3412 et
509 3353 568 3411 alia
584 3355 721 3428 preclara
738 3365 910 3430 exceperat,
921 3357 959 3414 ad
981 3355 1184 3414 testimonium
1204 3354 1370 3412 sanctitatis
1385 3355 1453 3412 eius

302 3441 461 3500 sufficeret.
497 3441 585 3499 Adeo
607 3441 710 3500 diuina
730 3443 874 3502 charitate
896 3455 959 3502 erat
981 3443 1080 3518 plena,
1100 3453 1130 3500 et
1152 3441 1286 3500 omnium
1304 3440 1452 3500 virtutum

303 3529 418 3586 doctrix
443 3539 474 3586 et
498 3529 634 3600 formula,
658 3530 688 3586 in
708 3529 825 3604 vigiliis,
850 3530 1047 3602 abstinentiis,
1066 3529 1257 3604 benignitate,
1281 3529 1454 3600 clementia,

302 3625 531 3690 ceterarumque
544 3618 686 3674 virtutum
699 3634 817 3676 summa
828 3638 835 3688 ;
855 3618 896 3676 ita
908 3619 1066 3676 animabus
1084 3627 1114 3676 et
1131 3617 1307 3691 corporibus
1319 3617 1453 3691 prouidit

256 3727 286 3778 35
302 3704 521 3772 necessariam
534 3722 635 3762 coram
649 3707 706 3762 deo
719 3715 748 3762 et
762 3706 932 3764 hominibus
945 3707 1098 3764 incederet
1106 3705 1172 3766 sine
1181 3705 1312 3778 querela
1342 3703 1454 3762 Cetera

301 3810 373 3850 vero
385 3792 446 3849 vita
457 3792 505 3849 vel
519 3794 625 3849 merita
643 3793 729 3850 beate
746 3791 912 3852 Hildelithe
924 3794 1017 3851 latent
1030 3793 1151 3850 nostra⁴
1164 3802 1303 3866 tempora
1314 3811 1322 3863 3
1342 3793 1454 3865 quibus

301 3879 452 3937 credimus
474 3897 534 3936 non
555 3879 687 3938 defuisse
700 3879 910 3938 miraculorum
923 3879 1102 3952 testimonia,
1112 3897 1293 3954 quamquam
1305 3880 1403 3954 magis
1424 3881 1453 3937 in

300 3968 369 4036 fide,
383 3985 442 4041 que
462 3985 520 4042 per
538 3967 728 4026 dilectionem
748 3977 896 4041 operatur,
916 3985 1006 4042 quam
1028 3969 1059 4025 in
1079 3968 1231 4025 miraculis
1249 3967 1396 4024 sanctitas
1416 3967 1454 4025 sit

300 4055 532 4130 comprobanda.
569 4054 679 4112 Omnia
700 4063 802 4112 tamen
823 4055 888 4114 eius
908 4071 993 4114 sacra
1017 4065 1102 4129 gesta
1121 4055 1186 4112 celo
1207 4055 1359 4113 credimus
1379 4072 1452 4113 esse

255 4166 288 4215 40
301 4143 460 4217 descripta,
478 4153 562 4200 tanto
582 4142 623 4199 ibi
645 4141 771 4200 clariora
785 4153 897 4216 quanto
917 4143 965 4200 hic
987 4143 1179 4202 obscuriora:
1199 4142 1284 4201 cuius
1301 4141 1364 4202 vita
1381 4160 1453 4200 eum

332 4287 405 4340 ιΕά.
419 4291 514 4354 mostly
525 4291 551 4340 in
563 4291 595 4340 Α.
608 4289 655 4341 SS.
671 4289 736 4341 Boll.
751 4289 839 4342 March
852 4291 898 4341 111.
913 4291 1015 4355 p485;
1033 4291 1065 4342 cf.
1079 4291 1151 4342 Beda
1164 4291 1207 4342 lV.
1223 4305 1262 4342 ιο.
1327 4288 1451 4342 'etabb-

300 4371 350 4405 om.
361 4355 387 4404 in
399 4355 428 4406 T.
497 4355 597 4407 ³Reda
609 4356 652 4407 IV.
670 4372 706 4408 ro
775 4357 937 4408 *Μαίη
