3054 4904
411 313 485 408 ma
509 309 673 400 &aaut
697 309 967 414 ttmtcoano.
1194 333 1262 408 127

110 522 228 585 petrato
250 515 397 586 contagio,
417 513 539 587 pollutis
564 512 718 587 gressibus
743 513 841 570 locum
866 521 1003 570 sanctum
1028 521 1177 569 temerare
1202 531 1262 569 non

109 612 261 671 verentes,
274 602 454 676 quandoque
466 602 623 673 repentina
641 610 736 659 morte
749 601 872 669 multati,
885 619 959 673 sepe
972 601 1115 657 membris
1128 599 1262 671 mutilati,

110 699 160 744 aut
173 688 329 745 incurabili
342 687 465 745 morbo¹
478 689 574 762 puniti
587 698 666 746 sunt.

581 953 605 1014 il
623 949 786 1009 Narratioi

148 1060 242 1131 Circa
261 1072 415 1130 infantiam
434 1072 529 1130 sancti
547 1072 759 1147 Kentegerni³,
776 1075 813 1130 ad
832 1075 982 1148 quendam
1001 1074 1165 1132 solitarium
1180 1076 1261 1132 venit

109 1160 280 1232 presbiter⁴
290 1161 444 1217 cuiusdam
455 1161 621 1229 basilice,vt
629 1171 819 1219 consecraret
828 1165 856 1218 ei
863 1163 1043 1220 oblationem
1051 1163 1088 1218 ad
1099 1161 1261 1219 communi·
1276 1189 1290 1239 5

111 1249 251 1304 candum.
288 1248 421 1305 Veniens
444 1248 543 1306 aut'em
563 1250 683 1322 quidam
702 1251 740 1306 ad
763 1250 845 1306 illum
867 1250 1041 1321 solitarium,
1061 1250 1262 1324 presbiterum

109 1335 245 1408 grauiter
263 1339 420 1392 accusauit.
458 1336 517 1406 Qui
536 1355 604 1392 cum
622 1338 732 1393 iterum
744 1338 879 1394 venisset
896 1339 933 1394 ad
953 1356 1030 1408 eum,
1044 1337 1262 1396 scandalizatus

110 1423 263 1480 solitarius
277 1441 337 1480 non
351 1425 467 1497 aperuit
480 1425 518 1481 ei.
556 1424 593 1480 Et
607 1443 676 1480 ecce
689 1443 749 1482 vox
763 1425 839 1481 facta
852 1433 898 1481 est
913 1426 949 1481 ad
964 1424 1126 1482 solitarium
1140 1426 1261 1482 dicens:

110 1511 277 1568 ‘Tulerunt
294 1512 350 1568 sibi
364 1513 502 1569 homines
514 1511 650 1568 iuditium
663 1515 781 1570 meum!
821 1513 858 1572 Et
869 1514 951 1572 velut
967 1512 997 1569 in
1012 1531 1140 1571 excessu
1153 1513 1262 1569 mentis

110 1599 216 1670 factus,
225 1600 298 1655 vidit
308 1599 392 1673 quasi
402 1610 527 1673 puteum
536 1618 661 1657 aureum
673 1608 703 1657 et
711 1600 831 1657 situlam
844 1618 965 1657 auream
975 1610 1004 1657 et
1013 1599 1114 1657 funem
1123 1600 1263 1657 auream⁵
1278 1627 1308 1663 ιο

110 1697 141 1744 et
158 1705 269 1760 aquam
281 1688 390 1744 bonam
404 1687 510 1744 valde:
530 1687 658 1745 Videbat
675 1697 775 1744 autem
789 1697 819 1744 et
832 1688 981 1761 quendam
998 1689 1150 1760 leprosum
1163 1688 1261 1744 hauri-

110 1783 214 1833 entem
233 1784 263 1831 et
282 1774 492 1832 refundentem
505 1775 536 1831 in
549 1794 638 1832 vase:
661 1776 698 1832 Et
710 1775 848 1849 cupiebat
866 1777 969 1832 bibere
988 1785 1018 1832 et
1036 1794 1096 1831 non
1116 1775 1234 1832 bibebat
1242 1776 1262 1844 ⁶,

110 1863 181 1936 quia
201 1863 340 1935 leprosus
359 1873 423 1920 erat
445 1863 494 1920 ille
513 1865 562 1937 qui
583 1864 744 1920 hauriebat
783 1863 820 1919 Et
839 1882 909 1920 eece
928 1863 1035 1919 iterum
1054 1881 1112 1920 vox
1135 1865 1171 1920 ad
1193 1858 1262 1919 eum

111 1951 236 2008 dicens:
257 1948 334 2006 ‘Cur
346 1968 406 2006 non
418 1951 498 2008 bibis
508 1969 546 2007 ex
558 1969 636 2024 aqua
649 1951 723 2008 hac?
737 1969 827 2025 quam
841 1969 960 2008 eausam
975 1951 1064 2007 habet
1076 1951 1126 2024 qui
1140 1952 1262 2023 implet?

112 2037 223 2110 Implet
241 2039 322 2094 enim
340 2038 527 2094 solummodo
540 2048 570 2096 et
584 2039 708 2095 effundit
725 2039 755 2096 in
768 2040 857 2096 vase?
896 2038 931 2094 ln
951 2056 983 2095 se
1003 2047 1101 2094 autem
1121 2055 1263 2094 reuersus
1279 2063 1307 2113 15

112 2125 263 2182 solitarius
288 2135 318 2182 et
336 2125 476 2182 virtutem
498 2126 622 2183 visionis
646 2128 848 2196 considerans,
870 2128 987 2182 uocauit
1009 2126 1209 2200 presbiterum
1232 2137 1261 2183 et

112 2213 179 2272 fecit
193 2231 263 2270 eum
277 2213 352 2270 sicut
365 2214 450 2286 pn'us
463 2215 650 2271 sanctificare
664 2214 720 2271 sibi
734 2213 924 2271 oblationem.

581 2477 606 2537 ‘l
625 2475 765 2533 Narratio
772 2474 791 2533 ⁷.

150 2587 229 2656 Erat
251 2599 372 2671 quidam
396 2599 489 2656 abbas
514 2597 562 2655 et⁸
587 2599 771 2667 hortolanus,
795 2598 846 2672 qui
870 2616 992 2656 omnem
1018 2599 1151 2656 laborem
1173 2617 1262 2656 suum

112 2686 258 2761 expendit
275 2686 306 2742 in
323 2686 519 2744 elemosinam
535 2696 565 2743 et
581 2696 697 2742 tantum
711 2686 766 2743 sibi
784 2687 931 2743 retinebat
944 2697 1087 2761 quantum
1100 2688 1137 2743 ad
1150 2688 1262 2744 victum

111 2775 208 2848 ipsius
221 2773 380 2830 sufficeret.
419 2773 527 2830 Postea
539 2791 611 2830 vero
624 2775 766 2831 sathanas
782 2774 904 2831 immisit
916 2775 947 2831 in
959 2775 1049 2832 corde
1062 2774 1126 2832 eius
1139 2775 1261 2832 dicens:
1278 2801 1308 2837 20

112 2862 246 2935 ‘Collige
261 2861 314 2918 tibi
326 2861 506 2935 aliquantam
520 2861 687 2934 pecuniam,
699 2871 731 2918 vt
740 2862 759 2932 ⁹,
772 2880 840 2919 cum
854 2863 991 2919 senueris
1007 2871 1057 2918 aut
1070 2863 1262 2934 egrotaueris,

111 2968 189 3022 opus
204 2950 315 3006 habeas
330 2950 368 3004 ad
387 2951 556 3022 expensas!
594 2949 632 3006 Et
650 2950 778 3022 collegit,
791 2960 821 3006 et
839 2950 977 3022 lagenam
988 2950 1009 2982 '⁰
1027 2950 1088 3022 [de]
1099 2949 1117 2983 ¹¹
1131 2952 1262 3007 nummis

111 3037 257 3111 impleuit.
294 3035 424 3109 Contigit
436 3045 535 3093 autem
549 3055 618 3093 eum
630 3037 785 3107 infirmari,
799 3047 828 3093 et
841 3037 996 3111 putrefieri
1009 3039 1119 3110 pedem
1131 3036 1212 3108 eius;
1232 3047 1262 3096 et

111 3125 257 3198 expendit
281 3125 361 3196 quod
386 3124 542 3182 collectum
567 3123 662 3181 fuerat
686 3127 717 3180 in
744 3126 886 3195 medicos,
911 3135 942 3182 et
966 3125 1040 3181 nihil
1066 3127 1094 3181 ei
1116 3127 1261 3198 prodesse

112 3211 217 3284 potuit.
255 3210 363 3268 Postea
380 3213 461 3268 venit
479 3212 599 3284 quidam
618 3213 658 3267 de
676 3211 801 3270 medicis
820 3213 953 3286 expertis
973 3222 1002 3269 et
1020 3211 1095 3268 dixit
1114 3211 1159 3270 ei:
1180 3213 1261 3270 ‘Nisi
1278 3237 1306 3286 ²5

112 3299 256 3356 incideris
272 3301 382 3374 pedem
398 3310 492 3370 tuum,
505 3307 599 3355 totum
615 3316 725 3372 corpus
742 3310 826 3356 tuum
843 3300 991 3373 putrefiet,
1004 3309 1034 3356 et
1052 3310 1178 3356 mortem
1192 3301 1262 3356 vici·

113 3405 183 3444 nam
197 3387 334 3444 inducet!
368 3385 423 3444 Illa
434 3396 534 3444 autem
545 3395 631 3443 nocte
642 3387 762 3444 rediens
775 3387 805 3443 in
817 3388 1013 3460 semetipsum
1024 3397 1054 3444 et
1067 3387 1261 3460 penitentiam

112 3493 207 3548 agens
229 3475 267 3530 de
288 3474 345 3531 hiis
365 3492 423 3547 que
443 3473 544 3546 gessit,
564 3474 709 3546 ingemuit
730 3483 760 3531 et
781 3475 863 3532 sseuit
883 3474 1004 3532 dicens:
1032 3474 1167 3532 ‘Memor
1187 3485 1262 3546 esto,

113 3563 244 3632 domine,
251 3579 378 3636 operum
390 3579 526 3618 meorum
536 3561 669 3634 priorum
680 3580 738 3635 que
749 3561 894 3619 faciebam
906 3579 974 3619 cum
983 3563 1085 3619 labore
1091 3563 1112 3596 ¹²
1125 3564 1156 3620 in
1167 3563 1261 3632 horto,

113 3669 152 3708 ex
164 3669 225 3724 quo
238 3649 421 3723 pauperibus
434 3649 655 3706 ministrabam!
687 3649 806 3707 Etcum
819 3651 875 3707 hoc
888 3650 1022 3718 dixisset,
1032 3651 1123 3707 astitit
1135 3651 1261 3724 angelus
1277 3677 1308 3724 30

113 3737 227 3794 domini
241 3747 272 3794 et
288 3737 363 3794 dixit
379 3736 425 3794 ei:
445 3737 518 3793 ‘Vbi
531 3746 600 3793 sunt
614 3740 729 3794 nummi
745 3756 821 3811 quos
837 3737 1004 3810 collegisti?
1017 3747 1046 3795 et
1059 3737 1108 3794 vbi
1125 3747 1170 3795 est
1187 3756 1261 3810 spes

113 3843 191 3884 vana
215 3833 246 3882 et
270 3825 407 3898 cogitatio
417 3823 438 3858 ¹³
462 3826 500 3881 de
526 3843 585 3898 qua
609 3825 777 3882 tractastil’
825 3825 877 3883 ille
903 3825 1076 3900 respondit:
1108 3825 1260 3897 ‘Peccaui,

114 3915 253 3972 domine:
281 3911 404 3986 ignosce
423 3913 505 3984 mihi,
525 3923 555 3970 et
577 3915 685 3970 amodo
704 3913 830 3970 ulterius
852 3915 909 3970 hoc
929 3931 990 3970 non
1011 3913 1134 3970 faciam!
1175 3913 1261 3970 Tunc

114 4002 239 4075 angelus
252 4000 347 4074 tetigit
361 4002 470 4075 pedem
483 4000 564 4058 eius:
585 4010 616 4058 et
628 4001 729 4058 statim
742 4011 865 4058 sanatus
877 4009 933 4059 est.

146 4159 202 4212 ’ἰ
216 4161 314 4212 rombo.
381 4159 484 4212 'From
495 4161 546 4212 Vit.
560 4159 627 4212 Patr.
640 4177 698 4225 911.
762 4161 817 4210 ³E.
832 4161 992 4224 Kentegrini.
1059 4159 1116 4210 ⁴13.
1128 4160 1261 4211 bresbiter.

114 4224 192 4277 'vit
206 4243 318 4278 aureum.
412 4227 490 4282 ‘VR
505 4233 614 4290 poterat.
708 4225 811 4278 'From
822 4227 872 4277 Vit
886 4227 953 4278 Patr.
967 4229 1025 4294 39⁹·
1119 4227 1261 4278 'abbsset

114 4293 204 4342 added.
277 4292 357 4342 'VB.
372 4307 412 4342 ne
491 4291 511 4322 ¹⁰
528 4293 557 4344 E
571 4293 695 4356 laganam.
772 4292 789 4322 ¹¹
806 4293 895 4346 om.in
909 4293 939 4346 E.
1014 4291 1033 4322 ¹¹
1048 4291 1101 4342 VP.
1113 4291 1260 4346 laborarem.

115 4355 134 4386 ¹³
150 4373 215 4409 vana
226 4365 253 4410 et
263 4373 319 4424 cog.
333 4373 382 4410 om.
395 4359 421 4408 in
432 4357 485 4410 VP.
