<?xml version="1.0" encoding="UTF-8"?>
<!DOCTYPE html PUBLIC "-//W3C//DTD XHTML 1.0 Transitional//EN"
    "http://www.w3.org/TR/xhtml1/DTD/xhtml1-transitional.dtd">
<html xmlns="http://www.w3.org/1999/xhtml" xml:lang="en" lang="en">
 <head>
  <title>
</title>
<meta http-equiv="Content-Type" content="text/html;charset=utf-8" />
  <meta name='ocr-system' content='tesseract 3.04.00' />
  <meta name='ocr-capabilities' content='ocr_page ocr_carea ocr_par ocr_line ocrx_word'/>
</head>
<body>
  <div class='ocr_page' id='page_1' title='image "./novalegendaangl00wordgoog/novalegendaangl00wordgoog_0132.png"; bbox 0 0 3054 4904; ppageno 0'>
   <div class='ocr_carea' id='block_1_1' title="bbox 74 0 688 1">
    <p class='ocr_par' dir='ltr' id='par_1_1' title="bbox 74 0 688 1">
     <span class='ocr_line' id='line_1_1' title="bbox 74 0 688 1; baseline 0 0"><span class='ocrx_word' id='word_1_1' title='bbox 74 0 688 1; x_wconf 95' lang='lat' dir='ltr'><strong> </strong></span> 
     </span>
    </p>
   </div>
   <div class='ocr_carea' id='block_1_2' title="bbox 404 297 1249 402">
    <p class='ocr_par' dir='ltr' id='par_1_2' title="bbox 404 297 1249 402">
     <span class='ocr_line' id='line_1_2' title="bbox 404 297 1249 402; baseline -0.019 -10"><span class='ocrx_word' id='word_1_2' title='bbox 404 299 479 392; x_wconf 62' lang='lat' dir='ltr'><strong>Ui</strong></span> <span class='ocrx_word' id='word_1_3' title='bbox 502 297 666 387; x_wconf 57' lang='lat' dir='ltr'><strong>&amp;tutto</strong></span> <span class='ocrx_word' id='word_1_4' title='bbox 691 298 958 402; x_wconf 59' lang='lat' dir='ltr'><strong>militnm.</strong></span> <span class='ocrx_word' id='word_1_5' title='bbox 1185 326 1249 376; x_wconf 90' lang='lat'><strong>121</strong></span> 
     </span>
    </p>
   </div>
   <div class='ocr_carea' id='block_1_3' title="bbox 53 497 1299 4255">
    <p class='ocr_par' dir='ltr' id='par_1_3' title="bbox 53 497 1299 4255">
     <span class='ocr_line' id='line_1_3' title="bbox 98 497 1254 574; baseline 0.003 -20"><span class='ocrx_word' id='word_1_6' title='bbox 98 497 237 571; x_wconf 89' lang='lat' dir='ltr'><strong>quinque</strong></span> <span class='ocrx_word' id='word_1_7' title='bbox 258 497 376 568; x_wconf 84' lang='lat' dir='ltr'><strong>fratres,</strong></span> <span class='ocrx_word' id='word_1_8' title='bbox 400 501 455 556; x_wconf 92' lang='lat' dir='ltr'><strong>sub</strong></span> <span class='ocrx_word' id='word_1_9' title='bbox 477 501 604 572; x_wconf 88' lang='lat' dir='ltr'><strong>regulari</strong></span> <span class='ocrx_word' id='word_1_10' title='bbox 627 499 793 574; x_wconf 84' lang='lat' dir='ltr'><strong>disciplina,</strong></span> <span class='ocrx_word' id='word_1_11' title='bbox 811 501 842 556; x_wconf 91' lang='lat' dir='ltr'><strong>in</strong></span> <span class='ocrx_word' id='word_1_12' title='bbox 863 516 973 572; x_wconf 86' lang='lat' dir='ltr'><strong>magna</strong></span> <span class='ocrx_word' id='word_1_13' title='bbox 997 498 1175 558; x_wconf 80' lang='lat' dir='ltr'><strong>abstinentia</strong></span> <span class='ocrx_word' id='word_1_14' title='bbox 1196 502 1254 557; x_wconf 92' lang='lat' dir='ltr'><strong>deo</strong></span> 
     </span>
     <span class='ocr_line' id='line_1_4' title="bbox 99 585 1253 661; baseline 0.002 -19"><span class='ocrx_word' id='word_1_15' title='bbox 99 585 282 643; x_wconf 80' lang='lat' dir='ltr'><strong>seruientcs</strong></span> <span class='ocrx_word' id='word_1_16' title='bbox 318 586 485 644; x_wconf 86' lang='lat' dir='ltr'><strong>Trecentos</strong></span> <span class='ocrx_word' id='word_1_17' title='bbox 495 589 576 644; x_wconf 89' lang='lat' dir='ltr'><strong>enim</strong></span> <span class='ocrx_word' id='word_1_18' title='bbox 586 588 751 645; x_wconf 83' lang='lat' dir='ltr'><strong>illitteratos</strong></span> <span class='ocrx_word' id='word_1_19' title='bbox 764 588 943 661; x_wconf 83' lang='lat' dir='ltr'><strong>agriculture</strong></span> <span class='ocrx_word' id='word_1_20' title='bbox 956 597 987 644; x_wconf 95' lang='lat' dir='ltr'><strong>et</strong></span> <span class='ocrx_word' id='word_1_21' title='bbox 999 605 1141 660; x_wconf 89' lang='lat' dir='ltr'><strong>pecorum</strong></span> <span class='ocrx_word' id='word_1_22' title='bbox 1156 597 1253 644; x_wconf 88' lang='lat' dir='ltr'><strong>custo-</strong></span> 
     </span>
     <span class='ocr_line' id='line_1_5' title="bbox 98 673 1253 749; baseline 0.003 -19"><span class='ocrx_word' id='word_1_23' title='bbox 98 673 150 730; x_wconf 92' lang='lat' dir='ltr'><strong>die</strong></span> <span class='ocrx_word' id='word_1_24' title='bbox 158 682 247 730; x_wconf 86' lang='lat' dir='ltr'><strong>extra</strong></span> <span class='ocrx_word' id='word_1_25' title='bbox 255 674 471 732; x_wconf 89' lang='lat' dir='ltr'><strong>monasterium</strong></span> <span class='ocrx_word' id='word_1_26' title='bbox 479 676 722 749; x_wconf 91' lang='lat' dir='ltr'><strong>deputauit‚alios</strong></span> <span class='ocrx_word' id='word_1_27' title='bbox 730 685 879 732; x_wconf 91' lang='lat' dir='ltr'><strong>trecentos</strong></span> <span class='ocrx_word' id='word_1_28' title='bbox 887 676 1030 748; x_wconf 91' lang='lat' dir='ltr'><strong>operibus</strong></span> <span class='ocrx_word' id='word_1_29' title='bbox 1038 675 1253 733; x_wconf 79' lang='lat' dir='ltr'><strong>intra¹monas</strong></span> 
     </span>
     <span class='ocr_line' id='line_1_6' title="bbox 97 763 1254 837; baseline 0.003 -20"><span class='ocrx_word' id='word_1_30' title='bbox 97 763 211 818; x_wconf 88' lang='lat' dir='ltr'><strong>terium</strong></span> <span class='ocrx_word' id='word_1_31' title='bbox 234 763 424 833; x_wconf 87' lang='lat' dir='ltr'><strong>exercendis,</strong></span> <span class='ocrx_word' id='word_1_32' title='bbox 443 773 474 820; x_wconf 91' lang='lat' dir='ltr'><strong>et</strong></span> <span class='ocrx_word' id='word_1_33' title='bbox 495 763 613 819; x_wconf 87' lang='lat' dir='ltr'><strong>cibariis</strong></span> <span class='ocrx_word' id='word_1_34' title='bbox 632 764 829 837; x_wconf 88' lang='lat' dir='ltr'><strong>preparandis</strong></span> <span class='ocrx_word' id='word_1_35' title='bbox 847 763 1027 835; x_wconf 88' lang='lat' dir='ltr'><strong>assignauit:</strong></span> <span class='ocrx_word' id='word_1_36' title='bbox 1051 772 1082 819; x_wconf 91' lang='lat' dir='ltr'><strong>et</strong></span> <span class='ocrx_word' id='word_1_37' title='bbox 1102 772 1254 820; x_wconf 88' lang='lat' dir='ltr'><strong>trecentos</strong></span> 
     </span>
     <span class='ocr_line' id='line_1_7' title="bbox 99 849 1282 923; baseline 0.002 -19"><span class='ocrx_word' id='word_1_38' title='bbox 99 849 260 920; x_wconf 81' lang='lat' dir='ltr'><strong>sexaginta</strong></span> <span class='ocrx_word' id='word_1_39' title='bbox 273 849 405 922; x_wconf 92' lang='lat' dir='ltr'><strong>quinque</strong></span> <span class='ocrx_word' id='word_1_40' title='bbox 418 850 563 907; x_wconf 89' lang='lat' dir='ltr'><strong>litteratos</strong></span> <span class='ocrx_word' id='word_1_41' title='bbox 579 850 688 907; x_wconf 91' lang='lat' dir='ltr'><strong>diuinis</strong></span> <span class='ocrx_word' id='word_1_42' title='bbox 706 849 812 906; x_wconf 90' lang='lat' dir='ltr'><strong>officiis</strong></span> <span class='ocrx_word' id='word_1_43' title='bbox 829 851 938 923; x_wconf 87' lang='lat' dir='ltr'><strong>iugiter</strong></span> <span class='ocrx_word' id='word_1_44' title='bbox 950 850 1138 907; x_wconf 88' lang='lat' dir='ltr'><strong>celebrandis</strong></span> <span class='ocrx_word' id='word_1_45' title='bbox 1154 850 1282 917; x_wconf 79' lang='lat' dir='ltr'><strong>lautu-5</strong></span> 
     </span>
     <span class='ocr_line' id='line_1_8' title="bbox 99 936 1253 1011; baseline 0.003 -20"><span class='ocrx_word' id='word_1_46' title='bbox 99 936 183 1004; x_wconf 90' lang='lat' dir='ltr'><strong>lauit,</strong></span> <span class='ocrx_word' id='word_1_47' title='bbox 203 955 260 993; x_wconf 92' lang='lat' dir='ltr'><strong>nec</strong></span> <span class='ocrx_word' id='word_1_48' title='bbox 281 936 367 993; x_wconf 79' lang='lat' dir='ltr'><strong>facile</strong></span> <span class='ocrx_word' id='word_1_49' title='bbox 386 955 568 1011; x_wconf 89' lang='lat' dir='ltr'><strong>quemquam</strong></span> <span class='ocrx_word' id='word_1_50' title='bbox 588 937 705 995; x_wconf 90' lang='lat' dir='ltr'><strong>illorum</strong></span> <span class='ocrx_word' id='word_1_51' title='bbox 726 938 839 1010; x_wconf 86' lang='lat' dir='ltr'><strong>egredi,</strong></span> <span class='ocrx_word' id='word_1_52' title='bbox 853 939 906 994; x_wconf 90' lang='lat' dir='ltr'><strong>sed</strong></span> <span class='ocrx_word' id='word_1_53' title='bbox 926 947 1068 1010; x_wconf 88' lang='lat' dir='ltr'><strong>tanquam</strong></span> <span class='ocrx_word' id='word_1_54' title='bbox 1086 938 1116 994; x_wconf 91' lang='lat' dir='ltr'><strong>in</strong></span> <span class='ocrx_word' id='word_1_55' title='bbox 1134 948 1253 994; x_wconf 88' lang='lat' dir='ltr'><strong>sanctu·</strong></span> 
     </span>
     <span class='ocr_line' id='line_1_9' title="bbox 98 1025 1253 1097; baseline 0.003 -17"><span class='ocrx_word' id='word_1_56' title='bbox 98 1025 165 1080; x_wconf 90' lang='lat' dir='ltr'><strong>ario</strong></span> <span class='ocrx_word' id='word_1_57' title='bbox 179 1025 293 1080; x_wconf 89' lang='lat' dir='ltr'><strong>domini</strong></span> <span class='ocrx_word' id='word_1_58' title='bbox 309 1025 430 1082; x_wconf 87' lang='lat' dir='ltr'><strong>assidue</strong></span> <span class='ocrx_word' id='word_1_59' title='bbox 443 1027 622 1082; x_wconf 88' lang='lat' dir='ltr'><strong>commorari</strong></span> <span class='ocrx_word' id='word_1_60' title='bbox 639 1026 775 1082; x_wconf 90' lang='lat' dir='ltr'><strong>instituit.</strong></span> <span class='ocrx_word' id='word_1_61' title='bbox 813 1025 921 1082; x_wconf 91' lang='lat' dir='ltr'><strong>Diuisit</strong></span> <span class='ocrx_word' id='word_1_62' title='bbox 935 1027 1015 1082; x_wconf 89' lang='lat' dir='ltr'><strong>enim</strong></span> <span class='ocrx_word' id='word_1_63' title='bbox 1028 1043 1084 1097; x_wconf 91' lang='lat' dir='ltr'><strong>per</strong></span> <span class='ocrx_word' id='word_1_64' title='bbox 1095 1034 1210 1082; x_wconf 89' lang='lat' dir='ltr'><strong>turmas</strong></span> <span class='ocrx_word' id='word_1_65' title='bbox 1224 1037 1253 1083; x_wconf 92' lang='lat' dir='ltr'><strong>et</strong></span> 
     </span>
     <span class='ocr_line' id='line_1_10' title="bbox 99 1112 1254 1185; baseline 0.001 -17"><span class='ocrx_word' id='word_1_66' title='bbox 99 1121 271 1168; x_wconf 90' lang='lat' dir='ltr'><strong>conuentus</strong></span> <span class='ocrx_word' id='word_1_67' title='bbox 296 1112 462 1185; x_wconf 86' lang='lat' dir='ltr'><strong>collegium,</strong></span> <span class='ocrx_word' id='word_1_68' title='bbox 487 1113 539 1170; x_wconf 87' lang='lat' dir='ltr'><strong>ut²</strong></span> <span class='ocrx_word' id='word_1_69' title='bbox 558 1131 619 1171; x_wconf 91' lang='lat' dir='ltr'><strong>vno</strong></span> <span class='ocrx_word' id='word_1_70' title='bbox 644 1122 793 1170; x_wconf 90' lang='lat' dir='ltr'><strong>conuentu</strong></span> <span class='ocrx_word' id='word_1_71' title='bbox 816 1113 976 1170; x_wconf 77' lang='lat' dir='ltr'><strong>seruitium</strong></span> <span class='ocrx_word' id='word_1_72' title='bbox 1000 1114 1047 1169; x_wconf 93' lang='lat' dir='ltr'><strong>dei</strong></span> <span class='ocrx_word' id='word_1_73' title='bbox 1072 1115 1103 1168; x_wconf 93' lang='lat' dir='ltr'><strong>in</strong></span> <span class='ocrx_word' id='word_1_74' title='bbox 1128 1113 1254 1169; x_wconf 89' lang='lat' dir='ltr'><strong>ecclesia</strong></span> 
     </span>
     <span class='ocr_line' id='line_1_11' title="bbox 98 1201 1254 1273; baseline 0 -17"><span class='ocrx_word' id='word_1_75' title='bbox 98 1201 294 1269; x_wconf 85' lang='lat' dir='ltr'><strong>terminante,</strong></span> <span class='ocrx_word' id='word_1_76' title='bbox 315 1201 390 1258; x_wconf 87' lang='lat' dir='ltr'><strong>alter</strong></span> <span class='ocrx_word' id='word_1_77' title='bbox 407 1201 547 1258; x_wconf 92' lang='lat' dir='ltr'><strong>continuo</strong></span> <span class='ocrx_word' id='word_1_78' title='bbox 565 1201 681 1257; x_wconf 92' lang='lat' dir='ltr'><strong>intrans</strong></span> <span class='ocrx_word' id='word_1_79' title='bbox 700 1201 771 1257; x_wconf 92' lang='lat' dir='ltr'><strong>illud</strong></span> <span class='ocrx_word' id='word_1_80' title='bbox 791 1201 952 1270; x_wconf 88' lang='lat' dir='ltr'><strong>inchoaret,</strong></span> <span class='ocrx_word' id='word_1_81' title='bbox 971 1218 1030 1273; x_wconf 91' lang='lat' dir='ltr'><strong>quo</strong></span> <span class='ocrx_word' id='word_1_82' title='bbox 1047 1208 1254 1257; x_wconf 88' lang='lat' dir='ltr'><strong>consummato</strong></span> 
     </span>
     <span class='ocr_line' id='line_1_12' title="bbox 98 1288 1299 1362; baseline 0 -19"><span class='ocrx_word' id='word_1_83' title='bbox 98 1288 179 1344; x_wconf 90' lang='lat' dir='ltr'><strong>alius</strong></span> <span class='ocrx_word' id='word_1_84' title='bbox 199 1288 265 1344; x_wconf 89' lang='lat' dir='ltr'><strong>sine</strong></span> <span class='ocrx_word' id='word_1_85' title='bbox 284 1305 367 1344; x_wconf 90' lang='lat' dir='ltr'><strong>mora</strong></span> <span class='ocrx_word' id='word_1_86' title='bbox 385 1289 529 1346; x_wconf 90' lang='lat' dir='ltr'><strong>introiret.</strong></span> <span class='ocrx_word' id='word_1_87' title='bbox 575 1289 685 1362; x_wconf 89' lang='lat' dir='ltr'><strong>Sicque</strong></span> <span class='ocrx_word' id='word_1_88' title='bbox 704 1297 803 1345; x_wconf 90' lang='lat' dir='ltr'><strong>turma</strong></span> <span class='ocrx_word' id='word_1_89' title='bbox 820 1307 880 1346; x_wconf 87' lang='lat' dir='ltr'><strong>vna</strong></span> <span class='ocrx_word' id='word_1_90' title='bbox 901 1297 1031 1345; x_wconf 87' lang='lat' dir='ltr'><strong>exeunte</strong></span> <span class='ocrx_word' id='word_1_91' title='bbox 1049 1289 1191 1345; x_wconf 90' lang='lat' dir='ltr'><strong>etaltera</strong></span> <span class='ocrx_word' id='word_1_92' title='bbox 1209 1289 1253 1344; x_wconf 89' lang='lat' dir='ltr'><strong>in·</strong></span> <span class='ocrx_word' id='word_1_93' title='bbox 1270 1307 1299 1343; x_wconf 92' lang='lat'><strong>10</strong></span> 
     </span>
     <span class='ocr_line' id='line_1_13' title="bbox 98 1375 1254 1448; baseline 0 -17"><span class='ocrx_word' id='word_1_94' title='bbox 98 1375 268 1448; x_wconf 89' lang='lat' dir='ltr'><strong>grediente,</strong></span> <span class='ocrx_word' id='word_1_95' title='bbox 290 1375 383 1432; x_wconf 91' lang='lat' dir='ltr'><strong>oratio</strong></span> <span class='ocrx_word' id='word_1_96' title='bbox 400 1379 466 1434; x_wconf 89' lang='lat' dir='ltr'><strong>sine</strong></span> <span class='ocrx_word' id='word_1_97' title='bbox 482 1377 706 1433; x_wconf 89' lang='lat' dir='ltr'><strong>intermissione</strong></span> <span class='ocrx_word' id='word_1_98' title='bbox 724 1377 762 1432; x_wconf 89' lang='lat' dir='ltr'><strong>ab</strong></span> <span class='ocrx_word' id='word_1_99' title='bbox 778 1376 904 1432; x_wconf 91' lang='lat' dir='ltr'><strong>ecclesia</strong></span> <span class='ocrx_word' id='word_1_100' title='bbox 925 1377 975 1432; x_wconf 87' lang='lat' dir='ltr'><strong>illa</strong></span> <span class='ocrx_word' id='word_1_101' title='bbox 992 1377 1030 1432; x_wconf 88' lang='lat' dir='ltr'><strong>ad</strong></span> <span class='ocrx_word' id='word_1_102' title='bbox 1047 1377 1138 1432; x_wconf 91' lang='lat' dir='ltr'><strong>deum</strong></span> <span class='ocrx_word' id='word_1_103' title='bbox 1155 1376 1254 1445; x_wconf 87' lang='lat' dir='ltr'><strong>fiebat,</strong></span> 
     </span>
     <span class='ocr_line' id='line_1_14' title="bbox 53 1463 1254 1537; baseline 0 -18"><span class='ocrx_word' id='word_1_104' title='bbox 53 1528 56 1536; x_wconf 34' lang='lat'><strong><em>¹</em></strong></span> <span class='ocrx_word' id='word_1_105' title='bbox 100 1473 133 1519; x_wconf 91' lang='lat' dir='ltr'><strong>et</strong></span> <span class='ocrx_word' id='word_1_106' title='bbox 151 1463 361 1520; x_wconf 89' lang='lat' dir='ltr'><strong>benedicendo</strong></span> <span class='ocrx_word' id='word_1_107' title='bbox 379 1465 534 1521; x_wconf 90' lang='lat' dir='ltr'><strong>dominum</strong></span> <span class='ocrx_word' id='word_1_108' title='bbox 552 1465 583 1520; x_wconf 91' lang='lat' dir='ltr'><strong>in</strong></span> <span class='ocrx_word' id='word_1_109' title='bbox 603 1465 685 1520; x_wconf 91' lang='lat' dir='ltr'><strong>omni</strong></span> <span class='ocrx_word' id='word_1_110' title='bbox 703 1472 848 1537; x_wconf 89' lang='lat' dir='ltr'><strong>tempore,</strong></span> <span class='ocrx_word' id='word_1_111' title='bbox 862 1481 983 1536; x_wconf 88' lang='lat' dir='ltr'><strong>semper</strong></span> <span class='ocrx_word' id='word_1_112' title='bbox 1001 1464 1066 1520; x_wconf 92' lang='lat' dir='ltr'><strong>laus</strong></span> <span class='ocrx_word' id='word_1_113' title='bbox 1084 1464 1132 1521; x_wconf 90' lang='lat' dir='ltr'><strong>dei</strong></span> <span class='ocrx_word' id='word_1_114' title='bbox 1151 1464 1181 1520; x_wconf 91' lang='lat' dir='ltr'><strong>in</strong></span> <span class='ocrx_word' id='word_1_115' title='bbox 1201 1481 1254 1520; x_wconf 92' lang='lat' dir='ltr'><strong>ore</strong></span> 
     </span>
     <span class='ocr_line' id='line_1_15' title="bbox 99 1540 1254 1624; baseline 0.002 -18"><span class='ocrx_word' id='word_1_116' title='bbox 99 1551 223 1607; x_wconf 88' lang='lat' dir='ltr'><strong>illorum</strong></span> <span class='ocrx_word' id='word_1_117' title='bbox 236 1552 405 1608; x_wconf 90' lang='lat' dir='ltr'><strong>resonabat.</strong></span> <span class='ocrx_word' id='word_1_118' title='bbox 480 1540 556 1609; x_wconf 83' lang='lat' dir='ltr'><strong>Erat</strong></span> <span class='ocrx_word' id='word_1_119' title='bbox 575 1552 653 1608; x_wconf 90' lang='lat' dir='ltr'><strong>inter</strong></span> <span class='ocrx_word' id='word_1_120' title='bbox 664 1551 731 1607; x_wconf 93' lang='lat' dir='ltr'><strong>illos</strong></span> <span class='ocrx_word' id='word_1_121' title='bbox 744 1551 865 1624; x_wconf 89' lang='lat' dir='ltr'><strong>quidam</strong></span> <span class='ocrx_word' id='word_1_122' title='bbox 879 1551 1000 1608; x_wconf 90' lang='lat' dir='ltr'><strong>nomine</strong></span> <span class='ocrx_word' id='word_1_123' title='bbox 1013 1551 1128 1624; x_wconf 86' lang='lat' dir='ltr'><strong>Asaph‚</strong></span> <span class='ocrx_word' id='word_1_124' title='bbox 1141 1569 1254 1624; x_wconf 85' lang='lat' dir='ltr'><strong>genere</strong></span> 
     </span>
     <span class='ocr_line' id='line_1_16' title="bbox 100 1638 1254 1713; baseline 0 -19"><span class='ocrx_word' id='word_1_125' title='bbox 100 1649 132 1694; x_wconf 91' lang='lat' dir='ltr'><strong>et</strong></span> <span class='ocrx_word' id='word_1_126' title='bbox 152 1638 255 1712; x_wconf 91' lang='lat' dir='ltr'><strong>specie</strong></span> <span class='ocrx_word' id='word_1_127' title='bbox 275 1640 381 1708; x_wconf 89' lang='lat' dir='ltr'><strong>clarus,</strong></span> <span class='ocrx_word' id='word_1_128' title='bbox 394 1641 431 1696; x_wconf 93' lang='lat' dir='ltr'><strong>ab</strong></span> <span class='ocrx_word' id='word_1_129' title='bbox 450 1641 516 1713; x_wconf 92' lang='lat' dir='ltr'><strong>ipso</strong></span> <span class='ocrx_word' id='word_1_130' title='bbox 534 1639 700 1712; x_wconf 89' lang='lat' dir='ltr'><strong>pubertatis</strong></span> <span class='ocrx_word' id='word_1_131' title='bbox 719 1639 792 1696; x_wconf 89' lang='lat' dir='ltr'><strong>flore</strong></span> <span class='ocrx_word' id='word_1_132' title='bbox 805 1639 963 1696; x_wconf 91' lang='lat' dir='ltr'><strong>virtutibus</strong></span> <span class='ocrx_word' id='word_1_133' title='bbox 982 1648 1011 1696; x_wconf 90' lang='lat' dir='ltr'><strong>et</strong></span> <span class='ocrx_word' id='word_1_134' title='bbox 1030 1638 1180 1695; x_wconf 90' lang='lat' dir='ltr'><strong>miraculis</strong></span> <span class='ocrx_word' id='word_1_135' title='bbox 1199 1638 1254 1695; x_wconf 88' lang='lat' dir='ltr'><strong>sul-</strong></span> 
     </span>
     <span class='ocr_line' id='line_1_17' title="bbox 97 1727 1297 1801; baseline -0.003 -18"><span class='ocrx_word' id='word_1_136' title='bbox 97 1744 188 1799; x_wconf 87' lang='lat' dir='ltr'><strong>gens,</strong></span> <span class='ocrx_word' id='word_1_137' title='bbox 210 1727 261 1799; x_wconf 92' lang='lat' dir='ltr'><strong>qui</strong></span> <span class='ocrx_word' id='word_1_138' title='bbox 282 1727 374 1783; x_wconf 87' lang='lat' dir='ltr'><strong>vitam</strong></span> <span class='ocrx_word' id='word_1_139' title='bbox 396 1727 530 1801; x_wconf 88' lang='lat' dir='ltr'><strong>magistri</strong></span> <span class='ocrx_word' id='word_1_140' title='bbox 555 1729 585 1784; x_wconf 90' lang='lat' dir='ltr'><strong>in</strong></span> <span class='ocrx_word' id='word_1_141' title='bbox 608 1727 689 1784; x_wconf 88' lang='lat' dir='ltr'><strong>omni</strong></span> <span class='ocrx_word' id='word_1_142' title='bbox 715 1728 871 1783; x_wconf 87' lang='lat' dir='ltr'><strong>sanctitate</strong></span> <span class='ocrx_word' id='word_1_143' title='bbox 890 1736 921 1784; x_wconf 93' lang='lat' dir='ltr'><strong>et</strong></span> <span class='ocrx_word' id='word_1_144' title='bbox 944 1727 1126 1784; x_wconf 87' lang='lat' dir='ltr'><strong>abstinentia</strong></span> <span class='ocrx_word' id='word_1_145' title='bbox 1145 1727 1254 1800; x_wconf 91' lang='lat' dir='ltr'><strong>iugiter</strong></span> <span class='ocrx_word' id='word_1_146' title='bbox 1269 1743 1297 1792; x_wconf 84' lang='lat'><strong>15</strong></span> 
     </span>
     <span class='ocr_line' id='line_1_18' title="bbox 99 1814 1253 1887; baseline 0 -17"><span class='ocrx_word' id='word_1_147' title='bbox 99 1814 190 1886; x_wconf 88' lang='lat' dir='ltr'><strong>sequi</strong></span> <span class='ocrx_word' id='word_1_148' title='bbox 209 1815 371 1886; x_wconf 89' lang='lat' dir='ltr'><strong>satagebat.</strong></span> <span class='ocrx_word' id='word_1_149' title='bbox 416 1815 454 1871; x_wconf 86' lang='lat' dir='ltr'><strong>Et</strong></span> <span class='ocrx_word' id='word_1_150' title='bbox 477 1832 545 1872; x_wconf 92' lang='lat' dir='ltr'><strong>cum</strong></span> <span class='ocrx_word' id='word_1_151' title='bbox 568 1824 689 1871; x_wconf 90' lang='lat' dir='ltr'><strong>sanctus</strong></span> <span class='ocrx_word' id='word_1_152' title='bbox 709 1814 941 1886; x_wconf 81' lang='lat' dir='ltr'><strong>Kentegernus³</strong></span> <span class='ocrx_word' id='word_1_153' title='bbox 962 1831 1046 1870; x_wconf 90' lang='lat' dir='ltr'><strong>more</strong></span> <span class='ocrx_word' id='word_1_154' title='bbox 1067 1815 1154 1870; x_wconf 92' lang='lat' dir='ltr'><strong>solito</strong></span> <span class='ocrx_word' id='word_1_155' title='bbox 1174 1815 1253 1887; x_wconf 90' lang='lat' dir='ltr'><strong>psal·</strong></span> 
     </span>
     <span class='ocr_line' id='line_1_19' title="bbox 100 1900 1253 1976; baseline 0 -18"><span class='ocrx_word' id='word_1_156' title='bbox 100 1900 214 1958; x_wconf 89' lang='lat' dir='ltr'><strong>terium</strong></span> <span class='ocrx_word' id='word_1_157' title='bbox 234 1904 333 1958; x_wconf 92' lang='lat' dir='ltr'><strong>nudus</strong></span> <span class='ocrx_word' id='word_1_158' title='bbox 351 1903 550 1976; x_wconf 89' lang='lat' dir='ltr'><strong>persoluisset</strong></span> <span class='ocrx_word' id='word_1_159' title='bbox 568 1904 598 1958; x_wconf 92' lang='lat' dir='ltr'><strong>in</strong></span> <span class='ocrx_word' id='word_1_160' title='bbox 616 1904 711 1975; x_wconf 87' lang='lat' dir='ltr'><strong>aquis,</strong></span> <span class='ocrx_word' id='word_1_161' title='bbox 724 1901 816 1958; x_wconf 88' lang='lat' dir='ltr'><strong>nimio</strong></span> <span class='ocrx_word' id='word_1_162' title='bbox 835 1901 954 1974; x_wconf 81' lang='lat' dir='ltr'><strong>frigoris</strong></span> <span class='ocrx_word' id='word_1_163' title='bbox 972 1901 1071 1974; x_wconf 88' lang='lat' dir='ltr'><strong>rigore</strong></span> <span class='ocrx_word' id='word_1_164' title='bbox 1088 1912 1253 1974; x_wconf 91' lang='lat' dir='ltr'><strong>correptus,</strong></span> 
     </span>
     <span class='ocr_line' id='line_1_20' title="bbox 99 1988 1253 2063; baseline 0 -19"><span class='ocrx_word' id='word_1_165' title='bbox 99 1989 191 2045; x_wconf 89' lang='lat' dir='ltr'><strong>iussit</strong></span> <span class='ocrx_word' id='word_1_166' title='bbox 215 2007 311 2060; x_wconf 91' lang='lat' dir='ltr'><strong>puero</strong></span> <span class='ocrx_word' id='word_1_167' title='bbox 332 1991 438 2063; x_wconf 82' lang='lat' dir='ltr'><strong>Asaph</strong></span> <span class='ocrx_word' id='word_1_168' title='bbox 460 1991 562 2063; x_wconf 88' lang='lat' dir='ltr'><strong>ignem</strong></span> <span class='ocrx_word' id='word_1_169' title='bbox 584 2009 644 2063; x_wconf 90' lang='lat' dir='ltr'><strong>quo</strong></span> <span class='ocrx_word' id='word_1_170' title='bbox 668 1990 798 2046; x_wconf 87' lang='lat' dir='ltr'><strong>calefieri</strong></span> <span class='ocrx_word' id='word_1_171' title='bbox 823 1999 926 2062; x_wconf 91' lang='lat' dir='ltr'><strong>posset</strong></span> <span class='ocrx_word' id='word_1_172' title='bbox 951 1990 1007 2045; x_wconf 92' lang='lat' dir='ltr'><strong>sibi</strong></span> <span class='ocrx_word' id='word_1_173' title='bbox 1032 1988 1149 2046; x_wconf 84' lang='lat' dir='ltr'><strong>afferre.</strong></span> <span class='ocrx_word' id='word_1_174' title='bbox 1194 1988 1253 2059; x_wconf 90' lang='lat' dir='ltr'><strong>Qui</strong></span> 
     </span>
     <span class='ocr_line' id='line_1_21' title="bbox 98 2077 1253 2150; baseline 0.001 -17"><span class='ocrx_word' id='word_1_175' title='bbox 98 2077 250 2134; x_wconf 82' lang='lat' dir='ltr'><strong>festinans</strong></span> <span class='ocrx_word' id='word_1_176' title='bbox 269 2078 307 2133; x_wconf 90' lang='lat' dir='ltr'><strong>ad</strong></span> <span class='ocrx_word' id='word_1_177' title='bbox 323 2078 480 2146; x_wconf 87' lang='lat' dir='ltr'><strong>clibanum,</strong></span> <span class='ocrx_word' id='word_1_178' title='bbox 494 2087 524 2134; x_wconf 92' lang='lat' dir='ltr'><strong>et</strong></span> <span class='ocrx_word' id='word_1_179' title='bbox 543 2097 603 2134; x_wconf 91' lang='lat' dir='ltr'><strong>non</strong></span> <span class='ocrx_word' id='word_1_180' title='bbox 622 2079 737 2134; x_wconf 91' lang='lat' dir='ltr'><strong>habens</strong></span> <span class='ocrx_word' id='word_1_181' title='bbox 756 2077 786 2133; x_wconf 91' lang='lat' dir='ltr'><strong>in</strong></span> <span class='ocrx_word' id='word_1_182' title='bbox 806 2095 865 2150; x_wconf 91' lang='lat' dir='ltr'><strong>quo</strong></span> <span class='ocrx_word' id='word_1_183' title='bbox 883 2095 996 2150; x_wconf 88' lang='lat' dir='ltr'><strong>prunas</strong></span> <span class='ocrx_word' id='word_1_184' title='bbox 1014 2077 1154 2146; x_wconf 83' lang='lat' dir='ltr'><strong>deferret,</strong></span> <span class='ocrx_word' id='word_1_185' title='bbox 1167 2077 1253 2134; x_wconf 91' lang='lat' dir='ltr'><strong>viuos</strong></span> 
     </span>
     <span class='ocr_line' id='line_1_22' title="bbox 100 2163 1299 2238; baseline -0.001 -16"><span class='ocrx_word' id='word_1_186' title='bbox 100 2165 252 2222; x_wconf 81' lang='lat' dir='ltr'><strong>carbones</strong></span> <span class='ocrx_word' id='word_1_187' title='bbox 276 2163 307 2220; x_wconf 91' lang='lat' dir='ltr'><strong>in</strong></span> <span class='ocrx_word' id='word_1_188' title='bbox 332 2167 448 2238; x_wconf 90' lang='lat' dir='ltr'><strong>gremio</strong></span> <span class='ocrx_word' id='word_1_189' title='bbox 473 2167 626 2238; x_wconf 90' lang='lat' dir='ltr'><strong>suscepit:</strong></span> <span class='ocrx_word' id='word_1_190' title='bbox 652 2166 793 2238; x_wconf 91' lang='lat' dir='ltr'><strong>nulloque</strong></span> <span class='ocrx_word' id='word_1_191' title='bbox 817 2164 983 2222; x_wconf 90' lang='lat' dir='ltr'><strong>adustionis</strong></span> <span class='ocrx_word' id='word_1_192' title='bbox 1007 2165 1093 2237; x_wconf 88' lang='lat' dir='ltr'><strong>signo</strong></span> <span class='ocrx_word' id='word_1_193' title='bbox 1116 2165 1148 2220; x_wconf 92' lang='lat' dir='ltr'><strong>in</strong></span> <span class='ocrx_word' id='word_1_194' title='bbox 1166 2175 1252 2222; x_wconf 87' lang='lat' dir='ltr'><strong>veste</strong></span> <span class='ocrx_word' id='word_1_195' title='bbox 1268 2185 1299 2221; x_wconf 86' lang='lat'><strong>20</strong></span> 
     </span>
     <span class='ocr_line' id='line_1_23' title="bbox 99 2251 1253 2327; baseline -0.002 -17"><span class='ocrx_word' id='word_1_196' title='bbox 99 2261 277 2325; x_wconf 85' lang='lat' dir='ltr'><strong>apparente,</strong></span> <span class='ocrx_word' id='word_1_197' title='bbox 290 2270 391 2310; x_wconf 89' lang='lat' dir='ltr'><strong>coram</strong></span> <span class='ocrx_word' id='word_1_198' title='bbox 410 2262 513 2310; x_wconf 89' lang='lat' dir='ltr'><strong>sancto</strong></span> <span class='ocrx_word' id='word_1_199' title='bbox 531 2253 663 2327; x_wconf 91' lang='lat' dir='ltr'><strong>proiecit.</strong></span> <span class='ocrx_word' id='word_1_200' title='bbox 701 2253 799 2322; x_wconf 82' lang='lat' dir='ltr'><strong>Quem</strong></span> <span class='ocrx_word' id='word_1_201' title='bbox 812 2253 858 2309; x_wconf 90' lang='lat' dir='ltr'><strong>vir</strong></span> <span class='ocrx_word' id='word_1_202' title='bbox 870 2253 918 2309; x_wconf 89' lang='lat' dir='ltr'><strong>dci</strong></span> <span class='ocrx_word' id='word_1_203' title='bbox 935 2251 966 2308; x_wconf 93' lang='lat' dir='ltr'><strong>in</strong></span> <span class='ocrx_word' id='word_1_204' title='bbox 983 2261 1137 2325; x_wconf 87' lang='lat' dir='ltr'><strong>posterum</strong></span> <span class='ocrx_word' id='word_1_205' title='bbox 1151 2269 1253 2308; x_wconf 87' lang='lat' dir='ltr'><strong>carum</strong></span> 
     </span>
     <span class='ocr_line' id='line_1_24' title="bbox 99 2339 1253 2413; baseline 0 -17"><span class='ocrx_word' id='word_1_206' title='bbox 99 2340 229 2410; x_wconf 86' lang='lat' dir='ltr'><strong>habens,</strong></span> <span class='ocrx_word' id='word_1_207' title='bbox 242 2357 344 2396; x_wconf 87' lang='lat' dir='ltr'><strong>curam</strong></span> <span class='ocrx_word' id='word_1_208' title='bbox 358 2341 532 2398; x_wconf 88' lang='lat' dir='ltr'><strong>monasterii</strong></span> <span class='ocrx_word' id='word_1_209' title='bbox 548 2341 590 2397; x_wconf 92' lang='lat' dir='ltr'><strong>illi</strong></span> <span class='ocrx_word' id='word_1_210' title='bbox 602 2341 760 2413; x_wconf 88' lang='lat' dir='ltr'><strong>delegauit,</strong></span> <span class='ocrx_word' id='word_1_211' title='bbox 774 2349 803 2396; x_wconf 92' lang='lat' dir='ltr'><strong>et</strong></span> <span class='ocrx_word' id='word_1_212' title='bbox 815 2339 846 2396; x_wconf 91' lang='lat' dir='ltr'><strong>in</strong></span> <span class='ocrx_word' id='word_1_213' title='bbox 859 2340 1033 2413; x_wconf 89' lang='lat' dir='ltr'><strong>episcopatu</strong></span> <span class='ocrx_word' id='word_1_214' title='bbox 1046 2357 1253 2396; x_wconf 90' lang='lat' dir='ltr'><strong>successorem</strong></span> 
     </span>
     <span class='ocr_line' id='line_1_25' title="bbox 99 2415 1254 2501; baseline 0 -17"><span class='ocrx_word' id='word_1_215' title='bbox 99 2444 192 2484; x_wconf 90' lang='lat' dir='ltr'><strong>suum</strong></span> <span class='ocrx_word' id='word_1_216' title='bbox 211 2427 345 2484; x_wconf 80' lang='lat' dir='ltr'><strong>instituit</strong></span> <span class='ocrx_word' id='word_1_217' title='bbox 419 2415 522 2487; x_wconf 85' lang='lat' dir='ltr'><strong>Seruo</strong></span> <span class='ocrx_word' id='word_1_218' title='bbox 540 2429 588 2485; x_wconf 88' lang='lat' dir='ltr'><strong>dei</strong></span> <span class='ocrx_word' id='word_1_219' title='bbox 607 2429 737 2501; x_wconf 91' lang='lat' dir='ltr'><strong>quodam</strong></span> <span class='ocrx_word' id='word_1_220' title='bbox 755 2428 804 2484; x_wconf 88' lang='lat' dir='ltr'><strong>dic</strong></span> <span class='ocrx_word' id='word_1_221' title='bbox 822 2428 969 2500; x_wconf 83' lang='lat' dir='ltr'><strong>prolixius</strong></span> <span class='ocrx_word' id='word_1_222' title='bbox 987 2427 1112 2484; x_wconf 90' lang='lat' dir='ltr'><strong>orationi</strong></span> <span class='ocrx_word' id='word_1_223' title='bbox 1130 2427 1254 2498; x_wconf 91' lang='lat' dir='ltr'><strong>intento,</strong></span> 
     </span>
     <span class='ocr_line' id='line_1_26' title="bbox 100 2514 1254 2589; baseline 0 -17"><span class='ocrx_word' id='word_1_224' title='bbox 100 2515 197 2572; x_wconf 83' lang='lat' dir='ltr'><strong>facies</strong></span> <span class='ocrx_word' id='word_1_225' title='bbox 218 2515 283 2572; x_wconf 89' lang='lat' dir='ltr'><strong>eius</strong></span> <span class='ocrx_word' id='word_1_226' title='bbox 307 2515 392 2588; x_wconf 90' lang='lat' dir='ltr'><strong>quasi</strong></span> <span class='ocrx_word' id='word_1_227' title='bbox 417 2515 505 2588; x_wconf 90' lang='lat' dir='ltr'><strong>ignea</strong></span> <span class='ocrx_word' id='word_1_228' title='bbox 526 2533 685 2589; x_wconf 86' lang='lat' dir='ltr'><strong>apparens,</strong></span> <span class='ocrx_word' id='word_1_229' title='bbox 708 2524 832 2587; x_wconf 90' lang='lat' dir='ltr'><strong>stupore</strong></span> <span class='ocrx_word' id='word_1_230' title='bbox 854 2526 884 2572; x_wconf 88' lang='lat' dir='ltr'><strong>et</strong></span> <span class='ocrx_word' id='word_1_231' title='bbox 909 2514 1003 2572; x_wconf 84' lang='lat' dir='ltr'><strong>extasi</strong></span> <span class='ocrx_word' id='word_1_232' title='bbox 1026 2515 1254 2572; x_wconf 87' lang='lat' dir='ltr'><strong>circumstantes</strong></span> 
     </span>
     <span class='ocr_line' id='line_1_27' title="bbox 100 2601 1297 2675; baseline 0.001 -15"><span class='ocrx_word' id='word_1_233' title='bbox 100 2601 251 2675; x_wconf 91' lang='lat' dir='ltr'><strong>repleuit:</strong></span> <span class='ocrx_word' id='word_1_234' title='bbox 283 2602 479 2660; x_wconf 86' lang='lat' dir='ltr'><strong>Intuebantur</strong></span> <span class='ocrx_word' id='word_1_235' title='bbox 504 2604 585 2660; x_wconf 83' lang='lat' dir='ltr'><strong>eninr</strong></span> <span class='ocrx_word' id='word_1_236' title='bbox 613 2603 719 2660; x_wconf 81' lang='lat' dir='ltr'><strong>faciem</strong></span> <span class='ocrx_word' id='word_1_237' title='bbox 748 2602 813 2659; x_wconf 92' lang='lat' dir='ltr'><strong>eius</strong></span> <span class='ocrx_word' id='word_1_238' title='bbox 843 2612 985 2675; x_wconf 89' lang='lat' dir='ltr'><strong>tanquam</strong></span> <span class='ocrx_word' id='word_1_239' title='bbox 1010 2603 1124 2660; x_wconf 90' lang='lat' dir='ltr'><strong>vultum</strong></span> <span class='ocrx_word' id='word_1_240' title='bbox 1155 2603 1253 2675; x_wconf 91' lang='lat' dir='ltr'><strong>angeli</strong></span> <span class='ocrx_word' id='word_1_241' title='bbox 1268 2626 1297 2675; x_wconf 85' lang='lat'><strong>25</strong></span> 
     </span>
     <span class='ocr_line' id='line_1_28' title="bbox 100 2689 1253 2764; baseline 0.001 -19"><span class='ocrx_word' id='word_1_242' title='bbox 100 2689 212 2746; x_wconf 87' lang='lat' dir='ltr'><strong>stantis</strong></span> <span class='ocrx_word' id='word_1_243' title='bbox 230 2691 308 2746; x_wconf 91' lang='lat' dir='ltr'><strong>inter</strong></span> <span class='ocrx_word' id='word_1_244' title='bbox 326 2691 400 2748; x_wconf 94' lang='lat' dir='ltr'><strong>illos.</strong></span> <span class='ocrx_word' id='word_1_245' title='bbox 437 2691 593 2764; x_wconf 89' lang='lat' dir='ltr'><strong>Completa</strong></span> <span class='ocrx_word' id='word_1_246' title='bbox 605 2692 738 2747; x_wconf 90' lang='lat' dir='ltr'><strong>oratione</strong></span> <span class='ocrx_word' id='word_1_247' title='bbox 753 2690 942 2762; x_wconf 91' lang='lat' dir='ltr'><strong>grauissimis</strong></span> <span class='ocrx_word' id='word_1_248' title='bbox 958 2690 1096 2747; x_wconf 89' lang='lat' dir='ltr'><strong>lamentis</strong></span> <span class='ocrx_word' id='word_1_249' title='bbox 1113 2707 1147 2746; x_wconf 90' lang='lat' dir='ltr'><strong>se</strong></span> <span class='ocrx_word' id='word_1_250' title='bbox 1163 2691 1253 2747; x_wconf 88' lang='lat' dir='ltr'><strong>dedit.</strong></span> 
     </span>
     <span class='ocr_line' id='line_1_29' title="bbox 102 2776 1253 2851; baseline 0.001 -18"><span class='ocrx_word' id='word_1_251' title='bbox 102 2776 141 2833; x_wconf 88' lang='lat' dir='ltr'><strong>Et</strong></span> <span class='ocrx_word' id='word_1_252' title='bbox 159 2795 228 2834; x_wconf 90' lang='lat' dir='ltr'><strong>cum</strong></span> <span class='ocrx_word' id='word_1_253' title='bbox 241 2777 379 2850; x_wconf 89' lang='lat' dir='ltr'><strong>discipuli</strong></span> <span class='ocrx_word' id='word_1_254' title='bbox 396 2795 517 2834; x_wconf 88' lang='lat' dir='ltr'><strong>causam</strong></span> <span class='ocrx_word' id='word_1_255' title='bbox 529 2778 652 2836; x_wconf 88' lang='lat' dir='ltr'><strong>tristicie</strong></span> <span class='ocrx_word' id='word_1_256' title='bbox 667 2778 819 2835; x_wconf 90' lang='lat' dir='ltr'><strong>humiliter</strong></span> <span class='ocrx_word' id='word_1_257' title='bbox 833 2779 871 2834; x_wconf 91' lang='lat' dir='ltr'><strong>ab</strong></span> <span class='ocrx_word' id='word_1_258' title='bbox 888 2795 924 2834; x_wconf 89' lang='lat' dir='ltr'><strong>co</strong></span> <span class='ocrx_word' id='word_1_259' title='bbox 941 2787 1086 2850; x_wconf 91' lang='lat' dir='ltr'><strong>peterent,</strong></span> <span class='ocrx_word' id='word_1_260' title='bbox 1100 2778 1253 2851; x_wconf 86' lang='lat' dir='ltr'><strong>paulisper</strong></span> 
     </span>
     <span class='ocr_line' id='line_1_30' title="bbox 101 2863 1252 2936; baseline 0.001 -16"><span class='ocrx_word' id='word_1_261' title='bbox 101 2863 133 2920; x_wconf 89' lang='lat' dir='ltr'><strong>in</strong></span> <span class='ocrx_word' id='word_1_262' title='bbox 154 2865 271 2921; x_wconf 89' lang='lat' dir='ltr'><strong>silentio</strong></span> <span class='ocrx_word' id='word_1_263' title='bbox 289 2866 436 2934; x_wconf 87' lang='lat' dir='ltr'><strong>residens,</strong></span> <span class='ocrx_word' id='word_1_264' title='bbox 453 2867 575 2922; x_wconf 87' lang='lat' dir='ltr'><strong>tandem</strong></span> <span class='ocrx_word' id='word_1_265' title='bbox 594 2867 651 2923; x_wconf 89' lang='lat' dir='ltr'><strong>ait:</strong></span> <span class='ocrx_word' id='word_1_266' title='bbox 672 2865 850 2935; x_wconf 90' lang='lat' dir='ltr'><strong>‘Noueritis,</strong></span> <span class='ocrx_word' id='word_1_267' title='bbox 868 2865 920 2922; x_wconf 87' lang='lat' dir='ltr'><strong>filii</strong></span> <span class='ocrx_word' id='word_1_268' title='bbox 939 2866 1098 2936; x_wconf 85' lang='lat' dir='ltr'><strong>karissimi,</strong></span> <span class='ocrx_word' id='word_1_269' title='bbox 1116 2874 1252 2922; x_wconf 89' lang='lat' dir='ltr'><strong>sanctum</strong></span> 
     </span>
     <span class='ocr_line' id='line_1_31' title="bbox 104 2951 1253 3027; baseline 0.001 -18"><span class='ocrx_word' id='word_1_270' title='bbox 104 2951 204 3009; x_wconf 90' lang='lat' dir='ltr'><strong>Dauid</strong></span> <span class='ocrx_word' id='word_1_271' title='bbox 222 2954 314 3010; x_wconf 90' lang='lat' dir='ltr'><strong>decus</strong></span> <span class='ocrx_word' id='word_1_272' title='bbox 328 2953 491 3024; x_wconf 81' lang='lat' dir='ltr'><strong>Britannis,</strong></span> <span class='ocrx_word' id='word_1_273' title='bbox 503 2962 622 3027; x_wconf 87' lang='lat' dir='ltr'><strong>patrem</strong></span> <span class='ocrx_word' id='word_1_274' title='bbox 638 2953 743 3027; x_wconf 86' lang='lat' dir='ltr'><strong>patric,</strong></span> <span class='ocrx_word' id='word_1_275' title='bbox 755 2955 854 3010; x_wconf 89' lang='lat' dir='ltr'><strong>carnis</strong></span> <span class='ocrx_word' id='word_1_276' title='bbox 873 2970 1024 3010; x_wconf 87' lang='lat' dir='ltr'><strong>carcerem</strong></span> <span class='ocrx_word' id='word_1_277' title='bbox 1043 2953 1132 3009; x_wconf 90' lang='lat' dir='ltr'><strong>modo</strong></span> <span class='ocrx_word' id='word_1_278' title='bbox 1151 2971 1253 3024; x_wconf 84' lang='lat' dir='ltr'><strong>egres-</strong></span> 
     </span>
     <span class='ocr_line' id='line_1_32' title="bbox 102 3040 1298 3114; baseline 0.001 -18"><span class='ocrx_word' id='word_1_279' title='bbox 102 3057 173 3096; x_wconf 90' lang='lat' dir='ltr'><strong>sum</strong></span> <span class='ocrx_word' id='word_1_280' title='bbox 186 3057 280 3112; x_wconf 88' lang='lat' dir='ltr'><strong>regna</strong></span> <span class='ocrx_word' id='word_1_281' title='bbox 292 3041 415 3098; x_wconf 87' lang='lat' dir='ltr'><strong>celestia</strong></span> <span class='ocrx_word' id='word_1_282' title='bbox 426 3051 613 3114; x_wconf 87' lang='lat' dir='ltr'><strong>penetrasse.</strong></span> <span class='ocrx_word' id='word_1_283' title='bbox 649 3041 771 3098; x_wconf 88' lang='lat' dir='ltr'><strong>Credite</strong></span> <span class='ocrx_word' id='word_1_284' title='bbox 783 3042 883 3112; x_wconf 88' lang='lat' dir='ltr'><strong>michi,</strong></span> <span class='ocrx_word' id='word_1_285' title='bbox 896 3041 1038 3114; x_wconf 91' lang='lat' dir='ltr'><strong>quianon</strong></span> <span class='ocrx_word' id='word_1_286' title='bbox 1051 3040 1148 3096; x_wconf 91' lang='lat' dir='ltr'><strong>solum</strong></span> <span class='ocrx_word' id='word_1_287' title='bbox 1160 3057 1252 3112; x_wconf 88' lang='lat' dir='ltr'><strong>ange·</strong></span> <span class='ocrx_word' id='word_1_288' title='bbox 1267 3062 1298 3110; x_wconf 80' lang='lat'><strong>³0</strong></span> 
     </span>
     <span class='ocr_line' id='line_1_33' title="bbox 102 3127 1254 3201; baseline 0 -17"><span class='ocrx_word' id='word_1_289' title='bbox 102 3129 202 3184; x_wconf 91' lang='lat' dir='ltr'><strong>lorum</strong></span> <span class='ocrx_word' id='word_1_290' title='bbox 227 3129 386 3186; x_wconf 90' lang='lat' dir='ltr'><strong>multitudo</strong></span> <span class='ocrx_word' id='word_1_291' title='bbox 405 3129 436 3186; x_wconf 87' lang='lat' dir='ltr'><strong>in</strong></span> <span class='ocrx_word' id='word_1_292' title='bbox 460 3129 601 3201; x_wconf 87' lang='lat' dir='ltr'><strong>gaudium</strong></span> <span class='ocrx_word' id='word_1_293' title='bbox 621 3129 733 3186; x_wconf 91' lang='lat' dir='ltr'><strong>domini</strong></span> <span class='ocrx_word' id='word_1_294' title='bbox 755 3131 801 3186; x_wconf 91' lang='lat' dir='ltr'><strong>sui</strong></span> <span class='ocrx_word' id='word_1_295' title='bbox 820 3129 905 3186; x_wconf 93' lang='lat' dir='ltr'><strong>illum</strong></span> <span class='ocrx_word' id='word_1_296' title='bbox 929 3127 1119 3198; x_wconf 68' lang='lat' dir='ltr'><strong>introduxit4,</strong></span> <span class='ocrx_word' id='word_1_297' title='bbox 1143 3130 1197 3184; x_wconf 91' lang='lat' dir='ltr'><strong>sed</strong></span> <span class='ocrx_word' id='word_1_298' title='bbox 1223 3137 1254 3184; x_wconf 91' lang='lat' dir='ltr'><strong>et</strong></span> 
     </span>
     <span class='ocr_line' id='line_1_34' title="bbox 100 3216 1253 3290; baseline 0 -18"><span class='ocrx_word' id='word_1_299' title='bbox 100 3217 244 3273; x_wconf 87' lang='lat' dir='ltr'><strong>dominus</strong></span> <span class='ocrx_word' id='word_1_300' title='bbox 257 3227 360 3274; x_wconf 89' lang='lat' dir='ltr'><strong>noster</strong></span> <span class='ocrx_word' id='word_1_301' title='bbox 373 3216 481 3274; x_wconf 88' lang='lat' dir='ltr'><strong>Ihesus</strong></span> <span class='ocrx_word' id='word_1_302' title='bbox 494 3217 631 3274; x_wconf 89' lang='lat' dir='ltr'><strong>Christus</strong></span> <span class='ocrx_word' id='word_1_303' title='bbox 643 3217 671 3274; x_wconf 88' lang='lat' dir='ltr'><strong>ei</strong></span> <span class='ocrx_word' id='word_1_304' title='bbox 684 3217 803 3273; x_wconf 89' lang='lat' dir='ltr'><strong>obuiam</strong></span> <span class='ocrx_word' id='word_1_305' title='bbox 816 3219 984 3290; x_wconf 90' lang='lat' dir='ltr'><strong>procedens</strong></span> <span class='ocrx_word' id='word_1_306' title='bbox 997 3217 1035 3272; x_wconf 87' lang='lat' dir='ltr'><strong>ad</strong></span> <span class='ocrx_word' id='word_1_307' title='bbox 1047 3224 1150 3289; x_wconf 86' lang='lat' dir='ltr'><strong>portas</strong></span> <span class='ocrx_word' id='word_1_308' title='bbox 1166 3233 1253 3289; x_wconf 90' lang='lat' dir='ltr'><strong>para-</strong></span> 
     </span>
     <span class='ocr_line' id='line_1_35' title="bbox 101 3303 1252 3378; baseline -0.002 -16"><span class='ocrx_word' id='word_1_309' title='bbox 101 3305 169 3370; x_wconf 79' lang='lat' dir='ltr'><strong>disi,</strong></span> <span class='ocrx_word' id='word_1_310' title='bbox 181 3306 277 3378; x_wconf 84' lang='lat' dir='ltr'><strong>gloria</strong></span> <span class='ocrx_word' id='word_1_311' title='bbox 288 3315 319 3362; x_wconf 90' lang='lat' dir='ltr'><strong>et</strong></span> <span class='ocrx_word' id='word_1_312' title='bbox 331 3306 445 3363; x_wconf 89' lang='lat' dir='ltr'><strong>honore</strong></span> <span class='ocrx_word' id='word_1_313' title='bbox 458 3307 609 3362; x_wconf 90' lang='lat' dir='ltr'><strong>coronauit</strong></span> <span class='ocrx_word' id='word_1_314' title='bbox 626 3323 705 3375; x_wconf 92' lang='lat' dir='ltr'><strong>eum,</strong></span> <span class='ocrx_word' id='word_1_315' title='bbox 718 3322 767 3362; x_wconf 92' lang='lat' dir='ltr'><strong>me</strong></span> <span class='ocrx_word' id='word_1_316' title='bbox 779 3305 908 3362; x_wconf 91' lang='lat' dir='ltr'><strong>vidente.</strong></span> <span class='ocrx_word' id='word_1_317' title='bbox 946 3304 1057 3362; x_wconf 87' lang='lat' dir='ltr'><strong>Scitote</strong></span> <span class='ocrx_word' id='word_1_318' title='bbox 1070 3303 1159 3360; x_wconf 86' lang='lat' dir='ltr'><strong>etiarn</strong></span> <span class='ocrx_word' id='word_1_319' title='bbox 1172 3306 1252 3377; x_wconf 93' lang='lat' dir='ltr'><strong>quod</strong></span> 
     </span>
     <span class='ocr_line' id='line_1_36' title="bbox 102 3391 1253 3465; baseline -0.001 -17"><span class='ocrx_word' id='word_1_320' title='bbox 102 3392 259 3449; x_wconf 88' lang='lat' dir='ltr'><strong>Britannia</strong></span> <span class='ocrx_word' id='word_1_321' title='bbox 279 3402 362 3450; x_wconf 89' lang='lat' dir='ltr'><strong>tanto</strong></span> <span class='ocrx_word' id='word_1_322' title='bbox 384 3393 497 3451; x_wconf 89' lang='lat' dir='ltr'><strong>lumine</strong></span> <span class='ocrx_word' id='word_1_323' title='bbox 517 3395 620 3450; x_wconf 90' lang='lat' dir='ltr'><strong>orbata</strong></span> <span class='ocrx_word' id='word_1_324' title='bbox 640 3394 714 3450; x_wconf 87' lang='lat' dir='ltr'><strong>tanti</strong></span> <span class='ocrx_word' id='word_1_325' title='bbox 735 3393 853 3464; x_wconf 90' lang='lat' dir='ltr'><strong>patroni</strong></span> <span class='ocrx_word' id='word_1_326' title='bbox 875 3391 987 3465; x_wconf 91' lang='lat' dir='ltr'><strong>lugebit</strong></span> <span class='ocrx_word' id='word_1_327' title='bbox 1008 3393 1182 3460; x_wconf 87' lang='lat' dir='ltr'><strong>absentiam,</strong></span> <span class='ocrx_word' id='word_1_328' title='bbox 1202 3391 1253 3464; x_wconf 94' lang='lat' dir='ltr'><strong>qui</strong></span> 
     </span>
     <span class='ocr_line' id='line_1_37' title="bbox 99 3479 1297 3554; baseline 0.001 -18"><span class='ocrx_word' id='word_1_329' title='bbox 99 3480 201 3554; x_wconf 90' lang='lat' dir='ltr'><strong>gladio</strong></span> <span class='ocrx_word' id='word_1_330' title='bbox 219 3480 334 3537; x_wconf 90' lang='lat' dir='ltr'><strong>domini</strong></span> <span class='ocrx_word' id='word_1_331' title='bbox 352 3490 477 3554; x_wconf 88' lang='lat' dir='ltr'><strong>propter</strong></span> <span class='ocrx_word' id='word_1_332' title='bbox 495 3481 641 3537; x_wconf 88' lang='lat' dir='ltr'><strong>maliciam</strong></span> <span class='ocrx_word' id='word_1_333' title='bbox 660 3480 888 3536; x_wconf 90' lang='lat' dir='ltr'><strong>inhabitantium</strong></span> <span class='ocrx_word' id='word_1_334' title='bbox 907 3479 1140 3552; x_wconf 88' lang='lat' dir='ltr'><strong>semieuaginato</strong></span> <span class='ocrx_word' id='word_1_335' title='bbox 1159 3498 1254 3552; x_wconf 89' lang='lat' dir='ltr'><strong>super</strong></span> <span class='ocrx_word' id='word_1_336' title='bbox 1266 3496 1297 3546; x_wconf 84' lang='lat'><strong>35</strong></span> 
     </span>
     <span class='ocr_line' id='line_1_38' title="bbox 100 3566 1252 3642; baseline -0.002 -16"><span class='ocrx_word' id='word_1_337' title='bbox 100 3569 193 3638; x_wconf 85' lang='lat' dir='ltr'><strong>illam,</strong></span> <span class='ocrx_word' id='word_1_338' title='bbox 203 3587 241 3626; x_wconf 91' lang='lat' dir='ltr'><strong>ne</strong></span> <span class='ocrx_word' id='word_1_339' title='bbox 254 3569 376 3641; x_wconf 86' lang='lat' dir='ltr'><strong>penitus</strong></span> <span class='ocrx_word' id='word_1_340' title='bbox 384 3587 479 3642; x_wconf 88' lang='lat' dir='ltr'><strong>vsque</strong></span> <span class='ocrx_word' id='word_1_341' title='bbox 492 3571 529 3625; x_wconf 89' lang='lat' dir='ltr'><strong>ad</strong></span> <span class='ocrx_word' id='word_1_342' title='bbox 542 3569 765 3626; x_wconf 90' lang='lat' dir='ltr'><strong>internitionem</strong></span> <span class='ocrx_word' id='word_1_343' title='bbox 775 3577 927 3626; x_wconf 80' lang='lat' dir='ltr'><strong>extractus</strong></span> <span class='ocrx_word' id='word_1_344' title='bbox 938 3577 1106 3641; x_wconf 85' lang='lat' dir='ltr'><strong>percuteret</strong></span> <span class='ocrx_word' id='word_1_345' title='bbox 1113 3566 1133 3638; x_wconf 81' lang='lat'><strong>³,</strong></span> <span class='ocrx_word' id='word_1_346' title='bbox 1141 3579 1252 3624; x_wconf 89' lang='lat' dir='ltr'><strong>semet-</strong></span> 
     </span>
     <span class='ocr_line' id='line_1_39' title="bbox 100 3655 1252 3729; baseline -0.001 -16"><span class='ocrx_word' id='word_1_347' title='bbox 100 3658 203 3729; x_wconf 88' lang='lat' dir='ltr'><strong>ipsum</strong></span> <span class='ocrx_word' id='word_1_348' title='bbox 221 3657 400 3729; x_wconf 80' lang='lat' dir='ltr'><strong>opponebat</strong></span> <span class='ocrx_word' id='word_1_349' title='bbox 437 3657 574 3714; x_wconf 90' lang='lat' dir='ltr'><strong>Tradens</strong></span> <span class='ocrx_word' id='word_1_350' title='bbox 592 3657 688 3712; x_wconf 89' lang='lat' dir='ltr'><strong>tradet</strong></span> <span class='ocrx_word' id='word_1_351' title='bbox 708 3657 848 3712; x_wconf 90' lang='lat' dir='ltr'><strong>dominus</strong></span> <span class='ocrx_word' id='word_1_352' title='bbox 867 3655 1051 3712; x_wconf 88' lang='lat' dir='ltr'><strong>Britanniam</strong></span> <span class='ocrx_word' id='word_1_353' title='bbox 1070 3656 1182 3712; x_wconf 86' lang='lat' dir='ltr'><strong>exteris</strong></span> <span class='ocrx_word' id='word_1_354' title='bbox 1202 3674 1252 3712; x_wconf 89' lang='lat' dir='ltr'><strong>na·</strong></span> 
     </span>
     <span class='ocr_line' id='line_1_40' title="bbox 99 3743 1251 3818; baseline -0.002 -17"><span class='ocrx_word' id='word_1_355' title='bbox 99 3744 232 3801; x_wconf 87' lang='lat' dir='ltr'><strong>tionibus</strong></span> <span class='ocrx_word' id='word_1_356' title='bbox 241 3747 332 3800; x_wconf 91' lang='lat' dir='ltr'><strong>deum</strong></span> <span class='ocrx_word' id='word_1_357' title='bbox 342 3744 556 3817; x_wconf 89' lang='lat' dir='ltr'><strong>ignorantibus,</strong></span> <span class='ocrx_word' id='word_1_358' title='bbox 571 3743 694 3818; x_wconf 59' lang='grc' dir='ltr'><strong>(εεοϊει)ὃ</strong></span> <span class='ocrx_word' id='word_1_359' title='bbox 706 3745 840 3817; x_wconf 85' lang='lat' dir='ltr'><strong>paganis,</strong></span> <span class='ocrx_word' id='word_1_360' title='bbox 850 3744 902 3816; x_wconf 90' lang='lat' dir='ltr'><strong>(et)</strong></span> <span class='ocrx_word' id='word_1_361' title='bbox 916 3745 953 3799; x_wconf 88' lang='lat' dir='ltr'><strong>ab</strong></span> <span class='ocrx_word' id='word_1_362' title='bbox 966 3743 1113 3816; x_wconf 87' lang='lat' dir='ltr'><strong>indigenis</strong></span> <span class='ocrx_word' id='word_1_363' title='bbox 1127 3761 1251 3800; x_wconf 90' lang='lat' dir='ltr'><strong>euacua·</strong></span> 
     </span>
     <span class='ocr_line' id='line_1_41' title="bbox 100 3831 1251 3905; baseline -0.003 -15"><span class='ocrx_word' id='word_1_364' title='bbox 100 3833 182 3890; x_wconf 87' lang='lat' dir='ltr'><strong>bitur</strong></span> <span class='ocrx_word' id='word_1_365' title='bbox 194 3832 308 3902; x_wconf 86' lang='lat' dir='ltr'><strong>insula;</strong></span> <span class='ocrx_word' id='word_1_366' title='bbox 329 3831 491 3890; x_wconf 89' lang='lat' dir='ltr'><strong>christiane</strong></span> <span class='ocrx_word' id='word_1_367' title='bbox 499 3832 574 3905; x_wconf 86' lang='lat' dir='ltr'><strong>legis</strong></span> <span class='ocrx_word' id='word_1_368' title='bbox 584 3832 689 3905; x_wconf 89' lang='lat' dir='ltr'><strong>religio</strong></span> <span class='ocrx_word' id='word_1_369' title='bbox 701 3849 797 3905; x_wconf 85' lang='lat' dir='ltr'><strong>usque</strong></span> <span class='ocrx_word' id='word_1_370' title='bbox 807 3833 844 3888; x_wconf 90' lang='lat' dir='ltr'><strong>ad</strong></span> <span class='ocrx_word' id='word_1_371' title='bbox 854 3831 1026 3904; x_wconf 85' lang='lat' dir='ltr'><strong>prefinitum</strong></span> <span class='ocrx_word' id='word_1_372' title='bbox 1035 3841 1155 3904; x_wconf 91' lang='lat' dir='ltr'><strong>tempus</strong></span> <span class='ocrx_word' id='word_1_373' title='bbox 1163 3831 1251 3887; x_wconf 91' lang='lat' dir='ltr'><strong>dissi·</strong></span> 
     </span>
     <span class='ocr_line' id='line_1_42' title="bbox 100 3919 1298 3994; baseline -0.001 -18"><span class='ocrx_word' id='word_1_374' title='bbox 100 3920 221 3994; x_wconf 86' lang='lat' dir='ltr'><strong>pabitur</strong></span> <span class='ocrx_word' id='word_1_375' title='bbox 234 3920 264 3976; x_wconf 89' lang='lat' dir='ltr'><strong>in</strong></span> <span class='ocrx_word' id='word_1_376' title='bbox 277 3937 322 3989; x_wconf 90' lang='lat' dir='ltr'><strong>ea,</strong></span> <span class='ocrx_word' id='word_1_377' title='bbox 335 3921 390 3976; x_wconf 90' lang='lat' dir='ltr'><strong>sed</strong></span> <span class='ocrx_word' id='word_1_378' title='bbox 404 3921 434 3975; x_wconf 92' lang='lat' dir='ltr'><strong>in</strong></span> <span class='ocrx_word' id='word_1_379' title='bbox 452 3919 611 3993; x_wconf 90' lang='lat' dir='ltr'><strong>pristinum</strong></span> <span class='ocrx_word' id='word_1_380' title='bbox 625 3929 733 3976; x_wconf 90' lang='lat' dir='ltr'><strong>statum</strong></span> <span class='ocrx_word' id='word_1_381' title='bbox 746 3921 838 3976; x_wconf 91' lang='lat' dir='ltr'><strong>immo</strong></span> <span class='ocrx_word' id='word_1_382' title='bbox 851 3919 1007 3975; x_wconf 91' lang='lat' dir='ltr'><strong>meliorem</strong></span> <span class='ocrx_word' id='word_1_383' title='bbox 1020 3919 1182 3975; x_wconf 85' lang='lat' dir='ltr'><strong>miserante</strong></span> <span class='ocrx_word' id='word_1_384' title='bbox 1194 3920 1252 3975; x_wconf 88' lang='lat' dir='ltr'><strong>deo</strong></span> <span class='ocrx_word' id='word_1_385' title='bbox 1265 3932 1298 3982; x_wconf 75' lang='lat'><strong>40</strong></span> 
     </span>
     <span class='ocr_line' id='line_1_43' title="bbox 100 3995 1252 4080; baseline -0.002 -16"><span class='ocrx_word' id='word_1_386' title='bbox 100 4009 209 4065; x_wconf 90' lang='lat' dir='ltr'><strong>iterum</strong></span> <span class='ocrx_word' id='word_1_387' title='bbox 222 4007 426 4080; x_wconf 69' lang='lat' dir='ltr'><strong>reparabitur!</strong></span> <span class='ocrx_word' id='word_1_388' title='bbox 499 3995 558 4064; x_wconf 91' lang='lat' dir='ltr'><strong>Vir</strong></span> <span class='ocrx_word' id='word_1_389' title='bbox 574 4017 673 4064; x_wconf 89' lang='lat' dir='ltr'><strong>autem</strong></span> <span class='ocrx_word' id='word_1_390' title='bbox 684 4007 733 4064; x_wconf 92' lang='lat' dir='ltr'><strong>dci</strong></span> <span class='ocrx_word' id='word_1_391' title='bbox 750 4007 863 4080; x_wconf 92' lang='lat' dir='ltr'><strong>septies</strong></span> <span class='ocrx_word' id='word_1_392' title='bbox 877 4006 1006 4062; x_wconf 90' lang='lat' dir='ltr'><strong>Romam</strong></span> <span class='ocrx_word' id='word_1_393' title='bbox 1022 4005 1135 4075; x_wconf 90' lang='lat' dir='ltr'><strong>adiens,</strong></span> <span class='ocrx_word' id='word_1_394' title='bbox 1148 4015 1252 4062; x_wconf 88' lang='lat' dir='ltr'><strong>sancto</strong></span> 
     </span>
     <span class='ocr_line' id='line_1_44' title="bbox 102 4093 1252 4169; baseline -0.003 -15"><span class='ocrx_word' id='word_1_395' title='bbox 102 4095 249 4169; x_wconf 87' lang='lat' dir='ltr'><strong>Gregorio</strong></span> <span class='ocrx_word' id='word_1_396' title='bbox 269 4093 392 4167; x_wconf 88' lang='lat' dir='ltr'><strong>speciali</strong></span> <span class='ocrx_word' id='word_1_397' title='bbox 405 4095 575 4168; x_wconf 85' lang='lat' dir='ltr'><strong>Anglorum</strong></span> <span class='ocrx_word' id='word_1_398' title='bbox 588 4096 731 4168; x_wconf 90' lang='lat' dir='ltr'><strong>apostolo,</strong></span> <span class='ocrx_word' id='word_1_399' title='bbox 743 4103 836 4151; x_wconf 88' lang='lat' dir='ltr'><strong>totam</strong></span> <span class='ocrx_word' id='word_1_400' title='bbox 854 4095 946 4151; x_wconf 90' lang='lat' dir='ltr'><strong>vitam</strong></span> <span class='ocrx_word' id='word_1_401' title='bbox 959 4111 1053 4164; x_wconf 91' lang='lat' dir='ltr'><strong>suam,</strong></span> <span class='ocrx_word' id='word_1_402' title='bbox 1064 4093 1252 4164; x_wconf 88' lang='lat' dir='ltr'><strong>electionem,</strong></span> 
     </span>
     <span class='ocr_line' id='line_1_45' title="bbox 101 4181 1252 4255; baseline -0.004 -13"><span class='ocrx_word' id='word_1_403' title='bbox 101 4193 131 4242; x_wconf 87' lang='lat' dir='ltr'><strong>et</strong></span> <span class='ocrx_word' id='word_1_404' title='bbox 153 4181 419 4253; x_wconf 86' lang='lat' dir='ltr'><strong>consecrationem,</strong></span> <span class='ocrx_word' id='word_1_405' title='bbox 438 4191 469 4240; x_wconf 91' lang='lat' dir='ltr'><strong>et</strong></span> <span class='ocrx_word' id='word_1_406' title='bbox 486 4199 593 4240; x_wconf 88' lang='lat' dir='ltr'><strong>omnes</strong></span> <span class='ocrx_word' id='word_1_407' title='bbox 611 4199 700 4239; x_wconf 88' lang='lat' dir='ltr'><strong>casus</strong></span> <span class='ocrx_word' id='word_1_408' title='bbox 718 4185 769 4255; x_wconf 91' lang='lat' dir='ltr'><strong>qui</strong></span> <span class='ocrx_word' id='word_1_409' title='bbox 788 4183 815 4239; x_wconf 89' lang='lat' dir='ltr'><strong>ei</strong></span> <span class='ocrx_word' id='word_1_410' title='bbox 835 4182 1004 4239; x_wconf 85' lang='lat' dir='ltr'><strong>acciderant</strong></span> <span class='ocrx_word' id='word_1_411' title='bbox 1025 4181 1158 4238; x_wconf 89' lang='lat' dir='ltr'><strong>seriatim</strong></span> <span class='ocrx_word' id='word_1_412' title='bbox 1179 4199 1252 4237; x_wconf 91' lang='lat' dir='ltr'><strong>eno-</strong></span> 
     </span>
    </p>
   </div>
   <div class='ocr_carea' id='block_1_4' title="bbox 101 4293 1252 4436">
    <p class='ocr_par' dir='ltr' id='par_1_4' title="bbox 101 4293 1252 4436">
     <span class='ocr_line' id='line_1_46' title="bbox 159 4293 1252 4359; baseline -0.003 -10"><span class='ocrx_word' id='word_1_413' title='bbox 159 4297 301 4349; x_wconf 67' lang='lat' dir='ltr'><strong>¹Einsra</strong></span> <span class='ocrx_word' id='word_1_414' title='bbox 369 4295 424 4347; x_wconf 82' lang='lat' dir='ltr'><strong>¹E.</strong></span> <span class='ocrx_word' id='word_1_415' title='bbox 438 4305 471 4348; x_wconf 78' lang='lat' dir='ltr'><strong>et</strong></span> <span class='ocrx_word' id='word_1_416' title='bbox 545 4296 602 4348; x_wconf 79' lang='lat' dir='ltr'><strong>³E.</strong></span> <span class='ocrx_word' id='word_1_417' title='bbox 616 4297 801 4359; x_wconf 86' lang='lat' dir='ltr'><strong>Kentegrinus.</strong></span> <span class='ocrx_word' id='word_1_418' title='bbox 875 4295 933 4347; x_wconf 74' lang='lat' dir='ltr'><strong>*al</strong></span> <span class='ocrx_word' id='word_1_419' title='bbox 945 4296 1060 4348; x_wconf 81' lang='lat' dir='ltr'><strong>deduxit.</strong></span> <span class='ocrx_word' id='word_1_420' title='bbox 1127 4293 1203 4346; x_wconf 76' lang='lat' dir='ltr'><strong>⁸vit</strong></span> <span class='ocrx_word' id='word_1_421' title='bbox 1217 4311 1252 4346; x_wconf 90' lang='lat' dir='ltr'><strong>ne</strong></span> 
     </span>
     <span class='ocr_line' id='line_1_47' title="bbox 101 4363 888 4436; baseline -0.003 -22"><span class='ocrx_word' id='word_1_422' title='bbox 101 4365 205 4428; x_wconf 84' lang='lat' dir='ltr'><strong>penitus</strong></span> <span class='ocrx_word' id='word_1_423' title='bbox 217 4369 349 4414; x_wconf 76' lang='lat' dir='ltr'><strong>extractus</strong></span> <span class='ocrx_word' id='word_1_424' title='bbox 361 4364 486 4426; x_wconf 88' lang='lat' dir='ltr'><strong>usquead</strong></span> <span class='ocrx_word' id='word_1_425' title='bbox 498 4363 513 4414; x_wconf 92' lang='lat' dir='ltr'><strong>i.</strong></span> <span class='ocrx_word' id='word_1_426' title='bbox 528 4379 552 4427; x_wconf 89' lang='lat' dir='ltr'><strong>p.</strong></span> <span class='ocrx_word' id='word_1_427' title='bbox 652 4365 662 4394; x_wconf 79' lang='lat'><strong>¹</strong></span> <span class='ocrx_word' id='word_1_428' title='bbox 678 4363 707 4414; x_wconf 88' lang='lat' dir='ltr'><strong>T.</strong></span> <span class='ocrx_word' id='word_1_429' title='bbox 721 4363 749 4414; x_wconf 84' lang='lat' dir='ltr'><strong>E.</strong></span> <span class='ocrx_word' id='word_1_430' title='bbox 762 4363 808 4413; x_wconf 91' lang='lat' dir='ltr'><strong>sed</strong></span> <span class='ocrx_word' id='word_1_431' title='bbox 821 4369 888 4436; x_wconf 17' lang='lat' dir='ltr'><strong>etta.¹</strong></span> 
     </span>
    </p>
   </div>
   <div class='ocr_carea' id='block_1_5' title="bbox 0 0 1535 4904">
    <p class='ocr_par' dir='ltr' id='par_1_5' title="bbox 0 0 1535 4904">
     <span class='ocr_line' id='line_1_48' title="bbox 0 0 1535 4904; baseline 0 0"><span class='ocrx_word' id='word_1_432' title='bbox 0 0 1535 4904; x_wconf 95' lang='lat' dir='ltr'><strong> </strong></span> 
     </span>
    </p>
   </div>
  </div>
 </body>
</html>
