3042 4884
440 311 515 404 vt
540 309 704 400 &antu
730 310 888 400 boma.
1164 336 1234 411 225

88 508 277 568 multitudine
300 510 398 568 fertur
420 529 517 585 genus
541 512 683 569 habuisse
708 530 767 585 que
786 511 857 568 olim
882 511 1147 570 sceleratissimum
1168 532 1236 587 pre·

87 597 195 654 donem
223 597 373 672 Hynguar
398 599 544 667 comitata,
565 599 664 656 nauali
685 617 776 656 manu
797 601 828 656 in
851 617 978 672 regnum
1000 601 1169 674 Anglorum
1189 611 1237 658 est

86 685 219 744 aduecta
258 686 325 743 Hos
349 686 399 742 ille
420 687 599 744 natiuitatis¹
620 687 773 760 principes
793 688 923 758 sortitus,
943 697 1097 745 eteorum
1116 706 1236 746 accura-

86 771 203 828 tissima
222 774 401 831 educatione
422 775 460 830 ad
481 774 628 831 iuueniles
650 792 747 831 annos
770 776 941 842 translatus
960 775 1117 833 festinabat
1141 777 1236 834 chris·

86 861 235 916 tianorum
261 861 469 918 conuenticula
496 861 703 918 indesinenter
729 862 820 930 adire,
849 863 968 920 diuinos
992 864 1043 935 qui
1068 866 1105 920 ab
1133 864 1263 935 [illisve

86 947 265 1004 dicebantur
288 965 446 1006 sermones
472 967 579 1022 magna
604 949 695 1006 animi
725 950 923 1007 oblectatione·
947 951 1059 1008 audire.
1104 951 1235 1008 Domum

85 1036 166 1092 enim
192 1045 360 1105 reuertens,
378 1053 438 1110 que
456 1037 590 1094 audierat
609 1047 769 1110 parentum
788 1038 910 1094 auribus
928 1039 1035 1095 sedulo
1053 1037 1235 1097 infundebat.

86 1122 188 1196 Super
207 1123 318 1197 quibus
339 1124 487 1180 benonim
513 1123 680 1181 studiorum
704 1126 877 1198 primordiis
901 1135 988 1199 pater
1011 1125 1122 1199 impius
1143 1127 1236 1199 impie

85 1210 226 1278 irritatus,
236 1211 414 1282 prohibebat
422 1229 460 1268 ne
473 1212 596 1268 omnino
606 1212 759 1269 Christum
771 1213 948 1284 nominaret,
959 1214 1082 1286 ne[ue]³
1094 1224 1236 1287 paternas

85 1297 290 1356 institutiones
318 1298 479 1356 christiane
506 1299 659 1373 religionis
687 1301 880 1357 veneratione
906 1301 1086 1358 immutaret.
1121 1301 1236 1360 Verum
1252 1315 1282 1352 ιο

85 1385 144 1456 ille,
175 1386 366 1459 prohibentis
396 1386 555 1460 imperium
586 1389 706 1460 penitus
736 1389 916 1461 despiciens,
946 1389 1044 1461 magis
1074 1406 1109 1446 ac
1139 1389 1236 1462 magis

84 1473 212 1530 ecclesie
224 1473 329 1530 limina
343 1476 414 1540 (non
427 1474 548 1544 desiit)⁴
560 1483 667 1544 terere,
680 1475 773 1531 diuini
784 1475 868 1532 verbi
881 1475 995 1532 intento
1008 1477 1108 1533 animo
1121 1479 1236 1533 semina

84 1561 253 1634 percipere,
272 1569 379 1633 etque
398 1571 584 1635 perceperat,
604 1563 718 1634 absque
736 1580 848 1635 pauore
867 1563 948 1620 domi
966 1563 1116 1620 nunciare.
1154 1563 1235 1622 Hinc

84 1649 194 1706 iterum
208 1658 295 1720 pater
307 1666 400 1722 supra
413 1649 578 1706 humanum
592 1651 715 1706 modum
734 1661 941 1723 exasperatus,
953 1651 1133 1723 grauissima
1151 1650 1234 1708 illum

84 1737 275 1809 correptione
294 1736 405 1809 aflligit,
422 1737 528 1810 iusque
545 1737 719 1794 hereditatis
737 1739 817 1810 quod
833 1739 872 1795 ad
889 1737 973 1794 illum
985 1738 1090 1795 venire
1107 1739 1235 1796 debebat
1250 1743 1279 1798 ¹⁵

84 1825 242 1881 subtraxit
290 1823 377 1881 Tunc
402 1843 478 1898 puer
502 1826 640 1882 exultans
665 1827 695 1881 in
720 1827 840 1882 domino
864 1826 945 1898 quod
972 1825 1064 1882 talem
1088 1843 1144 1898 pro
1169 1824 1235 1882 eius

84 1913 208 1968 nomine
226 1912 476 1985 proscriptionem
492 1912 607 1969 subiret
623 1914 653 1968 in
670 1923 759 1982 terra,
776 1922 1005 1985 propterquam
1023 1911 1234 1970 ascribendum

82 2017 116 2056 se
128 2017 201 2056 esse
213 1999 377 2056 confideret
389 2000 420 2056 in
433 1999 498 2056 celo
509 2019 516 2070 3
537 1999 670 2055 dimissis
686 2000 862 2072 parentibus
880 2008 1099 2073 parentumque
1115 1997 1235 2064 diuitiis,

83 2087 184 2142 nudus
210 2095 239 2143 et
263 2085 345 2143 omni
370 2088 521 2143 mundano
546 2087 655 2143 decore
681 2089 824 2160 priuatus,
846 2086 967 2158 aufugit,
991 2085 1132 2159 aditoque
1158 2087 1235 2142 duce

81 2175 216 2246 quodam
229 2174 350 2231 nomine
364 2173 560 2244 Ethelelmo⁸,
573 2173 666 2247 quiin
680 2177 772 2231 domo
783 2172 863 2246 regis
877 2173 1014 2232 Edwini⁶
1027 2173 1060 2244 (i)
1074 2181 1105 2229 et
1118 2171 1233 2229 christi·
1249 2187 1281 2224 πο

81 2261 249 2318 anissimus
261 2271 292 2318 et
304 2260 383 2318 inter
396 2271 514 2318 ceteros
529 2262 688 2334 optimates
706 2261 964 2334 prestantissimus
981 2271 1053 2328 erat,
1066 2260 1235 2333 postulabat

82 2348 164 2404 illius
186 2365 221 2404 se
240 2349 373 2420 potentia
389 2358 420 2405 et
436 2349 609 2405 auctoritate
628 2366 647 2405 a
665 2358 824 2421 parentum
841 2366 965 2405 suorum
984 2347 1083 2405 surore
1102 2348 1234 2406 defendi.

84 2435 146 2506 Qui
159 2437 240 2492 bona
256 2435 456 2494 adolescentis
472 2437 571 2493 indole
588 2438 732 2508 gaudens,
746 2454 802 2493 nec
818 2437 942 2509 dignum
959 2435 1148 2508 aliquatenus
1165 2453 1234 2493 esse

81 2523 222 2580 iudicans
234 2531 266 2579 vt
275 2523 333 2579 tale
345 2524 439 2581 decus
452 2523 605 2596 paganicis
618 2523 723 2580 ritibus
736 2525 792 2580 sub
805 2522 900 2596 patris
918 2522 1044 2596 imperio
1057 2523 1234 2591 deseruiret,

83 2621 216 2685 patemo
228 2609 311 2667 illum
324 2610 432 2668 affectu
451 2611 592 2683 suscepit,
609 2609 785 2668 defensione
802 2610 929 2666 muniuit
947 2620 977 2666 et
993 2609 1112 2666 auxiliis
1130 2627 1234 2666 neces·
1250 2627 1279 2680 ²5

81 2699 173 2756 sariis
199 2697 280 2755 fouit
317 2697 436 2755 Deinde
460 2716 550 2770 greca
568 2687 604 2755 'et
629 2698 722 2754 latina
746 2697 848 2770 lingua
871 2697 1022 2770 magistris
1046 2698 1234 2753 edocendum

81 2785 245 2844 tradidit-
251 2803 378 2859 quarum
390 2786 558 2858 linguarum
572 2786 724 2859 plerisque
736 2794 806 2842 tunc
819 2785 963 2856 temporis
978 2786 1008 2840 in
1021 2795 1111 2856 gente
1120 2783 1234 2856 Anglo·

84 2891 154 2931 rum
169 2891 244 2930 vsus
257 2883 329 2944 crat,
346 2891 365 2930 a
382 2873 537 2946 discipulis
552 2872 704 2929 Theodori
718 2871 934 2945 archiepiscopi
953 2871 1088 2928 diffusus.
1126 2871 1150 2927 F
1151 2879 1235 2928 actus

80 2971 130 3019 est
154 2971 256 3017 autem
281 2959 312 3018 in
331 2969 456 3034 vtraque
481 2959 581 3032 lingua
602 2961 689 3017 valde
708 2959 833 3033 peritiae,
853 2959 894 3018 ita
916 2967 948 3018 vt
971 2969 1076 3032 posset
1096 2967 1235 3033 poemata

85 3051 207 3123 fingere
220 3059 250 3105 et
263 3049 386 3106 omnino
399 3049 539 3122 quicquid
552 3049 641 3106 vellet
657 3047 770 3104 diserto
784 3064 925 3104 sermone
939 3045 1085 3120 prolerre.
1158 3033 1235 3103 Post
1249 3065 1281 3114 30

81 3139 139 3194 hec
171 3137 348 3210 baptizatus,
373 3135 594 3194 admonitionel
619 3135 731 3192 domini
753 3134 799 3192 sui
817 3151 913 3207 vsque
931 3135 969 3191 ad
989 3133 1235 3191 subdiaconatum

82 3225 249 3298 perductus
261 3234 327 3282 est:
347 3225 378 3281 in
391 3243 451 3298 quo
468 3226 561 3298 gradu
579 3241 635 3296 per
651 3223 763 3296 aliquot
782 3239 878 3279 annos
896 3221 938 3280 ita
953 3221 1110 3279 sanctitate
1126 3221 1187 3280 vite
1205 3231 1236 3280 et

82 3311 298 3386 predicationis
322 3311 492 3369 sinceritate
517 3311 656 3384 pollebat,
682 3319 716 3368 vt
742 3311 912 3384 quicunque
938 3309 1022 3366 illum
1049 3319 1236 3382 agnosceret,

81 3399 210 3473 spiritus
235 3399 330 3456 sancti
352 3400 497 3473 templum
521 3417 591 3456 csse
616 3416 677 3455 non
702 3398 860 3455 dubitaret.
897 3397 1017 3455 Domini
1042 3397 1089 3454 sui
1112 3399 1235 3456 tandem

82 3504 177 3544 suasu
189 3488 228 3544 ad
241 3487 402 3544 sacerdotii
413 3488 539 3560 gradum
553 3494 714 3560 prouectus
726 3494 781 3543 est.
813 3485 860 3543 Ex
872 3503 934 3559 quo
945 3495 1081 3558 tempore
1093 3495 1155 3544 tam
1169 3485 1235 3559 ipse
1248 3507 1280 3560 35

80 3577 145 3632 dux
158 3591 250 3648 quarn
265 3574 357 3632 ceteri
370 3591 449 3648 pene
461 3592 568 3632 omnes
581 3574 690 3647 regalis
702 3573 804 3647 palatii
818 3573 971 3646 principes
983 3573 1013 3629 in
1027 3591 1146 3630 summa
1165 3590 1235 3631 eum

82 3661 281 3720 veneratione
305 3662 418 3719 habere
439 3671 594 3735 ceperunt,
612 3671 730 3718 secreta
750 3661 829 3718 male
848 3671 911 3719 acte
930 3660 990 3720 vite
1008 3660 1036 3717 ei
1055 3661 1181 3733 aperire,
1205 3669 1235 3718 et

81 3751 121 3806 de
141 3749 202 3806 hiis
221 3749 419 3806 emendandis
437 3747 501 3806 eius
521 3749 646 3806 consilio
665 3749 792 3806 libenter
805 3750 937 3807 credere.
1009 3737 1173 3820 Suggessit
1189 3747 1237 3804 in-

82 3849 168 3894 terea
181 3838 244 3894 dux
257 3836 328 3909 regi,
342 3837 453 3894 habere
466 3855 501 3894 se
513 3836 698 3894 desiderium
713 3835 923 3909 proficiscendi
938 3835 1066 3892 Romam
1080 3845 1109 3891 et
1123 3833 1235 3892 sanctis

81 3924 230 3998 apostolis
246 3923 401 3997 ibi[dem]⁸
413 3924 610 3998 supplicandi.
647 3924 783 3997 Cumque
796 3923 969 3981 licenciatus
981 3941 999 3979 a
1012 3940 1082 3996 rege
1095 3923 1153 3978 iter
1163 3921 1234 3977 arri·
1247 3941 1283 3992 40

83 4021 182 4086 peret,
195 4012 319 4086 contigit
336 4011 421 4070 illum
434 4011 608 4070 infirmitate
621 4012 801 4086 grauissima
817 4010 954 4070 detineri.
988 4009 1127 4066 Odonem
1144 4010 1182 4066 ad
1200 4025 1235 4066 se

83 4101 190 4158 venire
207 4099 284 4172 lacit,
301 4109 426 4175 oratque
442 4111 474 4159 vt
492 4119 549 4175 pro
567 4101 614 4159 sui
631 4100 806 4159 liberatione
825 4099 946 4156 domino
964 4115 1074 4171 preces
1091 4096 1235 4170 effundat,

116 4262 339 4313 'Enafiuitutes
392 4260 498 4312 ¹E.eis.
542 4261 591 4310 ⁸T.
603 4277 679 4324 neue,
689 4261 718 4311 E.
728 4277 769 4311 ne.
817 4259 890 4310 ‘om
903 4261 928 4308 in
940 4258 969 4307 T.
1018 4257 1235 4310 ‘VitAthelmm

83 4327 162 4376 ‘Vin
183 4327 448 4378 Elvurediuhliredi.
490 4327 546 4377 The
565 4329 648 4378 above
671 4329 778 4378 munke
796 4341 887 4376 causes
907 4327 996 4375 others
1018 4339 1053 4373 on
1076 4331 1140 4376 next
1158 4339 1233 4390 page.

82 4391 139 4446 'F-
152 4394 364 4445 admonitionem.
431 4392 541 4444 ·E.ibi.

120 4485 189 4528 Vol..
202 4487 235 4530 11.
652 4487 671 4537 0
