3044 4894
246 301 321 394 be
346 298 510 389 sautu
535 298 725 400 hunuano
749 307 797 388 tu
821 299 1123 404 tractabatur.
1212 323 1257 398 77

103 518 238 574 superne
251 501 435 560 limitationis
449 502 643 575 frequentatis
657 503 832 575 angelorum
847 503 947 560 choris
964 522 998 560 ac
1010 503 1176 562 visionibus
1189 521 1257 560 con·

103 590 254 646 solatoriis
263 591 371 647 meruit
380 591 549 658 confortari,
559 592 634 647 adeo
644 599 676 648 vt
687 601 810 664 propter
819 592 1024 649 assistentium
1032 592 1257 648 venerationem

103 677 264 750 spirituum
289 678 454 745 celestium,
474 679 570 736 oculis
595 679 675 735 clare
700 679 879 751 cognitionis
904 697 938 736 ac
963 680 1102 736 manibus
1127 680 1257 752 benigne

104 766 271 824 affectionis
295 766 503 839 contemplans
527 767 566 822 ad
590 783 710 838 supera,
734 766 838 839 pilium
864 784 956 840 super
981 776 1070 840 caput
1096 767 1257 840 sepissime

103 853 243 926 deposuit
255 871 289 910 ac
302 853 332 910 in
345 853 447 910 diuine
460 853 557 910 laudis
570 853 660 910 iubilo
675 854 786 926 polaris
805 855 993 912 celsitudinis
1012 856 1161 912 consortia
1178 855 1257 911 salu·
1271 873 1285 926 ⁵

102 941 187 998 tauit
224 941 321 998 Tanta
333 943 434 1015 vtique
447 941 589 998 virtutum
602 943 758 998 vernantia
770 951 961 1015 purpuratus,
973 944 1080 1000 decem
1094 953 1124 999 et
1137 951 1256 1016 septem

103 1028 193 1086 annis
205 1029 338 1086 officium
351 1029 501 1101 prioratus
514 1029 619 1086 lloride
629 1030 816 1102 gubernauit,
829 1039 860 1087 et
872 1039 959 1087 sexto
971 1029 1039 1088 idus
1051 1030 1189 1096 octobris,
1203 1047 1257 1088 sue

103 1116 324 1189 expectationis
336 1116 511 1189 temporalis
523 1116 553 1173 in
567 1117 624 1174 hoc
637 1118 758 1174 deserto
771 1134 851 1173 anno
863 1118 1063 1190 sexagesimo,
1075 1118 1257 1176 adueniente

104 1204 180 1260 hora
192 1203 330 1276 primitus
349 1204 503 1276 capellano
522 1204 681 1276 diuulgata,
698 1215 795 1261 morte
812 1213 965 1262 coartante
982 1206 1120 1278 perpetui
1135 1205 1257 1264 luminis

103 1291 277 1348 felicitatem
291 1291 463 1364 ingreditur,
476 1291 507 1347 in
521 1293 677 1364 seraphico
695 1292 889 1349 contubernio
904 1294 1118 1366 perpetualiter
1131 1311 1257 1365 congau·
1272 1312 1303 1350 ιο

103 1383 189 1437 dere.
236 1368 274 1437 In
283 1380 471 1436 firmamento
479 1380 793 1454 igiturpropugnantis
801 1382 927 1439 ecclesie
936 1383 1018 1439 velut
1026 1383 1112 1439 stella
1120 1382 1258 1441 relucens

104 1476 255 1540 perpetue
280 1467 430 1536 claritatis,
450 1468 551 1524 varios
576 1468 700 1541 fulgoris
725 1469 825 1526 radios
849 1469 1063 1543 exemplariter
1083 1470 1256 1527 emittebat:

106 1555 188 1612 Nam
209 1555 325 1628 fulgore
344 1555 513 1612 innocentie
535 1573 626 1612 verus
651 1557 730 1613 Abel
755 1559 948 1630 resplenduit,
968 1559 1088 1630 quando
1108 1559 1257 1625 dominus,

103 1660 175 1700 eum
193 1645 347 1716 premians
362 1645 392 1699 in
411 1643 582 1713 celestibus,
601 1645 655 1700 ‘ad
674 1645 753 1700 Abel
772 1645 906 1717 respexit
927 1647 1011 1702 etad
1031 1663 1157 1702 munera
1176 1645 1257 1702 eius’

105 1731 179 1790 Erat
190 1730 273 1787 enim
289 1730 375 1787 Enok
392 1731 547 1798 munditie,
560 1733 681 1804 quando
699 1733 857 1789 subtractis
875 1733 954 1790 vitiis
971 1733 1036 1806 pari
1053 1750 1145 1806 passu
1165 1732 1302 1804 virtu-15

104 1828 170 1876 tum
188 1835 257 1874 cum
274 1820 331 1875 deo
347 1818 518 1888 ambulauit,
531 1836 622 1891 quem
639 1819 707 1875 tulit
723 1820 826 1876 diuina
842 1821 1063 1893 magnificentia
1079 1821 1110 1875 in
1125 1821 1258 1893 paradisi

102 1905 273 1964 redolentia
296 1917 442 1979 perpetue
466 1906 600 1963 stabiliri.
639 1907 729 1964 Hunc
756 1908 820 1965 Noe
846 1925 918 1981 spes
940 1908 1097 1965 verissima
1117 1908 1257 1981 superius

102 1993 243 2062 eleuauit,
262 1995 381 2066 quando
401 1994 484 2050 iuxta
504 1995 678 2052 mandatum
702 1995 883 2053 dominicum
903 1996 1024 2052 archam
1041 1995 1144 2052 'cordis
1169 1996 1258 2068 lignis

102 2081 247 2138 virtutum
260 2080 422 2151 fabricauit,
436 2099 495 2154 qua
507 2100 525 2138 a
537 2081 640 2139 diluuii
653 2082 807 2140 infernalis
817 2083 955 2140 fluctibus
964 2083 1121 2157 perpetuis
1130 2083 1258 2155 gratuito

103 2169 320 2240 libera[ba]tur.
344 2169 402 2225 Hic
411 2170 566 2226 Abraham
575 2188 630 2244 per
638 2171 903 2243 repromissionem
912 2180 1016 2228 eterne
1024 2170 1173 2228 felicitatis
1181 2172 1257 2228 duos
1271 2196 1304 2234 ao

104 2257 187 2313 filios
205 2257 356 2325 enutriuit,
370 2257 450 2314 idem
469 2258 685 2315 monasterium
701 2259 919 2330 perlustrantes
937 2259 1105 2316 imitatoriis
1120 2259 1257 2318 eiusdem

103 2345 224 2418 patroni
236 2343 371 2417 vestigiis
383 2362 439 2417 per
451 2345 661 2402 miraculorum
674 2346 942 2403 choruscationem.
975 2347 1021 2416 En
1036 2347 1124 2403 lacob
1137 2347 1260 2419 laboris,

102 2432 157 2505 qui
181 2449 298 2489 moram
323 2432 435 2489 faciens
459 2450 515 2506 pro
541 2433 683 2502 Rachele‚
704 2434 769 2507 Lye
794 2434 974 2492 laboriosam
994 2434 1175 2492 actiuitatem
1196 2452 1257 2490 non

102 2521 254 2593 despexit.
293 2520 346 2577 lob
359 2531 390 2578 et
402 2521 514 2578 Tobias
526 2522 677 2594 patientie,
690 2525 811 2594 quando
828 2533 932 2580 contra
946 2525 1143 2580 aduersantes
1161 2521 1257 2578 inimi·

102 2625 209 2666 corum
227 2608 464 2666 machinationes
482 2628 542 2666 non
560 2610 693 2682 peccauit
708 2611 795 2667 labiis
810 2611 873 2668 suis
888 2629 944 2685 pro
961 2611 1114 2684 obprobrii
1132 2610 1256 2667 commi·
1272 2633 1302 2684 ²5

103 2697 235 2753 natione.
274 2697 371 2753 Etiam
404 2697 501 2754 Dauid
533 2698 714 2755 humilitatis.
752 2699 895 2755 Salomon
928 2699 1084 2772 sapientia,
1114 2699 1255 2771 quoniam

102 2786 248 2840 dominus
265 2784 323 2841 sibi
341 2785 465 2841 contulit
484 2803 536 2842 cor
554 2785 675 2858 sapiens
693 2804 787 2858 super
804 2803 912 2843 omnes
927 2803 999 2842 suos
1014 2787 1257 2858 predecessores.

103 2871 253 2930 Ezechias
275 2873 446 2945 penitentia,
467 2875 585 2945 quando
607 2891 663 2946 pro
685 2873 817 2930 minimis
837 2873 968 2946 peccatis
987 2873 1149 2930 maximam
1172 2873 1257 2945 peni·

101 2959 231 3016 tentiam
244 2961 362 3016 sustulit
375 2960 447 3017 fletu
459 2961 641 3018 lamentabili
655 2961 875 3018 lachrimarum.
912 2962 1053 3019 Susanna
1069 2960 1099 3016 in
1113 2962 1256 3029 castitate,

101 3050 179 3105 dum
197 3046 301 3103 luxum
318 3048 476 3105 refrenans
493 3066 681 3121 corporeum,
694 3049 911 3121 perpetualiter
928 3049 965 3106 ad
985 3048 1117 3104 diuinam
1136 3048 1256 3120 placen·
1270 3069 1302 3119 30

101 3136 179 3191 tiam
192 3135 343 3191 ocularem
357 3136 504 3192 conuertit
516 3145 681 3208 aspectum.
707 3137 857 3193 lohannes
872 3137 1007 3209 Baptista
1020 3135 1050 3191 in
1068 3136 1256 3206 abstinentia,

101 3225 177 3278 dum
198 3222 276 3278 inter
294 3223 420 3294 prandia
439 3222 564 3280 delicata
581 3225 764 3296 voluptatem
783 3225 936 3296 appetitus
954 3225 1138 3296 compescuit
1157 3233 1186 3280 et
1209 3241 1257 3280 re·

101 3309 227 3368 strinxit
237 3309 387 3378 ¹,modicis
395 3319 426 3366 et
435 3311 699 3368 minimedelicatis
708 3321 897 3369 contentatus
905 3314 941 3368 ad
950 3312 1084 3384 corporis
1092 3311 1257 3367 nutrimen·

101 3409 179 3455 tum.
225 3396 319 3469 igitur
340 3397 371 3453 in
393 3408 481 3456 nocte
501 3400 652 3471 presentis
670 3400 751 3456 exilii
771 3409 832 3456 tam
852 3400 978 3472 preclari
997 3399 1119 3456 luminis
1139 3400 1256 3456 stellam
1292 3470 1295 3476 Ι

102 3484 272 3559 prefulgide
291 3485 520 3543 choruscantem
539 3487 739 3559 deprecemur
755 3497 794 3554 vt,
812 3487 887 3544 sicut
905 3488 971 3560 ipse
990 3487 1021 3544 in
1041 3487 1166 3544 eternali
1185 3487 1254 3543 srui-
1270 3505 1300 3559 35

101 3571 197 3629 tionis
209 3571 391 3630 iocunditate
403 3591 472 3630 cum
484 3573 596 3631 sanctis
615 3576 750 3647 patribus
768 3576 876 3632 letetur
888 3575 919 3630 in
937 3575 1039 3648 patria,
1054 3584 1156 3631 nostre
1171 3575 1256 3631 llexi·

102 3659 227 3717 bilitatis
245 3659 341 3716 aciem
359 3671 464 3717 contra
482 3661 626 3718 Olilernis
646 3664 837 3735 tyrannidem
856 3663 942 3720 saciat
959 3663 990 3719 in
1010 3680 1083 3736 pace
1102 3663 1256 3720 victoriam

102 3746 240 3820 adipisci,
254 3748 395 3820 quatinus
407 3749 529 3805 excluso
542 3751 744 3807 sensualitatis
755 3753 937 3818 umbraculo,
950 3751 981 3807 in
1002 3751 1076 3807 lucis
1090 3751 1256 3807 habitaculo

103 3847 176 3908 post
188 3835 277 3892 huius
290 3836 371 3892 exilii
385 3837 546 3894 terminum
560 3855 811 3895 commaneamus.
852 3827 958 3896 Huius
970 3838 1059 3910 igitur
1074 3838 1255 3894 sanctissimi
1288 3897 1295 3912 ¹

103 3923 224 3996 patroni
238 3924 431 3981 avisceribus
443 3925 593 3982 delIcatis¹
606 3926 702 3982 soluto
715 3926 829 3999 spiritu,
838 3925 1029 3998 benignitatis
1041 3926 1106 3983 eius
1119 3925 1255 3998 piissimo
1269 3940 1302 3991 4ο

102 4012 288 4080 interuentu,
299 4022 386 4084 prout
397 4013 609 4086 consequentis
622 4031 782 4086 processus
791 4013 801 4045 ³
810 4014 933 4070 materia
945 4012 1114 4070 euidentius
1125 4012 1255 4068 affirma·

103 4098 441 4172 bit,insigniavirtutum
450 4101 667 4174 inexplicabilia
675 4112 704 4158 et
712 4102 914 4176 egritudinum
922 4101 1059 4158 molestie
1069 4100 1198 4156 relaxate
1207 4119 1255 4156 au-

104 4187 403 4260 seruntur⁴gratiose
422 4169 471 4244 De
478 4189 614 4261 pluribus
624 4207 754 4264 namque
762 4191 897 4247 obsessis
905 4189 1079 4262 corporibus
1087 4188 1256 4261 effuga[ui]t

138 4308 197 4361 ¹E.
210 4311 341 4361 restruxit.
429 4309 484 4360 ’n
498 4312 640 4362 dedicatisl
726 4311 815 4362 ’This
829 4311 906 4362 Liber
916 4311 1186 4362 miraculorumisnot
1198 4327 1254 4376 pre·

105 4377 210 4426 served.
309 4376 524 4430 ‘salierunturl
593 4439 598 4446 ὁ
