3062 4876
271 259 341 345 672
700 249 900 350 appennis
929 250 980 324 ll.

269 453 322 507 sub
339 431 427 508 tutela
444 463 473 508 et
491 451 654 508 defensione
673 453 789 509 ecclesie
807 469 922 508 romane
939 463 967 508 et
983 451 1035 507 sub
1053 451 1126 507 beati
1143 453 1216 507 Petri
1229 451 1288 507 iure
1300 462 1329 507 et
1342 468 1415 522 pape

270 536 455 606 proteccione,
474 535 667 606 disposicione,
686 537 855 608 prouisione,
874 535 1078 603 iurisdictione,
1099 553 1165 590 cura
1187 548 1215 592 et
1236 536 1418 606 proprietate,

270 619 330 672 sine
348 619 441 674 medio
457 629 485 674 et
502 621 608 674 nullum
621 621 729 675 habens
741 631 834 691 preter
845 621 1005 674 Romanum
1017 618 1177 690 pontificem
1195 619 1361 689 episcopum
1373 620 1417 673 vel

269 701 441 770 magistrum,
454 712 598 773 tamquam
612 703 684 758 lilius
703 703 839 774 specialis,
854 703 949 772 (Alex.
966 703 1047 770 11⁸³)
1061 719 1125 757 cum
1139 703 1269 757 omnibus
1281 703 1330 773 qui
1343 719 1418 756 nunc

243 799 256 847 5
271 784 322 838 sibi
336 783 394 838 iure
407 785 546 855 pertinent
559 797 607 841 aut
624 787 652 841 in
669 786 791 842 futurum
807 787 860 842 den
877 796 1017 841 annuente
1032 785 1070 841 ibi
1088 786 1256 840 conserenda
1272 797 1345 852 suut,
1358 785 1418 840 sine

269 867 346 921 omni
360 869 490 924 molestia
502 880 529 923 et
542 869 733 940 inquietudine
752 870 894 936 consistat,
908 880 935 924 et
955 869 983 925 in
1001 870 1158 926 monastico
1172 869 1270 924 ordine
1283 879 1418 939 perpetua

270 950 422 1006 stabilitate
444 963 625 1022 permaneat;
656 955 718 1008 Nec
740 953 834 1024 aliqua
855 963 978 1022 potestas
1003 951 1137 1008 secularis
1156 963 1204 1007 aut
1223 952 1418 1006 ecclesiastica

270 1033 392 1089 eundem
405 1036 592 1090 venerabilem
606 1037 697 1092 locum
710 1037 747 1091 ad
759 1036 949 1107 episcopalem
962 1035 1058 1091 sedem
1071 1045 1168 1103 mutet,
1182 1035 1329 1104 (Calenius
1341 1035 1417 1102 ΙΝ)

271 1117 310 1171 Et
324 1116 346 1170 si
359 1117 436 1173 locus
449 1119 478 1173 in
490 1119 651 1190 episcopatu
668 1119 749 1175 luerit
762 1129 950 1174 commutatus
962 1130 990 1174 et
1002 1118 1168 1190 episcopalis
1181 1119 1219 1172 ibi
1232 1119 1419 1173 constituatur

229 1221 260 1256 ro
271 1199 361 1268 sedes,
386 1202 477 1256 nullus
503 1202 540 1256 ibi
565 1203 618 1258 nisi
644 1205 797 1258 monachus
823 1203 851 1258 in
876 1203 1039 1274 episcopum
1063 1201 1222 1270 ordinetur;
1256 1202 1353 1270 (Alex.
1376 1203 1418 1262 II.

273 1283 404 1338 Calr'xtus
422 1285 463 1352 Il,
485 1287 591 1341 Ludus
613 1287 654 1352 II,
676 1293 703 1340 et
727 1288 876 1358 Eugem'us
895 1288 958 1356 III)
996 1289 1033 1341 Et
1058 1301 1220 1356 quecunque
1244 1285 1419 1340 donaciones

271 1383 371 1433 rerum,
387 1367 537 1436 libertates,
553 1371 683 1438 honores,
696 1369 888 1425 immunitates
903 1387 937 1424 ac
953 1368 1100 1440 priuilegia
1115 1368 1207 1424 eidem
1225 1367 1418 1423 monasterio¹

270 1449 353 1517 regiis
367 1451 477 1507 statutis
490 1463 517 1507 et
531 1453 676 1522 preceptis,
684 1455 728 1510 vel
738 1455 775 1508 ab
785 1454 847 1508 aliis
857 1453 984 1524 personis
993 1451 1190 1508 ecclesiasticis
1200 1462 1248 1506 aut
1257 1452 1419 1518 mundanis,

271 1532 477 1589 racionabiliter
489 1537 589 1590 collata
607 1545 635 1592 et
654 1536 682 1591 in
701 1546 842 1606 postenrm
856 1553 906 1607 pro
924 1537 971 1591 dei
989 1535 1102 1591 nomine
1115 1535 1293 1599 conserenda,
1307 1551 1420 1590 necnon

229 1635 257 1684 ¹5
272 1614 448 1684 indulgencie
457 1619 615 1688 populares,
623 1629 650 1674 et
664 1619 859 1688 exempciones
870 1619 1036 1674 secularium
1048 1617 1228 1674 exaccionum
1238 1636 1255 1672 a
1265 1617 1377 1687 regibus
1391 1629 1419 1672 et

272 1697 444 1769 principibus
462 1719 496 1756 ac
514 1701 576 1756 aliis
587 1701 699 1760 ,Christi
719 1701 849 1758 fidelibus
867 1701 992 1772 predicto
1011 1701 1182 1757 monasterio
1198 1717 1342 1766 concesse,
1355 1717 1418 1770 per·

272 1791 384 1851 petuam
403 1784 584 1839 stabilitatem
609 1785 753 1840 obtineant
774 1795 802 1840 et
820 1785 960 1854 vigorem
990 1785 1085 1854 (Alex.
1104 1783 1158 1851 II)
1185 1786 1257 1838 Item
1277 1793 1306 1838 ut
1326 1784 1420 1839 nullus

271 1881 328 1933 rex,
353 1864 416 1934 dur,
442 1883 544 1936 comes,
568 1867 724 1938 episcopus,
749 1868 838 1922 abbas
863 1876 911 1923 aut
934 1868 1026 1938 aliqua
1056 1883 1176 1937 persona
1206 1866 1340 1921 secularis
1369 1879 1420 1922 aut

272 1949 461 2004 ecclesiastica
478 1950 534 2005 iam
554 1951 708 2022 sepefatum
725 1951 926 2006 monasterium
943 1951 986 2005 vel
1005 1949 1115 2021 plures¹
1132 1949 1170 2004 ibi
1188 1950 1243 2004 deo
1261 1951 1419 2005 seruientes

229 2057 259 2092 20
273 2031 427 2102 inquietare
454 2044 604 2104 presumat,
630 2051 683 2090 nee
712 2033 825 2105 aliquod
852 2051 949 2088 eorum
980 2051 1034 2105 que
1060 2050 1134 2088 nunc
1166 2034 1225 2088 iure
1255 2033 1340 2088 habet
1370 2045 1420 2088 aut

272 2113 439 2170 infuturum
460 2117 515 2172 deo
536 2117 709 2173 concedente
730 2117 902 2188 adquisierit,
922 2115 1076 2171 cuiusmodi
1095 2116 1159 2183 sint,
1182 2118 1219 2170 ab
1239 2133 1274 2172 eo
1293 2117 1420 2172 alienare

271 2208 319 2252 aut
339 2197 499 2255 inuadendo
520 2201 648 2271 diripere,
667 2217 719 2255 nec
740 2201 834 2272 aliqua
852 2199 1001 2255 occasione
1020 2201 1130 2267 vertare,
1152 2211 1200 2255 aut
1220 2199 1281 2254 sine
1302 2199 1420 2256 licencia

271 2282 381 2337 abbatis
403 2293 497 2339 tenere
518 2285 629 2352 audeat,
654 2284 786 2355 Nullique
808 2283 891 2340 liceat
912 2284 987 2338 idern
1009 2283 1209 2338 monasterium
1231 2292 1336 2338 temere
1356 2301 1420 2354 per-

271 2365 390 2432 turbare,
415 2377 463 2422 aut
493 2367 553 2423 eius
584 2367 777 2438 possessiones
805 2367 912 2423 auferre
936 2369 980 2422 vel
1009 2367 1103 2422 ablata
1131 2367 1259 2434 retinere,
1285 2367 1421 2434 minuere,

229 2473 258 2524 ²5
272 2449 315 2502 vel
341 2447 510 2518 quibuslibet
538 2451 735 2506 vexacionibus
761 2449 897 2520 fatigare:
926 2461 968 2505 set
995 2451 1033 2505 ab
1060 2450 1136 2504 omni
1162 2450 1328 2506 secularium
1353 2452 1421 2522 iugo

271 2531 306 2585 sit
324 2531 441 2586 liberum
461 2531 683 2603 imperpetuum
710 2534 805 2604 (Alex.
822 2534 880 2602 III,
900 2534 1083 2589 Innocentius
1101 2539 1153 2602 3¹²⁸,
1172 2539 1199 2586 et
1219 2535 1371 2588 Honorius
1393 2535 1420 2602 sl

273 2614 373 2668 Nullus
391 2614 481 2670 eciam
502 2616 630 2672 Minister
649 2617 676 2672 in
689 2618 755 2672 villa
773 2616 933 2672 monasterii
953 2617 1042 2672 sancti
1062 2616 1215 2683 Edmundi,
1228 2618 1272 2670 vel
1291 2617 1319 2672 in
1339 2619 1421 2673 terris

271 2698 472 2752 monachorum
491 2698 657 2772 ubicumque
677 2699 842 2767 constitutis,
856 2716 906 2769 per
923 2700 1039 2754 alicuius
1057 2717 1171 2754 manum
1184 2700 1229 2754 vel
1242 2700 1420 2769 violenciam,

271 2781 373 2836 abbate
393 2791 421 2836 et
443 2783 588 2838 monachis
609 2783 705 2839 inuitis
726 2793 753 2838 et
775 2782 1039 2850 contradicentibus,
1057 2793 1293 2853 preponatur-aut
1312 2785 1422 2854 dapifer

227 2890 259 2939 30
272 2864 472 2934 constituatur;
496 2865 642 2934 (celestius
661 2872 713 2934 3¹²¹,
726 2882 790 2921 cum
808 2866 877 2920 aliis
895 2865 1004 2934 multis)
1025 2867 1064 2920 Et
1081 2865 1147 2920 nulli
1167 2865 1283 2921 omnino
1300 2883 1421 2937 persone

272 2947 354 3003 liceat
367 2958 459 3018 preter
472 2951 631 3004 Romanurn
643 2948 806 3020 pontificem
819 2949 862 3004 vel
881 2951 1004 3017 legatum
1022 2949 1058 3002 ab
1077 2949 1137 3004 eius
1156 2949 1242 3004 latere
1260 2948 1422 3020 specialiter

271 3031 396 3098 missum,
418 3032 618 3088 monasterium
639 3033 728 3088 sancti
752 3032 893 3086 Edmundi
913 3032 1081 3087 visitacionis
1104 3049 1189 3086 causa
1207 3034 1249 3088 vel
1270 3035 1421 3090 occasione

271 3114 387 3170 alicuius
411 3115 581 3185 grauaminis
600 3117 757 3183 molestare,
776 3133 825 3171 seu
846 3116 977 3170 abbatem
995 3116 1040 3170 vel
1062 3117 1231 3170 monachum
1250 3117 1421 3189 ubicumque

272 3197 308 3252 de
327 3209 460 3270 precepto
480 3209 527 3254 aut
541 3200 685 3254 voluntate
702 3198 812 3254 abbatis
831 3199 1020 3266 constitutum,
1033 3199 1077 3252 vel
1097 3197 1228 3253 clericum
1247 3215 1297 3253 sen
1316 3200 1422 3256 laicum

227 3303 258 3351 35
272 3281 393 3352 aliquem
413 3282 530 3337 devilia
548 3283 637 3337 sancti
656 3282 800 3337 Edmundi
819 3281 865 3337 vbi
884 3283 973 3337 abbas
992 3281 1028 3337 de
1047 3281 1154 3336 indulto
1173 3281 1248 3336 sedis
1266 3284 1422 3352 apostolice

272 3366 314 3418 ius
338 3364 423 3420 habet
447 3365 615 3437 episcopale,
635 3365 885 3433 excommunicare,
910 3365 1082 3435 suspendere
1103 3367 1146 3420 vel
1171 3365 1346 3433 interdicere,
1372 3378 1421 3422 aut

272 3447 471 3504 monasterium
498 3449 644 3504 interdicto
668 3449 802 3517 subicere,
823 3460 864 3503 set
884 3465 937 3503 nec
959 3449 1082 3519 aliquam
1101 3465 1185 3518 super
1212 3450 1344 3503 abbatem
1371 3469 1420 3506 seu

271 3530 470 3586 monasterium
482 3541 530 3586 aut
544 3548 713 3603 quemquam
732 3533 768 3587 de
785 3531 956 3586 monasterio
968 3533 1012 3586 vel
1025 3532 1091 3587 villa
1104 3532 1132 3586 in
1146 3549 1201 3602 qua
1217 3533 1420 3588 monasterium

272 3615 354 3669 situm
368 3623 417 3681 est,
431 3631 482 3670 nec
495 3615 567 3670 infra
580 3626 699 3686 quatuor
714 3633 810 3671 cruces
824 3615 963 3685 predictas
978 3615 1101 3686 aliquam
1116 3613 1219 3669 habeat
1235 3625 1420 3685 potestatem

226 3721 260 3771 40
273 3698 368 3768 (Alex.
389 3705 432 3766 3¹¹¹
453 3715 516 3753 cum
541 3701 639 3754 multis
663 3700 741 3767 alri's)
769 3700 870 3753 Nullus
895 3697 983 3754 eciam
1008 3697 1241 3768 archiepiscopus,
1261 3697 1419 3768 episcopus,

271 3793 319 3836 aut
340 3799 436 3837 eorum
455 3783 571 3854 quilibet
589 3782 716 3837 officialis
738 3781 765 3835 in
783 3781 849 3835 villa
870 3782 960 3836 sancti
979 3781 1124 3835 Edmundi
1144 3789 1191 3835 aut
1210 3780 1282 3834 infra
1301 3793 1422 3852 quatuor

271 3883 368 3921 cruces
381 3883 436 3920 vno
453 3865 571 3920 miliario
590 3865 655 3934 iiij⁰=
667 3883 700 3920 ex
713 3865 837 3934 partibus
849 3865 886 3918 ab
899 3866 979 3920 altari
996 3880 1101 3934 magno
1118 3864 1243 3920 eiusdem
1255 3867 1420 3921 monasterii

272 4032 357 4086 habet
378 4033 574 4102 episcopalem,
593 4032 693 4087 missas
714 4032 851 4102 publicas,
871 4041 1039 4086 conuentum
1059 4041 1107 4086 aut
1127 4030 1266 4100 synodum
1288 4031 1419 4096 celebret,

226 4133 258 4183 45
272 4126 319 4169 aut
353 4116 516 4170 cathedram
551 4117 677 4182 collocet,
709 4115 878 4185 (Gregon'us
900 4113 975 4168 w
991 4119 1031 4178 =el
1058 4113 1124 4182 alii)
1172 4114 1328 4184 Nullusque
1364 4115 1418 4170 nisi

273 4199 418 4254 Romanus
428 4198 599 4269 pontilexvel
608 4199 716 4268 legatus
724 4198 783 4254 eius
793 4197 944 4253 oratorium
952 4198 995 4252 vel
1004 4197 1140 4267 capellam
1149 4197 1235 4252 inuito
1243 4198 1347 4253 abbate
1355 4215 1420 4253 con·

511 4331 519 4361 ¹
537 4330 591 4381 MS.
603 4333 761 4384 monasteria
1017 4327 1027 4357 ¹
1043 4347 1063 4379 r.
1076 4329 1179 4380 iratres?
