3052 4896
266 287 340 362 520
576 263 707 352 ssssllb
732 259 922 365 immun
946 258 1098 364 tinniit.

263 481 371 522 uersus
395 465 463 522 ω’
509 463 713 520 Erubescebat
737 461 765 518 ei
790 461 892 520 dicere
917 463 997 535 quod
1021 477 1128 518 uerum
1152 469 1229 530 erat,
1256 469 1308 518 set
1332 460 1436 518 dixit:

262 551 398 610 ‘Caritas
422 561 473 610 tua
497 551 567 610 fecit
588 568 637 610 me
658 549 779 620 reuerti,
800 549 871 623 quia
892 549 1098 606 desiderabam
1119 559 1150 606 te
1174 549 1307 618 uidere,¹
1327 559 1363 606 et
1389 567 1436 605 re·

263 639 374 696 mansit
381 639 430 696 ibi.
451 638 489 696 Et
500 647 567 712 post
578 637 730 712 paululum
741 637 772 694 in
782 635 1012 694 fornicacionem
1022 635 1137 706 cecidit,
1146 646 1178 694 et
1187 635 1434 710 peniten[ciam]

262 743 324 786 non
336 743 431 801 agens
443 727 474 784 iu
488 725 591 784 seculo
603 723 768 798 remansit]

419 901 444 964 il
465 887 520 960 Da
538 915 654 958 mucro
681 897 810 956 Wrsruo
828 915 971 956 arrscoro
989 915 1027 956 ar
1044 915 1239 956 cour-mons:
1250 897 1272 956 ¹.

233 1025 250 1078 i
318 1021 451 1078 Ancturn
473 1021 554 1080 enim
574 1019 727 1078 Wlsinum
746 1019 835 1077 claris
855 1019 1002 1076 natalibus
1024 1019 1190 1076 Londoniis
1211 1030 1335 1088 natum,
1358 1031 1391 1077 et
1412 1037 1431 1076 a

354 1109 531 1182 parentibus
549 1107 709 1181 diligenter
720 1109 888 1179 educatum,
901 1108 931 1164 in
947 1107 1095 1180 puerilem
1110 1107 1219 1164 florem
1239 1121 1429 1180 prouectum

263 1197 387 1254 domino
413 1196 503 1254 ihesu
528 1195 647 1254 Christo
670 1205 814 1270 parentes
834 1204 966 1252 statuunt
984 1195 1179 1252 offerendum
1220 1195 1323 1252 Lucet
1343 1198 1428 1254 enim

264 1284 321 1342 sub
340 1283 435 1358 ipsius
448 1284 531 1341 urhis
550 1283 689 1342 menibus
707 1285 803 1340 sancti
824 1283 905 1340 Petri
923 1283 1091 1353 cenobium,
1109 1299 1189 1338 nunc
1202 1282 1430 1341 Westrnonas-

263 1371 372 1430 terium
391 1371 512 1442 dictum,
531 1371 635 1445 inquo
654 1387 725 1428 eum
743 1371 923 1427 monachum
940 1369 1048 1427 factum
1065 1381 1216 1444 perpetuo
1228 1374 1362 1429 tradunt
1375 1375 1429 1428 do·

220 1481 251 1520 ro
264 1459 346 1516 mino
359 1459 572 1516 famulandum
604 1458 740 1516 Excursa
752 1467 853 1517 autem
866 1458 993 1532 pueritia
1005 1459 1043 1515 ad
1056 1460 1181 1530 gradum
1195 1461 1428 1516 sacerdotalem

263 1555 432 1620 susceptus,
445 1555 561 1604 maturo
578 1563 636 1604 euo
653 1555 684 1604 et
701 1547 836 1604 moribus
853 1545 966 1603 clanim
979 1545 1145 1602 sanctitatis
1158 1547 1324 1618 speculum
1338 1548 1428 1604 effid-

264 1633 312 1692 sit.
348 1632 461 1691 Contra
479 1634 603 1691 humani
620 1635 741 1707 generis
759 1634 913 1690 inimicum
926 1633 1034 1706 vigiliis
1046 1635 1218 1690 decertabat
1235 1644 1267 1690 et
1281 1636 1427 1692 orationi·

264 1721 338 1792 bus3
358 1739 468 1795 corpus
480 1721 598 1780 ieiuniis
610 1721 768 1796 castigans,
780 1721 958 1794 cupiditates
976 1721 1069 1779 seculi
1081 1721 1245 1778 celestibus
1257 1723 1428 1782 desideriis

264 1811 454 1884 contempsit,
466 1819 497 1868 et
508 1827 616 1868 omnes
627 1809 719 1867 animi
736 1817 835 1866 motus
850 1818 881 1866 et
892 1809 1026 1882 corporis
1042 1809 1124 1866 omni
1136 1808 1294 1881 vigilantia
1308 1821 1340 1867 et
1353 1831 1429 1870 cura

222 1897 406 1968 15semauit.
444 1897 619 1956 Humilitate
641 1899 785 1966 deiectus,
803 1896 935 1955 fraterna
952 1897 1095 1953 seruitute
1116 1897 1254 1967 deumus,
1273 1899 1427 1956 charitate

265 1985 409 2058 repletus
422 1985 598 2044 lectionibus
610 2003 671 2042 non
685 1985 781 2042 solum
794 1985 945 2054 insistere,
958 1985 1013 2041 sed
1026 1987 1115 2041 etiam
1128 1985 1203 2041 lecta
1215 1985 1427 2043 confratribus

264 2089 428 2146 exponere,
441 2073 549 2147 piaque
568 2073 774 2132 exhortatione
792 2073 829 2129 ad
842 2089 963 2129 omnem
980 2072 1120 2128 virtutem
1134 2089 1189 2129 eos
1202 2075 1380 2130 accendere
1395 2083 1426 2130 et

265 2159 386 2218 Christo
404 2160 576 2219 lucrifacere
595 2161 758 2218 consueuit.
796 2159 910 2216 Fauore
929 2162 1050 2217 tandem
1068 2158 1162 2216 sancti
1182 2159 1340 2217 Dunstani
1358 2163 1424 2235 epi-

266 2247 350 2321 scopi
372 2265 426 2306 rex
446 2248 582 2323 Edganrs
603 2247 757 2306 Wlsinum
775 2247 901 2321 prefecit
918 2248 1016 2305 eidem
1035 2247 1224 2304 monasterio.
1264 2247 1423 2318 Quantum

222 2358 254 2396 ao
265 2335 346 2392 enim
371 2353 426 2410 pro
450 2337 544 2394 salute
568 2335 730 2393 multorum
754 2335 953 2410 inuigilauerit
977 2345 1007 2392 et
1032 2345 1135 2392 contra
1153 2334 1299 2392 dominici
1319 2337 1422 2410 gregis
1506 2383 1507 2390 ,

266 2423 472 2481 aduersarium
503 2423 710 2494 insurrexerit,
732 2423 820 2497 quale
851 2422 1026 2496 exemplum
1050 2422 1186 2480 doctrine
1210 2440 1267 2480 sue
1301 2433 1334 2481 et
1360 2427 1422 2482 vite

266 2509 424 2568 omnibus¹
447 2511 626 2579 exhibuerit,
649 2512 717 2585 quis
740 2511 830 2584 digne
854 2511 1007 2585 explicare
1031 2509 1159 2568 sufficit?
1198 2509 1270 2568 Rex
1295 2513 1420 2569 tandem
1506 2575 1507 2580 η

267 2595 457 2668 Ethelredus,
483 2597 594 2673 Edgari
618 2599 706 2669 filius,
730 2599 857 2656 ecclesie
878 2599 1111 2666 scierbumensi,
1131 2597 1233 2656 fauore
1258 2601 1367 2672 populi
1391 2610 1421 2657 et
1506 2589 1507 2596 ¹

266 2683 411 2743 electione
429 2685 598 2757 clericum
616 2685 721 2761 prefici
739 2685 809 2744 fecit
827 2686 858 2743 in
876 2697 1038 2760 pastorem.
1076 2685 1148 2742 Erat
1165 2685 1248 2742 enim
1269 2687 1419 2761 refugium

222 2795 252 2848 ²5
266 2787 443 2845 pauperum,
456 2773 561 2832 oculus
578 2791 725 2842 cecorum,
739 2791 794 2848 pes
812 2774 963 2840 debilium,
979 2773 1101 2830 baculus
1119 2772 1322 2842 infirmorum,
1336 2776 1420 2832 cibus
1506 2799 1507 2806 ¹

266 2859 470 2929 esurientium,
483 2861 577 2919 vestis
594 2861 751 2931 nudorum,
764 2871 794 2919 et
807 2861 974 2935 redemptio
991 2877 1119 2918 reorum.
1156 2861 1418 2935 Quadragesimali

265 2957 403 3020 tempore
426 2949 561 3006 inclusus
585 2949 729 3007 cenobiali
748 2949 886 3018 claustro,
905 2958 935 3007 et
952 2949 1056 3006 mundi
1074 2947 1201 3006 tumultu
1224 2959 1328 3017 exuto,
1349 2951 1419 3006 sim-

265 3034 382 3108 pliciter
396 3053 464 3093 cum
487 3036 641 3094 monachis
662 3037 780 3108 mansit,
802 3037 928 3104 ieiuniis,
948 3035 1191 3110 contemplationi
1211 3045 1242 3092 et
1264 3037 1419 3094 lachrimis
1506 3051 1507 3058 ¹

265 3139 386 3180 vacans
416 3122 450 3180 ln
464 3141 540 3182 cena
552 3141 625 3181 vero
637 3125 750 3182 domini
764 3124 893 3199 [quasi]⁸
904 3126 942 3182 de
950 3124 1085 3182 cubiculo
1094 3123 1252 3196 [domini]⁴
1265 3142 1418 3198 egressus,

222 3231 254 3280 30
266 3209 376 3268 crisma
383 3210 516 3282 confecit,
525 3213 637 3270 docens
646 3221 676 3271 et
684 3214 867 3270 benedicens
875 3212 1035 3287 populum
1049 3220 1170 3284 peracto
1177 3212 1313 3283 paschali
1321 3231 1420 3269 sacra·

267 3307 370 3354 mento
389 3299 533 3356 diocesim
552 3317 638 3356 suam
657 3301 891 3372 euangelizando
912 3299 1051 3357 uisitauit.
1090 3298 1232 3356 Solicitus
1249 3317 1327 3356 vero
1348 3301 1418 3358 iliud

266 3384 430 3458 antiquitus
442 3387 541 3444 nobile
552 3387 740 3461 [templum]⁸
750 3388 972 3458 Schireburnie,
982 3405 1042 3443 non
1053 3387 1149 3443 solum
1159 3386 1335 3455 emendare,
1349 3406 1419 3461 aug·
1506 3407 1507 3460 ᾗ

267 3483 412 3542 mertare,
436 3475 605 3547 prouehere
630 3475 751 3548 studuit,
772 3492 878 3534 verum
902 3475 993 3532 etiam
1015 3483 1160 3547 perpetua
1181 3490 1256 3546 pace
1277 3475 1419 3534 stabilire.
1506 3471 1507 3478 '

268 3560 372 3618 Eterni
389 3579 520 3635 namque
535 3563 732 3622 anathematis
750 3581 894 3621 mucrone
908 3562 1057 3636 percussit
1068 3577 1190 3618 omnem
1202 3562 1309 3635 lupum
1324 3563 1418 3635 ipsius

222 3665 254 3718 ³⁵
268 3651 376 3706 domus
400 3649 553 3708 inimicum
578 3650 656 3709 ouiie
681 3651 791 3709 Christi
816 3651 1007 3721 lacerantem,
1031 3659 1201 3720 vexantem,
1224 3659 1277 3707 aut
1302 3650 1418 3724 disper-

268 3746 398 3811 gentem.
435 3737 566 3807 Quinto·
581 3755 654 3796 vero
672 3738 862 3812 episcopatus
883 3739 930 3796 sui
947 3755 1036 3808 anno,
1049 3745 1154 3794 exacto
1170 3737 1243 3793 boni
1259 3737 1417 3812 dispensa·

268 3825 342 3883 toris
359 3823 532 3896 ministerio,
546 3826 655 3884 decidit
671 3827 702 3883 in
717 3827 908 3900 languorem
925 3835 955 3883 et
972 3843 1040 3882 cum
1058 3843 1095 3882 eo
1108 3825 1196 3882 miles
1208 3825 1332 3897 quidam
1346 3844 1416 3884 suus
1506 3891 1507 3906 χ

268 3912 391 3970 nomine
415 3912 624 3986 Ege1wi[n]us,
643 3914 700 3972 sibi
721 3933 844 3988 semper
861 3913 1034 3972 fidissimus.
1071 3911 1102 3969 ls
1120 3912 1221 3969 audita
1239 3913 1354 3970 domini
1372 3914 1416 3970 sui
1506 3911 1507 3922 ³

268 4001 450 4070 infirmitate,
482 4002 585 4060 dolore
612 4002 793 4061 intrinsecus
823 4011 919 4060 tactus
949 4000 1092 4058 nuncium
1123 4000 1213 4058 mittit
1236 4001 1289 4074 qui
1313 4011 1416 4076 querat

301 4124 310 4154 ¹
329 4125 376 4178 Ed.
393 4126 418 4174 in
433 4123 491 4174 Act.
508 4125 555 4175 SS.
572 4123 639 4175 Boii.
652 4125 668 4174 a
682 4125 740 4185 Jnn.
758 4125 777 4176 1.
793 4140 819 4188 p.
833 4139 890 4186 547.
921 4123 1054 4186 Abridged
1070 4123 1137 4172 from
1154 4123 1200 4173 the
1211 4123 1274 4172 Vita
1291 4125 1322 4173 of
1334 4125 1415 4174 which

269 4193 380 4242 another
390 4191 553 4254 abridgrnent
564 4191 586 4239 is
598 4191 738 4253 preserved
750 4191 776 4241 in
790 4191 844 4240 ΜΞ.
859 4191 953 4240 Lansd.
969 4192 1026 4252 436,
1038 4189 1053 4238 f
1067 4190 1108 4251 48.
1219 4187 1231 4222 ²
1249 4189 1278 4238 L.
1291 4191 1360 4240 doct
1371 4205 1415 4240 sue

269 4257 398 4375 ἴειίρεὶωἰι
427 4323 433 4336 .
468 4256 581 4314 'soT.;
591 4257 730 4372 girphinil.
803 4255 859 4307 ‘so
871 4257 916 4317 L.;
933 4255 1062 4307 om.inT.
1074 4253 1105 4306 E.
1182 4255 1414 4320 'Etaiumphurn

309 4339 326 4372 n
399 4336 491 4386 cusas
501 4337 579 4386 years
655 4337 697 4386 op.
