3062 4888
307 303 382 398 580
740 295 945 400 flppmtilit
970 299 1025 376 11.

303 519 384 558 suum
406 500 565 556 reomau
586 501 731 572 prenenit!
767 503 806 557 Et
825 519 875 572 pre
893 500 999 572 gaudio
1016 517 1065 556 rex
1082 517 1181 556 canem
1199 501 1352 572 diligenter
1368 502 1451 573 pauit.

302 601 420 655 sperans
437 601 488 654 per
504 601 569 638 eum
587 585 648 640 eius
666 585 812 640 dominum
830 586 1024 640 aduentumm.
1068 587 1118 640 Set
1136 601 1217 640 oecus
1235 587 1355 655 contigit
1368 603 1450 656 qnam

301 667 444 738 swrabat.
481 668 558 722 Natu
580 667 654 722 illico
676 685 740 722 cum
760 669 914 738 leporarius
935 669 1057 722 saciatus
1074 669 1183 734 luisset,
1201 686 1332 723 reuessus
1350 682 1395 724 est
1416 669 1450 722 ad

301 749 446 804 dominum
465 767 546 804 suum
565 761 593 805 et
608 751 685 806 iuxta
702 768 803 822 eorpus
818 751 879 806 eius
895 763 1044 805 consuetas
1055 751 1188 804 excubias
1200 752 1360 806 celebrauit.
1398 752 1451 819 Qut

272 833 401 902 5iterum
420 843 483 904 post
501 833 634 902 triduum,
652 835 727 890 same
746 835 929 904 conpellente,
947 833 985 888 ad
1006 851 1134 888 mensam
1155 835 1229 928 regis
1248 834 1395 928 ingressus
1412 845 1453 888 est

301 915 394 972 denuo
418 915 593 972 reficiendus.
641 919 702 973 Rex
725 917 906 972 vehmnenter
927 917 1073 972 admuans
1097 917 1178 972 iussit
1202 917 1313 988 insequi
1335 917 1453 985 vestigia

300 999 379 1054 canis
392 1017 416 1054 st
408 999 569 1056 recederet
582 1001 619 1056 ab
635 999 708 1068 aula,
720 1011 748 1054 et
767 999 917 1068 diligenter
930 1017 987 1070 quo
1003 1011 1130 1070 pergeret
1144 1001 1295 1070 explorare
1333 1001 1452 1055 Factum

299 1093 344 1138 est
367 1093 462 1138 autern
481 1100 499 1137 a
517 1083 653 1138 ministris
677 1093 706 1138 vt
726 1083 767 1138 eis
788 1101 806 1137 a
827 1100 892 1151 rege
911 1083 1027 1138 iuerat
1019 1093 1195 1152 imperatum.
1231 1085 1270 1138 Et
1287 1099 1392 1138 canem
1410 1100 1451 1136 re-

300 1165 448 1220 cedentem
472 1167 684 1237 subsequentee,
703 1167 741 1220 ad
764 1167 914 1222 Lothbroci
938 1183 1040 1236 corpus
1067 1165 1196 1220 exanime
1225 1177 1290 1221 sunt
1315 1166 1450 1237 perducti

257 1263 286 1298 ιο
301 1249 428 1318 Cumque
441 1249 493 1304 bec
505 1251 561 1319 regi
579 1251 723 1306 declarata
733 1249 861 1318 fuissent,
874 1250 1052 1320 perturbatus
1068 1259 1112 1304 est
1129 1251 1322 1316 vehementer,
1334 1261 1364 1305 et
1377 1250 1450 1304 tacta

300 1331 481 1402 inquisicione
499 1332 535 1386 de
553 1345 643 1388 morte
655 1334 725 1402 eius,
739 1335 861 1387 Bernum
873 1342 1036 1386 venatorem
1054 1332 1091 1386 de
1108 1348 1193 1402 opere
1211 1332 1368 1402 nephando
1385 1349 1449 1386 oon·

299 1413 374 1468 uicit
402 1415 440 1469 Et
452 1413 530 1470 iussit
542 1431 560 1470 a
573 1416 709 1472 militibus
721 1417 757 1471 de
769 1417 847 1470 curia
859 1433 910 1470 sua
921 1415 1076 1469 adiudicari
1089 1431 1123 1468 ac
1135 1415 1206 1483 legis
1219 1415 1324 1484 peritis,
1334 1415 1449 1486 quidde

298 1496 440 1552 homicida
462 1497 534 1554 soret
557 1500 707 1568 agendum.
752 1499 790 1552 Et
815 1515 913 1552 omnes
937 1498 965 1552 in
990 1499 1045 1552 boc
1068 1497 1173 1566 pariter
1196 1506 1399 1552 consensenmt
1422 1507 1449 1551 vt

299 1589 414 1636 venator
426 1579 454 1634 in
468 1580 516 1636 illa
529 1581 660 1636 nauicula
672 1583 700 1637 in
713 1599 769 1653 qua
781 1581 955 1636 Lothbrocus
965 1579 993 1635 in
1003 1580 1134 1648 Angliam
1144 1580 1279 1649 applicuit
1289 1593 1447 1650 poneretur,

256 1673 326 1726 15111
350 1662 379 1716 in
404 1663 498 1718 medio
522 1665 609 1719 maris
634 1665 710 1720 solus
735 1666 796 1720 sine
819 1663 896 1719 omni
923 1664 1106 1718 instrumento
1130 1664 1224 1717 nauali
1255 1663 1447 1720 dimitteretur.

299 1745 399 1817 ltaque
417 1757 534 1801 venator
552 1746 629 1802 iuxta
650 1749 727 1818 quod
750 1747 950 1804 sententiatum
970 1747 1058 1801 luem
1079 1745 1107 1801 in
1126 1763 1204 1800 mare
1223 1745 1366 1815 dimissus,
1387 1757 1447 1818 pust

297 1827 358 1884 dies
376 1845 481 1900 paucos
504 1829 533 1884 in
557 1830 677 1886 Daciam
695 1843 739 1887 est
759 1831 907 1902 proiectus.
943 1829 1081 1899 Quicum
1099 1847 1118 1883 a
1136 1839 1265 1899 portuum
1284 1831 1447 1885 custodibus

297 1911 428 1966 inuentus
440 1912 545 1978 fuisset,
554 1925 744 1983 cognouerunt
757 1914 915 1969 nauiculam
926 1911 1011 1978 Dani,
1020 1912 1098 1982 quod
1110 1911 1139 1966 in
1153 1912 1200 1965 illa
1212 1911 1344 1966 dominus
1351 1930 1446 1967 eorum

300 1995 473 2050 Lotbbrocus
494 2007 677 2052 consueuerat
696 1997 847 2066 aucupari:
873 2005 901 2051 et
920 1995 1108 2065 perduxerunt
1129 2010 1193 2048 eum
1215 1992 1253 2048 ad
1277 1996 1402 2064 lnguuar
1420 2005 1446 2050 et

254 2097 285 2134 ao
298 2078 410 2132 Vbbam
430 2079 502 2134 tilios
523 2078 682 2146 Lothbroci,
703 2079 776 2134 viros
797 2089 927 2149 potentes
945 2088 973 2132 et
992 2077 1127 2132 crudeles.
1164 2077 1220 2146 Qui
1239 2077 1376 2133 continuo
1397 2079 1446 2132 ad-

297 2159 393 2214 hibitis
406 2161 557 2218 tortoribus
569 2173 720 2232 exegerunt
729 2179 747 2216 a
757 2163 850 2216 Rerno
862 2161 930 2232 quid
942 2161 978 2215 de
993 2169 1072 2230 patre
1089 2175 1140 2214 suo
1152 2159 1200 2229 qui
1213 2159 1242 2214 in
1256 2159 1305 2213 illa
1316 2161 1446 2215 nauicula

296 2243 333 2298 ab
350 2241 391 2298 eis
408 2245 496 2300 iuerat
515 2246 674 2300 subtractus
692 2255 786 2300 actum
805 2245 911 2300 luisset.
949 2245 1058 2298 Bemus
1078 2259 1188 2313 quoque
1207 2243 1331 2312 grauiter
1349 2253 1378 2299 et
1399 2245 1446 2299 diu

296 2325 415 2382 diuersis
432 2327 552 2382 afflictus
571 2329 725 2394 tormentis,
738 2328 847 2398 lingens
865 2327 1043 2382 mendacium
1061 2324 1130 2379 dixit
1148 2324 1224 2395 quod
1242 2337 1324 2396 pater
1340 2343 1445 2393 eorum,

295 2425 360 2462 cum
372 2426 439 2464 casu
451 2409 631 2480 applicuisset
642 2411 670 2466 in
680 2411 848 2480 Angliam,a
856 2427 921 2478 rege
934 2409 1134 2478 Estanglorum
1144 2407 1296 2462 Edmundo
1306 2408 1444 2474 inuentus,

252 2503 282 2553 ²5
295 2502 323 2546 et
337 2491 398 2560 ipso
412 2491 523 2547 iubente
535 2493 625 2548 fuerat
639 2494 808 2549 interiectus.
845 2495 882 2548 At
898 2491 935 2546 illi
954 2492 991 2546 de
1010 2499 1100 2544 morte
1119 2489 1266 2560 patrissui
1283 2491 1445 2560 perturbati,

294 2583 322 2628 et
340 2573 410 2628 alias
428 2591 461 2629 ex
479 2584 598 2644 patema
615 2577 833 2646 exprobracione
851 2585 879 2630 et
897 2573 1003 2628 inuidia
1021 2571 1197 2638 inflammati,
1216 2572 1378 2627 iurauerunt
1398 2591 1446 2644 per

295 2657 502 2727 omnipotentes
515 2659 584 2714 deos
598 2675 663 2714 suos
676 2658 753 2730 quod
766 2656 1015 2728 exprobracionem
1033 2655 1107 2710 illum
1126 2665 1154 2709 et
1166 2655 1254 2725 patris
1271 2654 1313 2709 sui
1326 2669 1445 2712 mortem

294 2757 351 2796 non
371 2740 558 2812 relinquerent
578 2741 730 2812 inpunitas.
761 2742 884 2796 Bernum
897 2755 1007 2810 quoque
1024 2747 1185 2792 venatorem
1203 2737 1250 2808 qui
1270 2737 1299 2792 in
1317 2740 1445 2794 nauicula

294 2823 381 2894 patris
394 2823 435 2878 sui
449 2825 611 2894 aduenerat,
623 2825 825 2881 constituerunt
837 2824 981 2878 ductorem
994 2837 1074 2876 suurn
1087 2831 1116 2874 vt
1129 2837 1159 2875 se
1170 2819 1199 2874 in
1211 2836 1308 2889 regem
1317 2821 1445 2876 Edmun-

249 2917 281 2966 30
294 2906 362 2962 dum
374 2905 556 2964 vindicarent.

293 3049 315 3110 il
331 3051 380 3105 Du
393 3061 544 3106 inventu
558 3050 725 3104 Diuonuu
740 3060 774 3102 111
788 3049 1093 3114 Esrsuonmu,ouos
1107 3055 1246 3100 seuerus
1259 3045 1445 3102 Enuuuous

493 3143 702 3188 exsuounnnr
720 3144 760 3186 nr
777 3143 817 3185 1111
835 3131 1017 3186 Esrnuonm
1035 3139 1243 3182 inuenisset.

494 3237 546 3290 Ex
555 3237 674 3291 ινσηὶαζτ
692 3235 814 3302 Weslm,
828 3235 893 3304 Ely,
907 3233 1050 3299 Houdene,
1063 3237 1091 3286 et
1102 3232 1245 3286 Mariani.

358 3341 424 3394 Nno
444 3340 526 3410 igitur
543 3341 580 3394 ab
599 3317 795 3394 incarnacione
814 3338 930 3405 domini,
944 3337 1026 3392 dccc⁰
1038 3337 1105 3403 lxv0,
1118 3345 1146 3390 et
1162 3353 1237 3390 anno
1254 3337 1334 3406 regni
1354 3337 1441 3393 sancti

393 3422 537 3476 Edmundi
559 3423 678 3490 decimo,
712 3425 820 3492 lngwar
849 3431 877 3476 et
904 3419 988 3474 Vbba
1018 3435 1082 3474 cnm
1114 3421 1214 3486 Bemn,
1244 3419 1442 3474 comitantibus

291 3505 403 3575 regibus
419 3504 537 3575 paganis
554 3507 704 3572 Halidene,
719 3504 838 3570 Oskitel‚
857 3505 976 3572 Bagseg,
996 3503 1116 3568 Hosten,
1133 3500 1242 3568 Eowils,
1260 3502 1397 3556 Hamund
1415 3512 1441 3557 et

292 3590 430 3655 Guthrun,
455 3604 519 3642 cum
544 3587 640 3656 viginti
666 3587 777 3642 utilibus
802 3596 973 3640 annatorum
992 3601 1069 3639 mare
1095 3601 1158 3638 cum
1183 3583 1303 3639 nauibus
1324 3584 1442 3654 ingressi

247 3679 276 3728 35
292 3689 388 3728 versus
407 3670 549 3740 regionem
571 3671 718 3741 Estanglie
741 3670 804 3724 vela
828 3669 987 3724 direxerunt
1011 3676 1039 3723 et
1064 3683 1151 3734 arma,
1175 3677 1206 3720 vt
1231 3683 1262 3721 se
1292 3666 1323 3721 in
1346 3685 1442 3737 regem

292 3755 483 3822 Edmundum,
504 3754 541 3808 de
559 3763 650 3808 morte
670 3753 718 3807 illa
737 3751 849 3823 penitus
869 3750 1019 3816 insontem,
1041 3751 1129 3804 vitum
1154 3749 1233 3803 irent.
1281 3751 1330 3804 Set
1352 3751 1441 3806 ventis

292 3839 319 3892 in
345 3837 514 3894 contrarium
537 3835 657 3890 classem
682 3835 889 3906 inpellentibus,
913 3834 942 3888 in
967 3832 1068 3888 Scocia
1097 3832 1174 3902 apud
1206 3832 1334 3888 Berwike
1359 3851 1442 3904 super

290 3922 425 3975 Twedam
445 3919 582 3990 compulsi
605 3929 670 3973 sunt
691 3917 841 3989 applicare,
859 3916 904 3971 vbi
926 3917 1140 3987 premeditatam
1163 3915 1297 3970 seuiendo
1318 3916 1439 3986 depopu-

291 4005 429 4059 lacionem
447 4003 655 4070 inchoauerunt,
668 4017 770 4072 pueros
786 4011 815 4056 et
828 4017 909 4055 senes
921 4016 1047 4070 quosque
1060 3998 1113 4054 sibi
1126 3998 1226 4053 obuios
1238 3998 1438 4068 iugulauerunt,

244 4097 276 4144 40
291 4085 516 4142 sanctimoniales
540 4085 661 4155 virgines
686 4094 714 4140 et
738 4095 882 4139 matronas
906 4082 1027 4137 ludibrio
1050 4082 1202 4136 tradendas
1226 4082 1439 4148 mandauemnt,

289 4170 423 4224 ecclesias
441 4179 469 4223 et
487 4167 658 4222 monasteria
675 4177 703 4222 et
722 4165 865 4221 ministros
884 4166 994 4220 illorum
1012 4165 1084 4220 ferro
1103 4175 1130 4220 et
1150 4165 1273 4219 flammis
1290 4181 1438 4234 consump-

290 4260 393 4306 serunt.
442 4250 544 4305 Omnis
568 4249 672 4320 quippe
696 4249 785 4317 nacio,
810 4249 902 4304 omnis
927 4247 1066 4318 condicio,
1091 4248 1184 4302 omnis
1214 4247 1362 4317 professio,
1385 4263 1437 4316 que

291 4333 433 4388 Christum
446 4333 639 4402 confitebatur,
647 4343 707 4388 erat
720 4331 774 4388 illis
787 4332 867 4404 quasi
879 4330 1008 4404 publicus
1020 4331 1115 4400 hostis,
1125 4331 1190 4402 quia
1203 4329 1233 4385 in
1245 4331 1331 4387 fidem
1343 4331 1436 4386 catho-
