3046 4902
283 203 355 298 586
716 195 920 299 stapehull·
946 197 1001 274 11.

281 401 385 458 Christi
408 399 572 456 senissimus
594 397 698 456 Christi
720 410 890 470 persecutor.
927 399 996 454 Ideo
1014 415 1066 469 pro
1083 398 1221 494 temporis
1241 409 1274 456 et
1298 417 1406 456 casus
1426 399 1464 452 in-

279 483 381 540 stantis
394 482 546 552 exigentia,
559 482 712 538 necessitas
725 499 825 576 urgens
843 481 1028 576 permutanda
1042 491 1086 536 est
1103 481 1131 536 in
1144 481 1297 548 nnutein,
1310 495 1348 539 et
1369 483 1465 538 hostis

279 567 435 620 vincendus
458 577 502 621 est
527 566 625 636 pocius
652 565 797 637 paciencia
820 583 906 636 quam
934 565 1020 632 ascia,
1046 565 1202 619 humilitate
1231 567 1341 658 magis
1375 583 1464 636 quani

279 649 417 718 pugione;
436 649 503 719 quia
518 665 572 703 nec
590 647 733 704 Christum
747 665 859 718 negare,
874 663 927 702 nec
946 646 1072 702 seruituti
1092 647 1188 702 addici
1210 647 1268 702 nisi
1289 649 1465 704 christiane

250 731 359 798 adecet
378 731 577 787 Christianum.
614 732 678 801 Ego
699 731 776 800 genti
796 731 890 786 inclite
906 731 951 784 cui
969 730 1099 802 presideo
1116 729 1184 800 quia
1202 731 1385 800 presidium
1407 747 1462 784 nco

279 830 395 884 possum
413 815 491 877 serre,
510 831 623 884 possum
642 831 693 884 pro
708 813 751 868 eis
766 825 795 869 et
815 831 879 868 cum
896 813 938 868 eis
956 823 1074 868 mortem
1095 813 1206 868 subire.'
1247 815 1314 868 Vix
1336 827 1462 870 sanctm

278 897 365 952 verba
386 898 592 968 compleuerat:
622 898 794 952 truculentus
820 897 930 966 lngwar
950 895 1103 951 adueniens
1125 895 1202 951 iubet
1229 895 1459 952 circumuallari

279 979 427 1050 palacium,
455 991 483 1034 et
513 997 609 1048 regern
638 997 690 1034 suo
717 979 848 1034 tribunali
879 979 946 1033 loris
973 978 1153 1032 constrictum
1181 980 1371 1048 presentari.
1413 977 1461 1033 tr
1488 1019 1489 1076 ,

278 1063 399 1116 umeri
417 1061 570 1133 [Westmn]
607 1063 729 1117 Sanctus
751 1061 843 1132 itaque
862 1079 909 1116 rex
929 1061 1096 1116 Edrnundus
1114 1079 1178 1115 curn
1197 1078 1230 1116 se
1251 1063 1294 1116 ab
1318 1063 1457 1118 hostibus
1488 1077 1489 1124 t

236 1159 267 1196 io
280 1143 403 1214 undique
421 1145 553 1199 vallatum
573 1153 774 1214 cognosceret:
800 1145 837 1199 de
852 1143 968 1198 consilio
987 1143 1145 1198 Hunbertbi
1164 1143 1303 1237 episcopi
1320 1141 1489 1214 consurgit
1488 1165 1489 1196 1

279 1225 317 1280 ad
333 1227 482 1282 ecclesiam
502 1237 531 1282 vt
546 1243 577 1282 se
594 1227 753 1281 membrum
769 1225 874 1281 Christi
891 1226 1068 1293 ostenderet,
1089 1235 1117 1280 et
1128 1243 1215 1280 arinis
1230 1229 1456 1298 temporalibus

278 1307 418 1380 proiectis,
437 1307 551 1364 celestia
572 1308 672 1376 induit,
692 1308 833 1364 humiliter
850 1319 959 1380 patrem
976 1319 1005 1363 et
1024 1309 1111 1363 tilium
1129 1325 1194 1362 cum
1213 1321 1328 1365 sancto
1353 1313 1456 1382 spiritu

278 1391 433 1461 deprecans
446 1402 476 1446 vt
492 1391 520 1446 in
538 1392 671 1462 passione
687 1408 739 1446 sua
756 1391 949 1446 constanciam
966 1400 995 1445 et
1013 1390 1185 1462 pacienciam
1203 1391 1261 1446 sibi
1280 1393 1456 1463 largiretur.

280 1473 368 1544 Igitur
386 1493 404 1529 a
423 1473 558 1530 ministris
580 1473 736 1546 iniquitatis
757 1474 794 1528 ab
815 1474 937 1529 ecclesia
956 1473 1118 1540 extrahitur,
1139 1471 1264 1528 vinculis
1283 1477 1455 1531 artioribus

236 1573 265 1624 ¹5
279 1567 386 1613 artatus
398 1557 605 1626 constringitur,
618 1569 701 1628 atque
718 1557 852 1612 innocens
869 1557 980 1611 ducitur
997 1567 1061 1610 ante
1077 1555 1193 1626 impium
1209 1556 1348 1612 iudicem
1369 1559 1454 1630 quasi

280 1639 409 1696 Christus
421 1650 486 1696 ante
501 1641 620 1696 Pilatum
633 1639 780 1712 presidem,
794 1641 910 1711 cupiens
922 1640 984 1694 eius
996 1640 1075 1709 sequi
1087 1639 1206 1708 vestigia
1217 1639 1268 1708 qui
1286 1657 1348 1710 pro
1367 1643 1453 1696 nobis

279 1723 439 1778 immolatus
456 1734 499 1779 est
519 1723 621 1778 hostia.
664 1723 866 1794 Warerigr'ord.
898 1723 935 1777 Et
950 1723 1055 1777 lactum
1070 1731 1112 1778 est
1133 1739 1197 1776 curn
1212 1733 1328 1778 astaret
1348 1742 1452 1779 coram
1488 1787 1489 1792 ἵ

281 1807 391 1876 lngwai·
408 1816 436 1862 et
456 1805 672 1876 interrogaretur
688 1805 712 1861 si
728 1805 869 1860 Christum
889 1805 1076 1872 confiteretur,
1095 1804 1250 1874 intrepidus
1270 1809 1451 1876 respondit:
1488 1807 1489 1864 3

279 1889 440 1944 ‘Confiteor
460 1889 551 1959 plane,
571 1897 598 1944 et
619 1887 732 1944 vnicum
754 1888 838 1944 deum
860 1887 930 1956 uolo,
952 1887 1037 1942 credo
1059 1887 1087 1940 in
1111 1887 1254 1943 Christum
1276 1889 1328 1942 dei
1356 1891 1450 1944 filium

235 1986 266 2022 ao
280 1969 456 2026 incarnatum
468 1971 505 2026 de
518 1971 616 2041 spiritu
629 1981 735 2038 sancto,
748 1987 782 2026 ex
794 1970 901 2040 virgine
918 1972 1011 2026 Maria
1028 1980 1135 2036 natum,
1148 1987 1198 2039 pro
1211 1969 1307 2026 salute
1320 1972 1448 2028 humani

278 2053 388 2122 generis
401 2053 569 2119 crucifixum,
582 2053 668 2110 tercia
680 2053 726 2108 die
739 2054 943 2121 resuscitatum,
956 2066 984 2108 et
997 2052 1212 2124 quadragesima
1228 2056 1445 2110 ascendentem

279 2133 307 2190 in
328 2135 441 2191 dextera
465 2137 510 2191 dei
535 2136 623 2206 patris
644 2137 818 2204 collocatum,
838 2147 866 2192 et
888 2137 917 2191 in
942 2137 997 2192 fine
1022 2136 1108 2192 seculi
1129 2145 1277 2191 ventirmm
1301 2138 1390 2194 riuos
1416 2149 1444 2194 et

279 2227 404 2272 mortuos
425 2217 619 2288 iudicaturtun,
640 2219 712 2274 bene
733 2217 891 2290 promeritis
911 2217 999 2274 vitain
1020 2229 1153 2288 eternam,
1171 2235 1229 2273 non
1250 2221 1442 2276 credentibus

278 2309 307 2354 et
327 2301 435 2370 perdite
452 2300 610 2356 uiuentibus
633 2300 782 2356 iehennam
802 2301 992 2368 redditurum
1011 2302 1048 2357 ab
1064 2299 1124 2356 eius
1142 2301 1257 2356 caritate
1274 2319 1336 2357 non
1354 2321 1440 2374 sepa·

235 2399 265 2450 ²⁵
279 2380 352 2438 rabit
375 2398 422 2438 me
446 2384 556 2453 gladius
585 2383 778 2454 persecutoris,
802 2401 859 2440 non
892 2384 1114 2439 blandimentum
1141 2383 1347 2454 promissionis,
1380 2405 1437 2444 non

278 2480 363 2531 mors,
376 2482 433 2520 non
448 2467 513 2532 uita,
526 2483 582 2521 non
595 2467 725 2538 preterita
736 2483 793 2523 non
809 2467 948 2522 instancia
959 2485 1017 2522 non
1029 2468 1121 2522 sutura
1133 2467 1305 2523 discrimina.
1345 2471 1435 2524 istam

278 2545 363 2600 fidem
389 2547 416 2602 in
438 2565 495 2619 qua
518 2549 630 2604 adoleui
654 2567 710 2604 non
735 2551 844 2617 desero,
869 2549 1037 2618 degenerem
1065 2549 1226 2605 seruitutem
1250 2567 1311 2604 non
1336 2553 1434 2618 subeo,

278 2627 424 2685 thesauros
445 2641 557 2687 nostros
578 2649 635 2687 non
660 2631 775 2687 dimidio
795 2643 838 2688 set
863 2632 985 2700 integros
1008 2649 1134 2702 expono;
1166 2632 1202 2688 de
1225 2633 1355 2689 donariis
1377 2635 1432 2690 tuis

279 2711 416 2769 ditescere
440 2715 552 2784 penitus
576 2732 685 2786 respuo,
708 2716 774 2786 quia
798 2716 836 2771 ad
860 2716 986 2786 pociores
1010 2715 1129 2772 diuitias
1153 2715 1257 2785 aspiro,
1282 2733 1355 2786 quas
1379 2733 1431 2771 nec

234 2813 266 2864 30
279 2805 404 2852 vetustas
428 2797 519 2853 reddit
544 2797 663 2866 viliores,
687 2815 740 2854 nec
763 2797 885 2852 habendi
910 2799 1062 2854 assiduitas
1089 2799 1276 2867 abiecciores;
1313 2816 1368 2870 que
1394 2799 1430 2856 de

279 2878 376 2934 innata
388 2881 526 2936 suauitate
543 2897 655 2950 semper
670 2881 798 2950 ingerunt
817 2880 995 2948 desiderium,
1008 2881 1045 2936 de
1059 2880 1193 2936 sacietate
1209 2881 1344 2936 continua
1358 2899 1429 2937 nuu-

279 2977 363 3032 quam
376 2973 511 3034 generant
523 2962 682 3030 fastidium3
701 2980 756 3035 que
771 2962 937 3034 principium
954 2973 1055 3018 norunt
1071 2972 1113 3018 set
1130 2962 1215 3017 finem
1231 2964 1357 3031 nullum;
1375 2981 1428 3035 que

279 3046 316 3100 de
329 3047 474 3116 temporali
487 3047 563 3102 dono
575 3062 628 3102 nec
645 3047 812 3116 proueniunt
825 3062 878 3102 nec
894 3047 931 3102 de
942 3046 1085 3100 voluntate
1097 3046 1239 3100 tolluntur.
1276 3047 1324 3100 De
1335 3057 1428 3102 cetero

280 3127 363 3198 igitur
382 3129 505 3200 profiteri
522 3128 667 3184 dominum
683 3146 767 3200 quem
783 3147 840 3184 non
856 3129 946 3184 habeo
963 3129 991 3183 in
1009 3128 1064 3184 lide
1080 3127 1197 3192 socium,
1214 3145 1268 3182 nec
1285 3130 1427 3199 sanguinis

235 3227 265 3278 35
279 3211 414 3283 permittit
433 3211 615 3283 generositas,
633 3227 685 3267 nec
705 3212 834 3266 alacritas
852 3212 916 3267 fidei
931 3211 1092 3267 christiane.
1127 3213 1202 3266 Toto
1226 3211 1311 3280 igitur
1330 3213 1426 3282 malig-

279 3293 376 3349 nitatis
401 3305 449 3352 tue
476 3295 636 3350 debachare
663 3295 770 3366 spiritu,
799 3304 827 3349 et
855 3295 980 3350 inuenies
1007 3311 1107 3349 manus
1135 3304 1198 3348 tuas
1224 3293 1363 3351 inualidas
1389 3297 1425 3351 ad

280 3375 425 3432 inferenda
437 3389 582 3446 tormenta,
595 3394 650 3448 que
662 3395 713 3448 pro
726 3377 781 3432 lide
795 3377 898 3433 Christi
911 3389 939 3433 et
952 3378 1047 3448 populi
1061 3375 1115 3432 mei
1131 3377 1259 3432 libertate
1275 3379 1425 3446 perieram.²

278 3457 302 3518 il
322 3459 369 3513 Ad
390 3460 442 3515 hec
461 3460 589 3516 tirannus
606 3462 698 3515 furore
717 3477 866 3516 succensus
886 3460 992 3530 pariter
1009 3473 1038 3516 et
1058 3459 1255 3529 indignacione
1277 3459 1422 3531 debriatus,

280 3540 360 3597 iussit
371 3542 492 3598 {ustibus
504 3543 566 3598 oedi
579 3551 708 3598 sanctum
725 3560 819 3612 regern
838 3543 1029 3599 Edmundum.
1064 3543 1183 3598 Vinctus
1199 3541 1294 3614 itaque
1310 3545 1423 3600 fustibus

234 3644 267 3693 40
279 3624 469 3680 crudelissime
483 3642 518 3680 ac
533 3625 689 3680 diutissime
707 3626 825 3694 ceditur,
841 3625 1030 3697 deficiuntque
1045 3625 1189 3681 carnifices
1207 3625 1236 3679 in
1254 3630 1421 3697 torquendo;

279 3717 322 3763 set
335 3718 450 3763 sanctus
461 3725 518 3762 non
536 3708 681 3764 lassescit¹
694 3707 723 3764 in
736 3709 842 3764 orando
859 3725 913 3764 nec
926 3709 1021 3764 delicit
1039 3709 1067 3763 in
1085 3708 1231 3779 paciendo,
1243 3717 1286 3763 set
1304 3711 1420 3767 dolorem

278 3808 392 3846 omnem
416 3791 507 3846 calore
531 3789 595 3846 fidei
620 3801 766 3860 temperat,
789 3801 818 3846 et
843 3791 986 3846 Christum
1009 3791 1149 3846 indelessa
1172 3807 1242 3846 voce
1266 3793 1420 3852 inclamitat.

281 3875 369 3930 Porro
380 3883 499 3929 tortores
511 3890 569 3928 non
582 3873 703 3929 ferentes
716 3875 886 3929 salutiferum
902 3891 1005 3930 nomen
1019 3873 1123 3929 Christi
1139 3875 1177 3928 ab
1191 3890 1226 3928 eo
1242 3874 1420 3934 indesinenter

280 3955 449 4024 inuocatum,
468 3956 506 4012 ad
525 3956 668 4024 quandam
685 3957 814 4012 arborem
832 3956 953 4012 vicinam
971 3957 1086 4027 alligant
1108 3956 1213 4013 Christi
1231 3959 1416 4026 confessorem,

233 4061 265 4111 45
280 4050 309 4095 et
329 4051 437 4096 stantes
454 4039 563 4095 eminus
583 4038 662 4109 quasi
681 4038 804 4094 ludendo
822 4039 860 4094 ad
878 4038 991 4109 signum
1009 4039 1124 4109 sagittas
1140 4039 1255 4096 mittunt
1270 4041 1308 4095 ad
1322 4042 1414 4111 regium

279 4139 390 4194 corpus,
411 4132 440 4179 et
459 4124 576 4180 vulnera
597 4121 760 4180 uulneribus
779 4121 937 4192 infligentes
958 4123 1102 4193 geminant
1124 4123 1253 4178 dolorem
1273 4139 1308 4179 ex
1328 4123 1413 4181 ictibus

752 4227 762 4258 ¹
779 4229 835 4282 its.
847 4229 958 4281 mcii.
