3036 4878
256 227 328 315 648
683 217 885 320 flppenuit
913 220 966 296 ll.

254 433 439 482 excrustatam
465 423 603 490 uidentes,
628 433 656 479 et
680 424 881 494 turpitudinem
906 423 1109 480 combustionis
1133 423 1339 479 abhorrentes:
1370 425 1420 478 de

255 509 396 563 communi
413 507 540 574 consilio,
553 507 690 562 accersito
707 509 780 562 clam
798 507 947 573 aurifabro,
959 507 1080 562 laminas
1099 505 1231 576 coniungi
1243 507 1364 561 fecimus
1378 519 1418 561 et

254 590 359 662 apponi
375 591 475 645 feretro
491 591 553 646 sine
570 588 717 658 dilacione,
731 601 844 661 propter
860 589 1043 658 scandalum3
1062 588 1182 659 vestigia
1198 605 1311 659 quoque
1329 607 1416 643 com-

255 673 393 730 bustionis
413 690 478 728 cera
498 673 541 738 vel
565 673 621 728 alio
646 674 732 728 modo
757 673 892 744 cooperiri
916 672 1041 727 fecimus.
1088 673 1137 727 Set
1160 681 1232 727 teste
1255 672 1416 740 euangelio

227 765 241 815 t
255 757 356 812 ‘nichil
369 767 497 828 opertum
509 757 586 827 quod
598 773 654 811 non
668 757 853 812 reuelabitur.’
878 755 1031 811 Venientes
1043 771 1154 810 summo
1167 771 1251 809 mane
1264 754 1416 823 peregrini

255 839 384 907 oblaturi,
402 839 489 894 nichil
508 838 710 895 combustionis
729 847 932 909 perceperunt:
963 837 1081 908 quidam
1102 846 1197 892 tamen
1222 835 1416 891 circumcirca

254 923 403 990 intuentes,
413 923 566 992 querebant
576 922 622 976 vbi
632 922 682 977 fuit
692 921 765 990 ignis
773 937 857 993 quem
870 922 945 976 circa
953 921 1085 976 feretrum
1094 917 1171 974 esse¹
1182 919 1239 974 iam
1248 919 1415 974 audierant.

256 1006 382 1076 Cumque
395 1004 478 1060 celari
492 1021 549 1060 non
561 1004 660 1074 potuit,
674 1021 839 1074 responsum
847 1013 890 1058 est
900 1002 1090 1074 querentibus,
1100 1000 1248 1057 candelam
1257 1001 1413 1070 cecidisse,

255 1097 284 1142 et
297 1087 350 1142 tria
363 1087 537 1157 manutergia
550 1085 635 1142 fuisse
648 1087 804 1153 combusta,
817 1095 844 1140 et
857 1085 894 1140 ad
914 1085 986 1155 ignis
1002 1085 1131 1140 ardorem
1144 1083 1254 1154 lapides
1264 1086 1414 1154 quosdam

213 1185 243 1220 ιο
255 1169 284 1224 io
300 1170 390 1225 fronte
402 1169 495 1224 feretri
513 1169 664 1240 deperisse.
703 1167 841 1238 Fingebat
859 1179 953 1224 tamen
971 1168 1048 1222 fama
1065 1167 1186 1222 mendax
1203 1168 1295 1238 capud
1314 1168 1414 1222 sancti

256 1268 319 1306 esse
345 1253 531 1320 combustum,
558 1252 673 1322 quidam
697 1263 791 1307 autem
817 1251 949 1306 dicebant
974 1251 1088 1321 capillos
1112 1260 1223 1304 tantum
1243 1267 1308 1305 esse
1330 1268 1412 1306 com-

256 1335 374 1389 bustos:
394 1344 437 1388 set
455 1333 567 1402 cognita
585 1335 765 1404 postmodum
782 1334 909 1403 veritate,
922 1335 1095 1389 obstructum
1113 1343 1156 1388 est
1174 1350 1207 1387 os
1225 1333 1411 1404 loquencium

255 1415 461 1486 iniqua-Hec
476 1416 573 1470 omnia
589 1417 665 1470 facta
681 1427 746 1470 sunt
762 1415 928 1486 prouidente
940 1414 1095 1483 Altissirn0‚
1114 1427 1144 1470 ut
1162 1417 1224 1470 loca
1240 1415 1317 1470 circa
1334 1417 1411 1471 fere·

255 1507 328 1552 trum
342 1497 430 1554 sancti
444 1498 486 1552 sui
500 1498 645 1554 honestius
663 1495 905 1569 custodire[n]tur‚
918 1509 945 1554 et
958 1509 988 1553 ut
1005 1498 1178 1569 propositum
1191 1498 1304 1553 abbatis
1319 1499 1411 1554 cicius

210 1598 240 1648 15
254 1590 282 1636 et
295 1581 355 1636 sine
368 1581 507 1637 dilacione
517 1581 643 1636 debitum
656 1581 740 1635 finem
753 1581 905 1648 sortiretur,
913 1581 1043 1636 videlicet
1052 1591 1082 1636 vt
1095 1580 1186 1651 ipsum
1196 1580 1329 1636 feretnrm
1343 1599 1411 1636 cum

255 1680 370 1734 corpore
389 1665 478 1719 sancti
497 1665 618 1720 martiris
637 1663 783 1734 gloriosius
801 1673 829 1718 et
848 1664 970 1719 securius
989 1664 1017 1718 in
1036 1665 1099 1718 loco
1116 1663 1298 1718 eminenciori
1318 1681 1411 1734 pone·

255 1758 339 1802 retur.
376 1747 450 1816 Quia
468 1756 620 1818 antequam
639 1747 694 1801 hoc
713 1745 870 1816 predictum
890 1746 1070 1800 infortunium
1091 1745 1202 1812 accidit,
1222 1745 1279 1800 iam
1301 1745 1411 1802 crista¹

254 1830 347 1885 feretri
367 1847 453 1901 vsque
471 1831 509 1884 ad
528 1827 709 1884 medietatem
727 1829 802 1884 facta
820 1829 879 1894 fuit,
898 1838 927 1883 et
943 1827 1053 1898 lapides
1071 1827 1219 1884 marmorei
1237 1828 1276 1882 ad
1294 1831 1412 1884 eleuan-

255 1913 324 1966 dum
342 1922 370 1967 et
389 1911 581 1967 sustinendum
602 1911 734 1966 feretrum
754 1927 789 1965 ex
809 1921 889 1981 parte
910 1927 1014 1980 magna
1032 1911 1121 1982 parati
1141 1921 1169 1967 et
1187 1911 1267 1981 politi
1286 1912 1412 1966 fuerant.

212 2016 243 2051 ro
256 1994 361 2049 Audito
379 1995 433 2050 hoc
454 1993 622 2049 infortunio:
643 1994 725 2048 valde
741 1993 855 2048 dolebat
869 1993 960 2048 abbas
978 1993 1045 2064 qui³
1064 2003 1131 2048 tunc
1148 1993 1252 2048 absens
1270 2005 1353 2062 erat;
1381 2007 1412 2052 et

256 2076 371 2132 veniens
383 2077 506 2146 domum,
519 2087 547 2132 et
565 2075 714 2146 capitulum
731 2075 846 2143 intrans,
860 2077 913 2131 bec
930 2085 958 2130 et
972 2075 1129 2131 consimilia
1145 2087 1173 2130 et
1191 2076 1281 2131 eciam
1298 2078 1413 2134 maiora

256 2159 379 2230 pericula
397 2157 465 2214 dixit
483 2175 566 2230 posse
584 2157 696 2213 euenire
715 2167 829 2228 propter
849 2169 965 2228 peccata
981 2168 1087 2223 nostra,
1105 2169 1133 2214 et
1154 2160 1273 2214 maxime
1291 2171 1414 2230 propter

256 2242 494 2298 murmuraciones
517 2241 554 2296 de
573 2239 636 2296 cibo
658 2250 685 2295 et
706 2250 782 2312 potu.
820 2241 942 2310 Quidam
962 2241 1036 2296 enim
1062 2241 1216 2296 monachus
1238 2255 1343 2311 noster,
1364 2261 1412 2298 re-

257 2324 372 2392 ligiosus
396 2325 487 2388 valde,
513 2323 626 2379 modico
650 2332 775 2394 tempore
804 2324 972 2393 precedente
998 2341 1048 2393 per
1076 2323 1211 2380 visionem
1235 2325 1307 2380 vidit
1331 2327 1413 2396 quod

213 2427 243 2476 ²5
259 2416 371 2460 sanctus
395 2407 492 2462 martir
516 2406 684 2461 Edmundus
709 2405 857 2460 videbatur
880 2417 959 2460 extra
987 2406 1117 2461 feretrum
1146 2423 1227 2462 suum
1258 2407 1350 2464 iacere
1381 2423 1414 2465 et

256 2487 394 2556 gemendo
408 2487 501 2542 dicere
514 2505 545 2542 se
557 2487 658 2558 pannis
678 2488 735 2542 suis
751 2488 944 2558 exspoliatum,
957 2499 985 2543 et
1002 2489 1200 2544 macilentum⁴
1216 2507 1280 2545 esse
1292 2490 1369 2548 fame
1382 2505 1413 2548 et

258 2567 313 2637 siti,
332 2578 360 2624 et
382 2585 464 2624 suum
486 2569 653 2626 cimiterium
672 2579 699 2624 et
722 2570 793 2624 atria
814 2570 931 2626 ecclesie
953 2589 1002 2626 sue
1022 2571 1190 2641 necligenter
1211 2583 1240 2626 et
1259 2573 1414 2632 inhoneste

258 2649 400 2706 custodiri.
438 2653 476 2707 Et
495 2653 549 2707 hoc
569 2653 728 2723 sompnium
747 2654 835 2708 abbas
854 2654 980 2725 exposuit
998 2655 1052 2708 hoc
1070 2654 1171 2709 modo:
1191 2657 1331 2712 ‘Sanctus
1348 2659 1413 2714 Ed-

258 2735 378 2788 mundus
394 2735 500 2789 nudum
520 2753 550 2789 se
567 2735 666 2790 asserit
684 2735 750 2806 quia
768 2753 877 2805 pannos
889 2747 996 2792 vestros
1015 2746 1124 2792 ueteres
1142 2739 1306 2794 subtrahitis
1325 2741 1414 2798 nudis

213 2847 245 2898 ³0
259 2815 434 2888 pauperibus,
443 2828 471 2872 et
482 2817 561 2872 inuiti
571 2817 644 2872 datis
655 2819 730 2888 quod
743 2818 811 2872 dare
824 2819 941 2886 debetis,
948 2828 975 2874 et
989 2820 1024 2874 de
1037 2819 1100 2874 cibo
1111 2829 1140 2875 et
1153 2818 1189 2874 de
1198 2831 1267 2891 potu
1279 2822 1415 2880 similiter

258 2900 443 2956 murmuratis.
481 2899 600 2956 Desidia
611 2899 702 2956 eciam
714 2910 741 2955 et
754 2900 928 2971 necligencia
940 2901 1055 2956 sacriste
1066 2912 1094 2957 et
1107 2901 1245 2957 sociorum
1257 2905 1318 2959 eius
1331 2916 1415 2975 patet

258 2998 292 3036 ex
306 2983 409 3038 recenti
424 2982 574 3038 infortunio
586 2982 788 3038 combustionis
800 3000 854 3053 que
866 2983 916 3038 fuit
930 2982 1002 3038 inter
1012 2984 1143 3038 feretrum
1155 2995 1184 3040 et
1197 2986 1301 3041 altare’

271 3087 437 3154 Quntrrsa
456 3089 604 3143 Snutrsou
623 3099 718 3141 nasus
735 3099 857 3143 consus
876 3099 986 3142 snucrr
1007 3089 1164 3143 Eouunor
1184 3087 1337 3161 [rariori]
1359 3104 1403 3147 ur

647 3186 736 3228 vrorr
754 3170 1015 3231 mcoaaurruul.

686 3321 769 3377 Gitur
790 3322 1035 3395 appropinquante
1056 3324 1128 3379 festo
1150 3323 1239 3379 sancti
1263 3324 1414 3381 Edmundi

719 3421 795 3459 anno
820 3406 987 3476 supradicto,
1011 3406 1088 3476 politi
1114 3418 1178 3462 sunt
1203 3407 1312 3479 lapides
1338 3427 1413 3464 mar·

215 3503 244 3552 35
259 3483 353 3550 morel,
367 3494 395 3538 et
407 3493 505 3553 parata
518 3495 583 3540 sunt
595 3487 689 3542 omnia
701 3488 739 3542 ad
754 3488 944 3543 eleuacionem
959 3488 1059 3544 feretri.
1098 3491 1246 3545 Celebrato
1261 3491 1348 3559 igitur
1366 3493 1413 3548 die

259 3565 321 3621 festi
342 3565 377 3635 vj.
396 3566 472 3632 feria,
492 3577 625 3637 sequente
647 3570 693 3624 die
714 3569 856 3625 dominica
876 3571 1012 3626 indictum
1030 3583 1072 3626 est
1093 3571 1252 3628 triduanum
1274 3573 1413 3630 ieiunium

259 3647 370 3719 populo,
390 3648 490 3719 quibus
509 3659 536 3704 et
555 3659 669 3706 ostensa
686 3663 729 3707 est
748 3653 858 3723 publice
876 3671 962 3708 causa
981 3653 1082 3710 ieiunii.
1118 3656 1217 3710 Abbas
1234 3667 1329 3711 autem
1347 3675 1413 3728 pre-

259 3732 327 3786 dixit
340 3731 487 3787 couuentui
500 3741 530 3786 vt
543 3749 573 3786 se
586 3745 766 3804 prepararent
779 3737 816 3790 ad
832 3737 1053 3791 transferendum
1069 3753 1169 3807 corpus
1185 3748 1267 3793 nocte
1283 3739 1414 3809 proxima

259 3825 323 3885 post
336 3814 475 3881 ieiunium,
487 3825 515 3870 et
527 3815 565 3869 ad
578 3817 802 3872 transferendum
813 3819 942 3874 feretrum
956 3828 984 3874 et
1001 3819 1211 3874 consistendum
1230 3837 1315 3892 super
1331 3839 1413 3893 mag·

214 3921 247 3968 40
259 3914 327 3952 num
339 3899 425 3952 altare
438 3899 528 3954 donec
539 3899 670 3954 machina
683 3901 853 3956 cementaria
865 3902 1058 3972 perficeretur;
1078 3913 1106 3957 et
1123 3912 1234 3972 tempus
1249 3912 1276 3958 et
1294 3906 1414 3960 modum

259 3979 367 4050 prefixit
389 3980 425 4034 ad
445 3981 501 4035 tale
519 3998 597 4051 opus.
636 3984 707 4038 Cum
726 4001 793 4053 ergo
815 3983 988 4039 venissemus
1009 3984 1055 4038 illa
1076 3995 1159 4040 nome
1179 3986 1217 4038 ad
1238 3987 1411 4045 matutinas:

223 3351 226 3356 ¹
294 3359 346 3414 Ex
356 3362 474 3414 crunim
485 3360 609 3415 Incelr'nr‘.
652 3321 678 3446 Ι

291 4148 300 4178 ¹
317 4151 351 4198 nl.
365 4150 446 4200 fuisse.
564 4151 574 4181 ¹
592 4152 653 4204 'l'his
665 4163 726 4204 crest
738 4154 759 4204 is
770 4154 883 4219 depicted
895 4155 921 4204 in
932 4155 974 4204 the
987 4153 1061 4207 Harl.
1072 4155 1127 4206 MS.
1139 4155 1169 4205 of
1177 4155 1311 4220 Lydgate’s
1322 4158 1347 4208 S.
1361 4161 1411 4208 Ed·

257 4213 413 4328 ffiffiffi
453 4215 613 4282 'MS.quin
728 4218 996 4272 ‘MS.maculentum.
1107 4221 1412 4288 ⁵Sempsoowesabbot
