3054 4904
288 310 356 380 128
594 307 726 394 liuba
750 303 941 408 leuctrha
965 303 1114 408 unqua

753 529 778 589 ll
796 525 960 585 Narran‘o'.

316 635 412 704 Venit
425 649 518 705 abbas
533 647 627 704 Ysaac
644 647 675 704 in
689 649 950 722 congregationem
964 650 1089 706 fratrum
1102 659 1131 707 et
1144 648 1217 707 vidit
1229 651 1382 723 quendam
1395 669 1436 708 ex

282 734 423 792 fratribus
448 735 635 808 culpabilem,
657 745 686 792 et
711 736 889 794 adiudicauit
913 756 991 796 eum.
1028 738 1104 794 Cum
1129 748 1229 794 autem
1254 738 1370 795 exisset
1396 739 1435 794 ad

282 823 448 892 heremum,
472 824 554 879 venit
583 824 708 897 angelus
734 825 846 881 domini
871 836 901 882 et
926 825 1006 882 stetit
1030 837 1099 882 ante
1124 827 1233 882 ostium
1257 825 1333 882 celle
1357 827 1435 894 eiuS,
1494 867 1498 874 .

281 911 403 968 dicens:
430 911 512 967 ‘Non
532 919 562 967 te
581 912 697 968 dimitto
715 911 846 970 intrare!
884 913 938 970 illo
959 923 1059 969 autern
1079 931 1200 969 causam
1219 923 1375 986 querente,
1395 913 1435 970 ait

253 1019 267 1068 5
281 999 423 1072 angelus:
445 999 545 1055 ‘Deus
563 1017 611 1056 me
627 999 707 1056 misit
719 1009 751 1056 vt
764 1001 895 1057 dicerem
908 1001 978 1058 tibi:
998 1002 1046 1057 vbi
1066 1001 1152 1058 iubes
1166 1011 1196 1057 vt
1215 1001 1330 1058 mittam
1347 1000 1435 1057 illum

282 1086 403 1144 fratrem
417 1087 595 1160 culpabilem
609 1105 699 1161 quem
713 1089 888 1145 adiudicasti
898 1093 923 1145 i'
961 1089 998 1145 Et
1016 1089 1116 1145 statim
1130 1090 1222 1145 abbas
1235 1088 1435 1160 penitentiam

281 1175 350 1248 egit,
372 1175 492 1232 dicens:
520 1175 681 1232 ‘Peccaui:
707 1176 830 1249 ignosce
852 1176 943 1233 mihi!
980 1175 1017 1234 Et
1038 1177 1113 1232 dixit
1134 1177 1277 1250 angelus:
1308 1177 1436 1250 ‘Surge,

282 1263 434 1336 ignoscet¹
455 1263 507 1320 tibi
525 1265 617 1333 deus;
644 1273 674 1320 et
696 1265 812 1321 custodi
834 1265 872 1320 de
894 1273 995 1321 cetero
1017 1281 1055 1320 ne
1076 1263 1228 1321 adiudices
1249 1282 1435 1337 quemquam

281 1351 455 1424 priusquam
469 1352 544 1408 deus
557 1351 705 1408 adiudicet
719 1369 787 1408 eum
797 1351 821 1407 ’Β

425 1520 479 1590 Dr
499 1549 613 1588 seuero
635 1519 773 1588 Krrrnrro
793 1549 855 1589 eurr
874 1549 970 1590 socrrs
988 1549 1054 1590 surs
1074 1549 1262 1590 nnnrrrusus
1270 1533 1289 1590 ⁴.

238 1671 269 1708 ιο
343 1655 436 1711 Eatus
462 1653 608 1722 Kilianus,
632 1671 745 1728 genere
771 1653 938 1723 Scotorum,
963 1653 1113 1711 nobilibus
1137 1664 1220 1711 ortus
1245 1655 1435 1728 parentibus,

377 1743 478 1800 diuine
503 1752 603 1800 tamen
623 1741 718 1814 gratie
738 1741 833 1798 factus
854 1751 901 1798 est
925 1741 1077 1798 nobilitate
1102 1741 1293 1799 clarissimus.
1330 1743 1391 1812 Qui
1417 1762 1436 1800 a

281 1829 407 1902 pueritia
420 1831 592 1886 liberalibus
606 1829 712 1886 studiis
725 1831 858 1898 traditus,
872 1831 960 1886 siruul
974 1847 1042 1886 cum
1059 1829 1224 1886 litterarum
1236 1830 1434 1888 incrementis

281 1918 440 1990 diligenter
459 1918 538 1974 viam
563 1917 642 1990 cepit
667 1918 809 1989 indagare
833 1917 975 1974 veritatis.
1012 1917 1149 1974 Tandem
1174 1917 1370 1991 preueniente
1398 1937 1435 1976 se

280 2007 375 2078 gratia
394 2005 452 2074 dei,
465 2007 575 2078 spretis
593 2005 792 2061 humanarum
810 2005 978 2060 litterarum
997 2005 1103 2061 studiis
1122 2005 1321 2078 omnibusque
1342 2005 1434 2062 huius

238 2115 266 2164 15
281 2094 385 2150 mundi
404 2094 561 2163 illecebris,
575 2091 789 2148 monasterium
803 2091 895 2164 petiit,
910 2091 1069 2164 abnegauit
1081 2093 1216 2166 seipsum
1229 2093 1285 2149 sibi
1303 2093 1434 2166 tulitque

280 2198 399 2238 crucem
410 2197 495 2237 suam
507 2179 559 2253 [et]
571 2189 716 2252 sequutus
729 2189 775 2235 est
784 2179 947 2236 Christum.
972 2178 1007 2234 ln
1018 2179 1199 2236 monasterio
1207 2180 1295 2252 igitur
1304 2181 1433 2252 positus,

280 2277 391 2341 quante
400 2267 578 2336 obedientie,
587 2276 697 2340 quante
706 2265 821 2338 fu[er]it
829 2267 994 2339 vigiliarum
1003 2276 1033 2322 et
1041 2267 1206 2323 orationum
1216 2267 1433 2336 instantie‚vite

280 2357 427 2413 terminus
449 2355 618 2412 declarauit.
656 2355 801 2424 Quamuis
827 2355 908 2410 enim
933 2354 1056 2410 martirii
1081 2354 1199 2427 palma⁶
1223 2372 1278 2426 per
1302 2355 1433 2426 gratiam

281 2443 377 2517 magis
390 2461 479 2516 quarn
495 2460 551 2516 per
566 2444 705 2499 meritum
723 2449 846 2511 constat,
860 2442 948 2498 bonis
965 2451 1064 2498 tamen
1080 2441 1261 2514 adimpletur
1277 2444 1434 2514 operibus.

237 2555 267 2592 20
280 2531 427 2587 Videntes
437 2531 525 2604 igitur
534 2529 705 2587 monasterii
714 2529 821 2586 fratres
830 2529 859 2584 in
868 2529 1010 2585 virtutum
1020 2528 1203 2601 profectibus
1211 2530 1289 2586 beati
1297 2531 1354 2586 viri
1363 2549 1433 2604 per·

281 2617 489 2688 seuerantiam,
499 2620 596 2690 primo
606 2634 674 2673 eum
683 2617 693 2648 ⁸
701 2634 757 2689 per
765 2615 982 2674 ecclesiasticos
992 2617 1102 2688 gradus
1112 2617 1159 2688 [ad
1171 2618 1413 2690 presbyteratus]
1423 2619 1433 2650 ⁷

281 2706 411 2762 officium
430 2705 572 2778 precibus
590 2707 764 2774 ascendere,
784 2705 894 2760 deinde
914 2703 1048 2760 eiusdem
1075 2705 1248 2761 monasterii
1273 2705 1433 2776 regiminis

280 2810 383 2850 curam
397 2811 518 2850 sumere
531 2801 701 2865 coegerunt.
746 2791 800 2848 lile
813 2802 923 2859 autern,
940 2793 1039 2848 sciens
1051 2792 1265 2864 perfectionem
1279 2793 1434 2851 charitatis

280 2883 346 2938 sine
354 2881 483 2954 proximi
497 2881 655 2937 dilectione
668 2879 800 2952 perfecte
808 2889 888 2936 stare
902 2897 962 2935 non
973 2897 1071 2952 posse,
1080 2897 1188 2952 passus
1198 2890 1244 2937 est
1254 2881 1285 2937 in
1298 2881 1434 2953 propriis

235 2988 265 3038 25
280 2987 314 3026 se
327 2969 540 3043 aliquantulum
557 2969 747 3036 minoremve
757 2967 881 3024 fratrum
892 2967 1039 3040 prodesse
1047 2976 1151 3039 posset
1161 2967 1285 3037 utilitati,
1296 2969 1433 3028 imitatus

279 3056 681 3130 apostolorum⁸c0nsi1ium
753 3043 974 3112 Verumtamen
988 3071 1055 3112 curn
1070 3053 1150 3111 fama
1162 3056 1257 3111 sancti
1268 3055 1325 3112 viri
1340 3057 1433 3130 longe

279 3146 397 3219 lateque
414 3147 629 3213 crebresceret,
643 3153 780 3200 metuens
796 3145 913 3216 ipsene
927 3143 1079 3215 popularis
1093 3143 1177 3199 fauor
1189 3143 1356 3200 maculam⁸
1373 3147 1432 3203 sibi

278 3234 427 3306 infigeret,
453 3233 531 3305 cepit
557 3231 693 3288 meditari
718 3231 846 3304 qualiter
870 3238 956 3286 notos
981 3240 1011 3286 et
1036 3230 1221 3303 propinquos
1245 3231 1432 3304 relinqueret

279 3330 455 3393 peteretque
475 3321 564 3392 longe
584 3321 697 3392 positas
715 3329 821 3390 terras,
842 3317 892 3375 vbi
914 3319 1058 3374 obscurus
1078 3317 1157 3374 fama
1177 3328 1207 3376 et
1226 3317 1293 3375 vilis
1316 3337 1432 3392 genere

235 3425 267 3474 30
279 3417 382 3481 posset
405 3408 518 3478 haberi,
537 3425 596 3480 quo
618 3407 740 3463 liberius
762 3407 872 3463 diuinis
893 3406 1020 3462 cultibus
1042 3415 1167 3463 vacaret
1207 3405 1432 3466 Deliberatione

278 3505 280 3512 ‚
313 3529 379 3579 ¹Ex
389 3531 441 3579 Vit.
454 3529 521 3580 Patr.
536 3545 585 3592 910
599 3532 752 3594 (repeated).
819 3529 897 3578 ¹VP.
910 3529 1026 3591 ignoscit.

311 3593 321 3622 ⁸
340 3596 439 3645 Collect
450 3597 476 3644 in
489 3596 518 3644 T.
528 3614 534 3646 :

310 3658 392 3719 Alme
411 3671 497 3733 presul
515 3671 683 3733 Kentegerne
704 3670 805 3719 laudum
826 3669 904 3731 digne
924 3669 1011 3730 iubilo,
1031 3667 1082 3728 Qui
1103 3671 1162 3718 dum
1183 3669 1268 3718 lumen
1289 3671 1432 3722 tenebroso

278 3737 400 3800 prebuisti
418 3737 521 3799 populo,
535 3737 593 3784 Lux
610 3736 728 3786 scintillis
743 3737 898 3799 splenduisti
914 3737 1010 3786 crebris
1026 3734 1052 3780 in
1070 3737 1232 3786 candelabro.
1265 3736 1323 3784 Tibi
1341 3737 1433 3788 laudes

278 3807 446 3854 decantantes
466 3811 616 3866 representa
633 3804 745 3852 domino.
790 3802 830 3852 Ps
848 3802 977 3866 M[agno].
1022 3789 1223 3853 sacrosanctam
1244 3801 1433 3862 Kentegernus

279 3886 386 3920 seruans
407 3869 595 3932 parsimoniam,
617 3869 701 3928 Fame,
720 3869 804 3917 sitiet
824 3867 913 3929 algore
930 3867 986 3918 eius
1004 3867 1075 3931 pauit
1093 3868 1211 3922 animam,
1233 3867 1299 3914 Dum
1323 3869 1363 3925 [T.
1386 3869 1430 3919 Eu

278 3937 304 3985 in
322 3937 394 3999 aquis
408 3936 556 3984 decantaret
573 3935 673 3996 frigidis
690 3935 837 3996 psalterium
851 3935 937 3996 Atque
949 3945 980 3995 rr.
993 3935 1043 3990 Acl
1056 3933 1112 3982 cibo
1127 3933 1315 3994 (quadriduano
1328 3935 1432 3984 foueret

279 4003 477 4065 corpusculum).
521 4001 621 4064 (Ipsum
642 4015 733 4049 omnes
755 4000 955 4061 proclalmernus
975 4009 1043 4062 cugm
1064 4014 1168 4060 precum
1191 4000 1317 4048 instancia
1339 4001 1375 4050 Vt
1398 4003 1431 4051 de

279 4069 368 4117 mortis
380 4077 450 4116 torre
462 4069 537 4116 ducat
549 4083 597 4115 nos
609 4067 641 4114 ad
654 4067 701 4115 ccli
713 4066 812 4126 gaudia.
847 4064 887 4112 Ps.
901 4065 1011 4128 Bened.)
1048 4065 1096 4130 (Cf.
1111 4063 1206 4114 Forbes
1218 4081 1241 4126 p.
1256 4065 1298 4114 C.l

281 4173 284 4178 .
311 4133 400 4182 ⁴This
417 4141 472 4182 text
490 4134 511 4182 is
528 4133 645 4194 wanting
662 4132 688 4180 in
705 4131 735 4180 T.
770 4131 791 4179 lt
812 4131 834 4178 is
852 4130 904 4178 abr.
925 4131 990 4180 from
1008 4133 1052 4180 the
1071 4129 1131 4180 Vita
1146 4131 1171 4180 in
1193 4129 1247 4180 MS.
1269 4129 1344 4179 Harl.
1363 4133 1430 4181 2801

280 4199 323 4260 <ra
335 4207 425 4262 cent),
436 4200 476 4248 ed.
493 4199 520 4247 in
536 4197 654 4248 Canisius
670 4197 732 4246 nne
749 4197 820 4246 Lect.
841 4195 1204 4258 IV.625,A.ss.Bou.1u1y
1220 4195 1255 4245 11.
1267 4212 1292 4258 p.
1303 4197 1368 4258 615:
1387 4199 1432 4248 the

278 4263 338 4313 Vita
358 4265 380 4313 is
400 4265 515 4314 ascribed
534 4271 561 4312 to
582 4264 712 4326 Egiiward
731 4263 761 4311 of
775 4262 813 4310 St.
834 4261 973 4324 Burchard,
993 4261 1147 4324 Wurzburg.
1233 4261 1289 4311 ιΕ.
1311 4263 1432 4324 palmam
1516 4259 1517 4278 ¹

278 4327 333 4379 ⁸E.
347 4346 412 4379 cum.
489 4329 565 4380 'om
580 4331 605 4378 in
618 4329 646 4377 T.
661 4329 689 4378 E.
772 4327 1014 4390 'Vit.apostolum,
1028 4343 1162 4378 consoni.
1241 4325 1318 4378 ’vn
1330 4331 1432 4378 macule

278 4411 374 4457 rugam.
