3012 4898
372 313 447 410 Dc
471 310 615 403 &auc
638 311 728 408 θεῖ
752 311 946 404 uotum.
1159 337 1230 410 343

65 529 160 572 anno
173 513 289 573 domini
304 513 465 573 millesimo
476 514 641 572 centesimo
653 514 901 589 quinquagesimo
914 532 1002 587 nono,
1016 512 1144 588 septimo
1157 513 1230 574 ldus

68 592 373 678 iunii—Quidam
387 604 426 660 ab
437 612 522 660 vtero
534 604 639 659 matris
656 621 712 660 sue
723 612 825 662 mutus
837 604 969 673 effectus,
981 604 1012 661 in
1026 620 1136 677 magno
1148 601 1230 660 luctu

68 700 106 746 et
119 691 338 748 lamentatione
350 708 440 764 opem
452 690 548 748 sancti
556 690 672 747 Thome
685 690 815 748 martiris
828 691 879 748 diu
891 691 1114 764 perseuerando
1126 699 1230 763 postu·

68 777 159 835 lauit.
198 777 254 835 Cui
270 786 393 836 sanctus
406 777 540 836 Thomas
554 777 586 834 in
597 777 664 835 visu
676 795 836 852 apparens,
849 778 940 836 dixit:
961 777 1076 851 ‘Surge
1088 776 1231 835 velociter

69 875 106 921 et
119 867 160 922 ad
171 865 520 923 Nouum-monasterium
534 865 703 923 festinando
713 867 904 940 progredere,
913 875 941 923 et
954 875 1085 923 asancto
1095 865 1230 922 Roberto
1244 872 1258 923 5

69 953 160 1010 illius
185 952 241 1011 loci
265 954 372 1011 abbate
396 953 546 1026 loquelam
570 961 601 1010 et
624 953 788 1026 perlectam
813 953 972 1011 sanitatem
996 953 1071 1010 nihil
1095 952 1230 1010 hesitans

70 1041 292 1114 consequeris’
329 1040 383 1098 Ille
401 1040 524 1099 veroin
542 1042 633 1099 corde
651 1057 705 1098 suo
724 1058 924 1111 murmurans,
939 1040 1030 1098 dixit:
1051 1039 1142 1111 ‘Quis
1161 1057 1230 1113 pre-

71 1128 161 1186 bebit
192 1130 352 1186 ducatum?
385 1127 453 1202 quis
483 1127 636 1186 exhibebit
666 1127 843 1186 viaticumt’
892 1127 1021 1186 Sanctus
1057 1127 1229 1202 respondit:

71 1215 152 1274 ‘Ille
174 1215 229 1273 tibi
249 1217 354 1273 ductor
374 1215 431 1273 crit
450 1215 501 1288 qui
520 1215 614 1272 verbo
633 1224 740 1273 cuncta
761 1214 891 1273 creauit’
928 1214 1062 1272 Credidit
1081 1214 1179 1288 igitur,
1199 1224 1230 1272 et

70 1305 218 1378 gaudens
229 1303 368 1377 pemenit
380 1305 418 1360 ad
431 1304 529 1360 locum
542 1321 549 1360 :
570 1312 600 1361 et
614 1303 740 1360 salutern
753 1312 885 1376 optatam
897 1305 1033 1376 adeptus,
1046 1302 1230 1376 glorificabat
1246 1316 1275 1352 10

70 1393 181 1450 deum.
252 1380 353 1449 Alteri
365 1389 491 1464 insuper
502 1399 585 1447 muto
598 1390 747 1463 loquelam
760 1389 897 1461 reddidit,
910 1399 1094 1474 contractum
1106 1389 1228 1456 curauit,

72 1478 225 1537 frenetico
234 1495 358 1536 sensum
369 1486 399 1535 et
410 1478 533 1536 rationis
540 1494 629 1535 vsum
638 1477 729 1548 dedit,
737 1495 866 1552 puerum
876 1487 1061 1536 contractum
1074 1477 1230 1551 gressibus

71 1566 199 1636 direxit,
223 1583 327 1623 cecum
351 1564 536 1636 illuminauit,
562 1574 593 1623 et
618 1565 720 1623 multis
746 1566 812 1622 aliis
837 1565 972 1623 sanitatis
996 1565 1142 1623 beneficia
1166 1567 1230 1623 suis

72 1653 195 1711 meritis
208 1654 315 1711 deuote
328 1653 520 1726 poscentibus
536 1653 667 1710 contulit
724 1652 734 1686 ¹
745 1642 841 1711 Miles
853 1655 975 1727 quidam
987 1652 1095 1710 nobilis
1107 1654 1230 1726 putabat

72 1758 111 1798 se
130 1739 163 1797 in
181 1741 248 1798 visu
267 1740 364 1798 noctis
382 1741 420 1798 ad
439 1740 615 1798 orientalem
636 1740 900 1798 Noui-monasterii
919 1750 999 1798 stare
1015 1741 1134 1814 plagam
1147 1740 1230 1798 iuxta
1246 1751 1273 1802 ¹5

73 1845 201 1886 crucem
218 1827 330 1886 ibidem
349 1837 489 1900 erectam,
502 1837 533 1885 et
547 1829 650 1885 videre
667 1829 833 1886 exercitum
852 1828 936 1902 quasi
955 1827 1109 1886 cuiusdam
1128 1827 1228 1900 magni

72 1915 224 1990 principis
248 1924 471 1990 congregatum,
493 1914 635 1989 princeps
655 1925 755 1973 autem
775 1916 807 1972 in
832 1915 931 1972 medio
952 1933 1066 1986 eorum,
1088 1915 1229 1972 terribilis

71 2004 176 2073 valde,
200 2004 346 2061 tractabat
369 2003 401 2060 in
426 2021 502 2076 quos
525 2003 616 2062 vellet
639 2003 763 2074 irruere,
788 2012 819 2060 et
843 2003 899 2062 ait:
929 2003 1052 2060 ‘Venite
1073 2002 1229 2059 visitemus

74 2091 190 2148 fratres
207 2090 283 2148 istos
301 2091 332 2148 in
344 2091 438 2148 valle!
476 2090 514 2148 Et
532 2091 608 2148 sacto
627 2091 750 2166 impetu,
762 2108 870 2148 versus
886 2089 1099 2147 monasterium
1112 2089 1228 2147 direxe-

74 2179 167 2235 runt’
184 2177 289 2236 aciem.
327 2177 441 2236 Fumus
458 2179 539 2236 enim
557 2181 595 2235 de
610 2179 734 2236 naribus
753 2196 898 2253 equorum
915 2176 1057 2244 ascendit,
1071 2186 1101 2234 et
1120 2176 1228 2234 nebule
1244 2196 1275 2232 ao

72 2266 179 2341 puluis
188 2267 300 2340 pedum
308 2283 421 2323 eorum
452 2266 491 2324 Et
499 2268 760 2324 cummonasterio
769 2267 1054 2341 appropinquarent,
1062 2265 1228 2322 monachus

73 2354 199 2429 quidam
231 2353 399 2428 egrediens,
423 2353 637 2412 candidissimo
662 2355 785 2412 indutus
816 2354 926 2425 habitu,
950 2353 1055 2411 baculo
1085 2353 1228 2426 pastorali

71 2443 203 2512 eleuato,
216 2459 256 2500 ne
272 2442 397 2515 propius
414 2443 593 2500 accederent
610 2442 772 2500 interdixit.
810 2443 873 2500 Nec
891 2459 983 2513 mora,
1000 2441 1032 2498 in
1049 2449 1229 2515 tempestate

73 2540 106 2588 et
125 2530 254 2598 turbine,
267 2547 394 2602 quorum
406 2530 547 2588 violentia
565 2547 639 2588 crux
656 2530 706 2588 illa
724 2530 926 2604 pulcherrima
942 2530 1092 2587 confracta
1108 2529 1228 2600 corruit,

73 2625 277 2674 reuertuntur.
308 2617 464 2691 Euigilans
474 2617 561 2675 miles
573 2635 591 2674 a
601 2635 738 2691 sompno,
748 2627 778 2676 et
787 2617 881 2676 misso
891 2617 1097 2675 advidendam
1108 2635 1227 2674 crucem
1244 2635 1272 2685 ²5

72 2704 195 2774 nuncio,
203 2704 461 2775 illam,vtviderat,
469 2706 652 2763 confractam
664 2706 820 2764 intellexit.
891 2694 988 2764 Anno
999 2713 1101 2763 autem
1115 2705 1228 2762 domini

73 2791 236 2850 millesimo
260 2792 425 2850 centesimo
448 2793 631 2867 octogesimo
655 2801 769 2864 octauo,
794 2802 898 2850 octauo
923 2792 1058 2850 decimo⁸
1083 2793 1228 2850 kalendas

73 2880 155 2950 maii,
168 2879 242 2936 teria
258 2881 369 2953 quinta,
382 2881 413 2938 in
430 2898 506 2938 cena
523 2881 636 2939 domini
655 2881 828 2938 coadunatis
846 2880 1030 2954 pauperibus
1049 2880 1080 2936 in
1098 2880 1227 2938 claustro

74 2967 341 3025 Noui-monasterii
368 2968 406 3025 ad
432 2970 606 3025 mandatum
630 2969 796 3026 secundum
820 2985 935 3024 morem
959 2967 1094 3039 ecclesie,
1119 2967 1227 3041 singuli

73 3055 215 3113 monachi
239 3072 390 3129 pauperes
412 3055 546 3130 singulos
564 3057 602 3112 ad
621 3056 781 3113 leuandum
800 3054 975 3127 suscipiunt.
1014 3055 1099 3111 Prior
1117 3065 1226 3126 autem,
1241 3075 1272 3124 30

73 3141 198 3200 nomine
216 3141 378 3214 Gllbertus,
397 3153 466 3200 ante
485 3161 519 3201 se
538 3145 696 3201 sedentem
714 3144 797 3201 videt
819 3144 971 3217 quendam
989 3160 1063 3216 capa
1081 3141 1227 3211 indutum,

73 3249 134 3305 que
147 3248 265 3302 manus,
278 3232 381 3304 pedes,
394 3241 424 3288 et
442 3249 552 3306 corpus
565 3240 659 3288 toturn
673 3231 812 3306 protexit,
825 3230 944 3304 caputio
955 3247 1051 3304 vsque
1067 3231 1105 3287 ad
1121 3240 1227 3303 pectus

72 3319 239 3394 pendente.
275 3318 374 3389 Quem
399 3319 554 3392 leprosum
572 3319 620 3376 vel
645 3318 831 3392 paraliticum
855 3317 1040 3388 existimans,
1062 3319 1227 3376 inuolutam

74 3407 155 3465 circa
173 3407 268 3479 pedes
287 3423 393 3480 capam
412 3405 549 3480 explicat,
562 3415 593 3463 et
611 3406 740 3480 genibus
759 3405 847 3464 flexis
865 3405 897 3462 in
917 3408 1038 3464 nomine
1057 3406 1170 3463 domini
1188 3410 1226 3464 ad

73 3495 236 3552 lauandum
258 3495 353 3567 pedes
374 3493 440 3551 cius
462 3511 496 3551 se
517 3503 611 3568 parat.
647 3492 703 3551 Cui
722 3495 834 3550 sedens
852 3494 963 3567 pedem
982 3493 1137 3551 sinistrum
1157 3512 1226 3568 por·
1240 3512 1271 3564 35

74 3583 171 3640 rexit:
191 3597 283 3654 quem
301 3581 352 3638 ille
370 3582 448 3638 letus
467 3584 608 3656 suscepit,
621 3591 651 3640 et
668 3599 737 3638 curn
754 3581 837 3638 omni
852 3581 1013 3639 deuotione
1029 3581 1141 3650 lauans,
1156 3600 1224 3639 eum

72 3669 243 3744 plorantem
256 3667 376 3739 audiuit,
389 3678 420 3726 et
435 3668 578 3726 lachrime
595 3686 653 3742 per
670 3669 808 3726 maxillas
821 3677 1016 3742 erumpentes
1032 3687 1126 3744 super
1138 3679 1226 3743 caput

73 3757 157 3814 senis
169 3754 353 3814 deciderunt.
390 3755 449 3827 Qui
466 3774 526 3814 non
543 3755 693 3814 modicum
710 3756 903 3830 stupefactus,
917 3765 946 3814 et
962 3757 1030 3830 quis
1049 3765 1130 3814 esset
1147 3757 1225 3815 scire

72 3843 188 3914 volens,
213 3843 292 3900 intra
321 3843 473 3916 caputium
498 3860 620 3901 sursum
644 3844 747 3902 oculos
771 3845 870 3902 leuat:
902 3852 933 3901 et
957 3843 1110 3900 hominem
1135 3844 1225 3902 niueo

73 3931 203 3990 candore
235 3930 399 4004 fulgentem
429 3941 460 3988 et
490 3929 592 3990 celesti
623 3929 717 4004 gratia
748 3931 975 3988 choruscantem
1005 3931 1086 3988 vidit.
1132 3931 1225 3989 Cuius
1239 3950 1271 3998 40

73 4017 255 4093 splendore*
273 4018 475 4076 reuerberatis
496 4018 599 4090 oculis,
617 4018 728 4076 timens
746 4017 876 4088 tremuit,
896 4035 951 4075 nec
971 4019 1104 4076 secundo
1122 4018 1225 4076 oculos

72 4107 173 4165 leuare
191 4105 229 4162 ad
243 4105 406 4163 videndum
425 4107 573 4180 apposuit.
611 4105 694 4164 Pede
711 4105 831 4163 interim
852 4104 973 4163 sinistro
992 4105 1061 4176 loto,
1075 4121 1131 4180 pes
1149 4105 1226 4164 alter

72 4196 179 4253 dexter
191 4201 238 4252 est
250 4193 410 4252 exhibitus.
447 4193 545 4264 Quem
559 4195 631 4251 dum
644 4193 769 4266 lauaret,
781 4193 935 4252 inclinauit
947 4210 982 4251 se
994 4192 1150 4268 incapatus
1163 4193 1224 4266 ille,

106 4324 184 4374 'Tne
196 4323 330 4388 following
342 4339 392 4378 om.
404 4325 431 4375 in
444 4324 510 4378 Boll.
593 4323 800 4377 'Eduxerunt
887 4324 943 4376 ’ἢ
956 4325 1056 4376 decimo
1067 4331 1160 4377 octauo
1173 4325 1223 4378 hel.

72 4389 312 4456 ‘supremum
