3036 4878
123 218 350 284 ussa...]
380 202 455 295 Ut
476 201 536 292 b.
557 203 773 289 uumunuo
797 219 891 306 rme
915 211 953 291 et
976 212 1166 306 martyre.
1205 212 1277 298 667

124 405 216 458 beato
237 405 344 460 martiri
364 405 514 473 offerebam
543 424 596 477 que
621 408 659 461 ad
679 406 862 463 deuocionem
887 408 1058 464 intuencium
1082 409 1175 464 multis
1199 408 1279 464 annis

125 487 207 542 iuxta
218 487 348 543 feretrum
361 489 565 559 dependebant.

129 627 264 751 ANno
281 626 387 680 domini
407 627 568 682 tt0.cc⁰.lxx.
588 637 648 682 erat
668 626 782 697 quidam
801 629 999 698 paterfamilias
1017 630 1093 699 apud
1113 629 1279 684 Donwicum

232 709 309 764 cuius
331 711 447 765 domurn
467 721 603 766 nocttuno
627 720 753 781 tempore
777 712 903 781 aggressi
928 722 992 768 sunt
1017 713 1131 784 quidam
1156 714 1279 768 latrones

130 792 283 861 intringere
303 803 331 848 et
348 793 515 863 depredari;
535 793 581 864 qui
597 794 634 849 de
650 794 773 848 humano
790 794 919 849 diffidens
939 796 1084 861 adiutori0‚
1102 797 1139 850 ad
1155 796 1280 850 diuinum
1295 813 1308 862 5

129 892 162 930 se
179 875 316 930 conuertit
334 875 495 945 presidium.
534 877 649 931 Interim
667 876 734 931 dum
751 878 874 932 latrones
892 888 1030 933 conantur
1047 879 1281 934 machinamentis

130 957 241 1012 aditum
257 959 309 1013 sibi
327 975 484 1029 preparare,
503 961 627 1030 prefatus
644 960 853 1030 paterfamilias,
871 961 917 1015 filo
935 960 963 1015 in
982 961 1098 1016 circuitu
1115 962 1214 1016 domus
1233 978 1281 1016 sue

131 1041 248 1096 interius
261 1043 458 1110 circumducto,
469 1053 589 1114 votoque
602 1043 640 1098 ad
653 1053 779 1098 sanctum
794 1043 976 1098 Edmundum
991 1042 1097 1114 [lacto],
1111 1045 1156 1098 dei
1170 1054 1197 1099 et
1210 1044 1281 1099 eius·

130 1125 198 1180 dem
217 1125 307 1179 sancti
322 1125 494 1196 proteccloni
512 1143 542 1181 se
560 1125 707 1182 commisit.
745 1127 808 1195 Quo
822 1127 912 1182 lacto:
933 1128 1023 1182 dictos
1036 1128 1158 1182 latrones
1175 1127 1281 1182 meritis

131 1207 224 1262 sancti
247 1209 390 1263 Edmundi
410 1210 479 1264 deus
498 1209 527 1264 in
547 1221 655 1264 tanturn
674 1209 844 1280 compescuit
863 1219 893 1264 vt
911 1210 1000 1264 eciam
1020 1209 1142 1264 aditibus
1159 1210 1280 1282 vndique
1298 1224 1326 1258 ¹0

132 1291 280 1361 patefactis
292 1291 384 1346 aditus
397 1291 449 1347 sibi
463 1293 589 1348 inuenire
602 1311 658 1348 non
672 1302 794 1365 possent.

158 1513 321 1582 Quouono
341 1527 481 1572 seueros
501 1519 687 1572 Eouounus
704 1527 847 1572 ananum
866 1528 976 1572 naemu
995 1518 1198 1582 Etiamnum,
1218 1527 1259 1570 ao

264 1610 351 1662 ouon
370 1611 570 1654 ursnararau
591 1611 739 1654 aceresia
757 1611 793 1653 ru
812 1611 907 1655 mauu
925 1611 985 1655 sus
1004 1612 1154 1654 curantr.

196 1736 259 1790 lrca
282 1753 386 1790 annum
408 1736 514 1792 domini
542 1737 685 1806 tr.cc.xcj.‚
707 1755 755 1792 rex
779 1736 935 1792 Edwardus
960 1736 1031 1792 filius
1056 1737 1128 1806 regis
1155 1737 1281 1804 Henrici,

228 1835 279 1889 pro
295 1819 401 1888 guerris
417 1820 474 1874 suis
491 1837 589 1875 omnes
607 1820 750 1875 libertates
763 1821 871 1890 Anglie,
884 1831 911 1876 et
926 1820 1047 1875 maxime
1059 1820 1182 1874 uirorum
1194 1820 1280 1874 eccle·

134 1901 316 1971 siasticorum,
329 1903 357 1956 in
370 1921 455 1958 manu
467 1921 518 1958 sua
530 1903 645 1959 seisiuit.
682 1905 746 1974 Quo
756 1903 841 1972 facto,
854 1903 969 1973 quilibet
982 1903 1105 1973 prelatus
1115 1902 1216 1971 Anglie
1229 1919 1281 1972 pro

133 1985 260 2040 libertate
277 1985 393 2041 ecclesie
412 2004 471 2055 sue,
487 1996 516 2041 vt
534 1987 571 2040 ad
588 1997 692 2042 statum
711 1985 859 2056 pristinum
875 2004 938 2040 eam
955 1987 1108 2054 reduceret,
1125 1986 1280 2052 laborauit3
1298 2009 1327 2060 15

135 2067 205 2122 inter
216 2085 287 2138 quos
303 2070 391 2124 abbas
409 2070 498 2125 sancti
513 2069 656 2124 Edmundi
670 2071 811 2124 lohannes
829 2069 950 2138 nomine,
963 2079 992 2122 vt
1009 2069 1125 2124 ecclesie
1137 2085 1187 2123 sue
1200 2067 1281 2122 liber·

134 2161 221 2206 tatem
242 2163 423 2222 recuperaret,
446 2153 602 2223 sumptibus
624 2153 734 2222 magnis
755 2163 783 2207 et
807 2152 947 2207 laboribus
969 2152 1048 2222 quasi
1071 2151 1210 2206 continuis
1231 2152 1280 2206 de·

133 2235 265 2288 certabat.
308 2237 358 2290 Set
382 2236 450 2290 dum
475 2235 613 2307 cupiditas
639 2237 695 2290 iam
719 2235 848 2300 excreuit,
875 2246 903 2290 et
926 2234 1113 2305 malignorum
1137 2235 1282 2290 consilium

133 2317 250 2372 instituit
270 2328 299 2372 vt
317 2319 473 2389 postposita
492 2318 536 2372 dei
559 2330 586 2374 et
608 2329 767 2373 sanctorum
789 2317 950 2374 reuerencia
971 2317 1085 2373 omnino
1105 2317 1164 2373 fisci
1186 2317 1278 2372 mede·

133 2410 228 2454 rentur
252 2400 420 2470 ingluuiem:
450 2402 625 2473 perpendens
649 2403 738 2457 abbas
762 2402 885 2472 prelatus
910 2401 1057 2456 hominurn
1081 2401 1216 2456 duriciam
1242 2401 1280 2454 in·
1297 2425 1328 2459 πο

133 2499 297 2552 grauescere
327 2494 355 2540 et
384 2496 544 2541 sanctorum
574 2485 763 2541 reuerenciam
790 2495 817 2540 et
847 2485 1063 2552 sanctimoniam
1093 2483 1228 2554 obliuisci,
1253 2494 1281 2540 et

133 2565 255 2635 seipsum
279 2567 316 2622 ad
340 2568 450 2623 labores
471 2569 584 2623 ulterius
609 2587 664 2623 non
689 2569 824 2637 sufficere,
846 2580 937 2624 cartas
959 2568 1167 2639 priuilegiorurn
1192 2567 1281 2622 sancti

135 2649 279 2704 Edmundi
291 2650 364 2721 regis
375 2663 403 2707 et
416 2651 537 2706 martiris
550 2669 567 2706 a
580 2652 691 2721 regibus
705 2653 785 2707 datas
802 2663 829 2707 et
846 2668 865 2707 a
881 2651 1088 2706 successoribus
1102 2652 1281 2706 confirmatas

133 2731 162 2785 iu
187 2733 371 2802 parliamento
394 2736 470 2804 apud
489 2735 769 2790 westmonasterium
791 2734 906 2805 protulit
931 2734 959 2789 in
984 2734 1086 2802 medio,
1109 2733 1149 2789 sic
1170 2733 1280 2788 dicens:

135 2815 274 2872 ‘Domine
299 2817 337 2871 mi
362 2835 418 2884 rex,
443 2819 654 2888 predecessores
677 2818 717 2872 tui
742 2817 887 2889 priuilegia
913 2827 1012 2872 sancto
1037 2815 1189 2872 Edmundo
1213 2833 1280 2870 con·
1298 2837 1327 2886 ²5

134 2909 286 2968 cesserunt,
300 2918 418 2972 quorum
431 2913 508 2956 carte
520 2913 662 2972 presentes
675 2912 755 2970 sunt;
776 2918 829 2972 que
842 2901 956 2972 quidem
969 2899 1113 2970 priuilegia
1126 2898 1281 2954 voluntarie

135 2983 271 3037 reuocasti
290 2993 317 3038 et
336 2984 453 3039 detines.
488 2986 527 3039 Et
549 3001 604 3054 ego
623 2984 702 3039 senio
721 2984 863 3040 confectus
883 2993 910 3038 et
931 2983 1072 3038 laboribus
1093 2999 1144 3053 pro
1164 2981 1218 3035 illis
1239 2999 1281 3036 re·

135 3065 301 3134 cuperandis
313 3066 483 3133 debilitatus,
496 3067 567 3122 vltra
584 3068 714 3138 prosequi
732 3085 788 3121 non
801 3068 891 3134 valeo,
904 3077 946 3120 set
960 3083 1055 3121 coram
1068 3081 1178 3120 summo
1190 3064 1282 3118 iudice

135 3163 247 3202 causam
269 3147 342 3204 inter
361 3149 505 3205 martirem
524 3151 707 3204 Edmundum
729 3160 756 3205 et
778 3149 925 3204 ecclesiam
946 3148 1015 3216 eius,
1037 3157 1065 3202 et
1086 3159 1113 3202 te
1135 3146 1282 3202 dominum

135 3246 227 3284 meum
249 3241 398 3298 terrenum,
418 3233 622 3288 terminandam
645 3233 806 3288 committo!
844 3233 881 3287 Et
902 3231 1061 3287 ualedicens
1085 3231 1144 3299 regi
1166 3241 1193 3286 et
1218 3247 1281 3301 pro·
1298 3248 1330 3297 30

135 3313 251 3380 ceribus,
264 3315 350 3370 tristis
366 3315 480 3370 recessit
496 3315 532 3370 ad
550 3316 662 3387 propria
678 3316 806 3371 tendens.
844 3317 970 3385 Cumque
986 3324 1069 3369 nocte
1085 3324 1219 3386 sequente
1235 3331 1282 3368 rex

136 3395 164 3450 in
179 3406 267 3452 stratu
283 3416 333 3453 suo
348 3399 501 3469 quiesceret
518 3409 547 3454 ut
567 3399 728 3454 affectatum
745 3410 856 3470 caperet
875 3415 1022 3469 soporem:
1042 3409 1156 3468 repente
1172 3398 1282 3452 territus

136 3490 248 3550 propter
264 3482 407 3552 quandam
422 3481 560 3536 visionem
577 3482 629 3536 sibi
647 3491 800 3548 ostensam,
813 3481 848 3536 de
865 3491 954 3536 stratu
971 3498 1021 3536 suo
1040 3481 1166 3551 prosiliit,
1179 3497 1283 3535 vocans

136 3580 207 3629 suos,
217 3574 245 3619 et
254 3565 407 3620 vociferans
419 3566 493 3636 quod
506 3576 618 3621 sanctus
628 3565 796 3620 Edmundus
810 3565 899 3635 ipsum
912 3565 1030 3621 alterum
1042 3581 1136 3633 regem
1147 3566 1282 3630 Suanum,

136 3663 218 3717 quem
236 3648 312 3717 apud
332 3649 552 3718 Geynesburghe
570 3647 718 3716 occiderat,
737 3649 842 3703 laceret
859 3647 1009 3718 puniendo·
1046 3647 1084 3700 Et
1105 3646 1200 3700 statim
1218 3654 1282 3715 post
1295 3663 1328 3714 35

135 3729 197 3784 lecit
215 3730 379 3801 proclamari
393 3731 469 3801 quod
482 3731 639 3802 quicunque
657 3723 820 3786 libertatest
836 3729 972 3800 persecuti
991 3729 1109 3794 fuerant,
1127 3727 1188 3782 sine
1204 3743 1283 3782 mora

136 3813 172 3867 ad
191 3813 297 3868 curiam
316 3824 505 3884 properarent,
523 3831 651 3869 asserens
670 3814 746 3885 quod
764 3823 876 3868 sanctus
895 3811 1063 3866 Edmundus
1081 3810 1210 3885 vexillum
1232 3826 1283 3880 pro

136 3894 251 3966 singulis
270 3897 409 3952 erexisset.

583 4016 592 4050 ¹
610 4014 667 4068 MS.
680 4015 831 4068 libertatum.
