3046 4902
279 291 353 364 sos
715 284 918 388 apporto
945 287 997 364 n.

277 501 477 558 murium
496 501 585 556 sancti
606 501 749 556 Edmundi
763 501 937 573 perueniens,
952 501 1041 556 hilari
1059 501 1268 572 gratulationis
1287 517 1370 569 voto,
1384 521 1450 574 pro

278 583 398 655 peruiori
421 585 537 640 lramtrn
558 583 696 656 excipitur
716 585 859 680 obsequio
895 583 950 638 Vbi
971 595 1076 655 quauta
1095 585 1150 639 deo
1174 586 1222 654 pie
1249 589 1449 642 confessionis

277 667 449 735 holocausta,
471 677 576 738 quanta
607 685 676 738 pure
698 667 838 724 oracionis
862 667 991 722 effuderit
1015 668 1156 734 libamina,
1181 669 1249 738 quis
1276 671 1370 739 digne
1396 672 1449 725 lan'

277 749 416 805 sufficiat?
453 751 585 806 Graciam
604 751 765 806 deuotionis
782 751 874 822 operis
891 751 1029 822 approbat
1046 752 1193 806 ambicio
1232 754 1398 820 Quoniam,
1412 775 1449 810 ne

277 831 462 888 infructuosos
483 833 544 888 eius
563 845 637 890 esset
658 833 806 898 aduentus,
827 835 890 888 loco
909 833 1001 888 eidem
1019 835 1175 887 manerium
1195 835 1232 888 de
1260 837 1447 892 Mildenhale

248 927 342 980 scum
366 915 554 986 pertinenciis,
577 927 606 972 et
630 927 695 972 octo
718 917 865 972 hundreda
883 927 911 972 et
931 916 1087 980 dimidium,
1109 917 1201 986 prima
1221 917 1289 972 vice
1311 924 1447 979 eontulit..
1512 911 1514 934 “

276 999 379 1054 deinde
392 999 567 1056 conlimuuit
584 1000 727 1056 libertates
740 1019 757 1054 a
774 1003 885 1056 Canuto
897 1009 925 1054 et
941 1000 1143 1054 ilardemnuto
1160 1009 1262 1054 sanem
1280 1003 1446 1058 Edmundo

276 1083 403 1150 collatas,
421 1093 449 1138 et
468 1084 544 1154 quod
563 1085 693 1138 nionachi
717 1084 834 1138 liberam
853 1083 895 1138 sui
920 1082 1031 1138 abbatis
1053 1083 1178 1136 habeant
1199 1083 1393 1151 eleccionem,
1416 1098 1446 1142 et

277 1167 376 1222 solram
388 1177 416 1222 et
429 1168 527 1222 saltam
539 1167 697 1238 ubicunque
710 1177 797 1222 terras
810 1167 957 1222 habuerint
966 1167 1010 1220 vel
1024 1165 1052 1218 in
1065 1176 1208 1236 posterum
1220 1167 1394 1229 habebunt:
1415 1181 1445 1224 et

277 1250 354 1321 quod
378 1249 423 1306 ille
447 1251 525 1305 locus
548 1267 691 1320 nunquam
716 1249 751 1304 sit
780 1251 888 1304 locatus
917 1265 982 1303 cum
1009 1247 1073 1302 aliis
1103 1248 1230 1317 personis
1255 1266 1348 1320 quam
1375 1269 1445 1306 curn

235 1351 265 1389 ιο
277 1333 438 1400 monachis;
460 1351 513 1388 nec
529 1333 629 1402 aliquis
647 1333 797 1404 episcopus
817 1333 921 1386 babeat
943 1347 1074 1400 umquam
1093 1341 1262 1401 potestatem
1281 1331 1311 1386 in
1332 1335 1443 1388 eodem

276 1416 454 1482 monasterio,
476 1433 528 1471 uec
548 1415 619 1470 infra
643 1417 714 1470 fines
736 1415 863 1471 eiusdem
885 1415 948 1470 ville
972 1415 1101 1468 crucibus
1124 1413 1300 1483 designatos.
1351 1419 1443 1472 Hanc

276 1495 359 1566 igitur
386 1497 542 1554 libertatem
570 1499 743 1554 mutantibus
768 1515 817 1552 seu
843 1498 872 1552 in
899 1497 993 1566 aliquo
1017 1496 1264 1562 adnichilautihus,
1295 1497 1362 1568 ipse
1391 1519 1440 1556 rex

275 1595 378 1650 penam
399 1581 538 1650 apposuit,
557 1581 688 1651 videlicet
707 1581 782 1653 quod
803 1581 859 1636 sint
879 1578 1105 1634 anathematizati
1124 1589 1152 1634 et
1172 1579 1200 1633 in
1218 1579 1347 1634 iehenna
1371 1584 1440 1652 igne

276 1661 407 1732 demersi,
419 1664 472 1718 nisi
486 1665 515 1718 in
527 1664 585 1718 rita
598 1681 648 1720 sua
660 1663 835 1734 resipuerint.
874 1663 952 1717 ldem
964 1679 1012 1717 rex
1025 1671 1138 1716 sanmus
1150 1662 1205 1715 alia
1214 1661 1278 1716 vice
1290 1667 1440 1720 mnoessit

235 1755 262 1808 ¹5
276 1759 374 1802 sancto
399 1748 551 1802 Edmundo
574 1757 701 1802 eternam
725 1747 882 1802 libertatem
906 1746 935 1799 in
954 1745 1020 1799 villa
1039 1745 1075 1798 de
1099 1745 1376 1802 Beodricesuuorthe
1397 1749 1439 1803 ita

275 1829 393 1902 pleniter
419 1831 491 1886 sicut
516 1847 646 1900 uinquam
670 1829 776 1896 hahuit,
796 1829 924 1884 videlicet
950 1839 980 1881 ut
1006 1827 1139 1899 quociens
1161 1827 1290 1882 homines
1312 1846 1438 1884 sensum

276 1913 458 1982 persoluerint
489 1912 619 1968 exercitui
650 1915 695 1967 vel
726 1912 854 1978 nauibus,
882 1911 988 1966 tociens
1015 1911 1080 1964 ville
1109 1911 1282 1966 habitatores
1313 1929 1437 1968 censum

276 1997 437 2065 persoluaut
454 1995 492 2050 ad
511 1995 708 2050 necessitatem
726 1994 838 2049 abbatis
856 2003 885 2048 et
903 1995 1121 2060 monachorum;
1141 2003 1169 2047 et
1187 1995 1262 2064 quod
1282 2013 1436 2066 uunquam

275 2077 377 2149 aliquis
397 2087 562 2132 transmutet
578 2077 727 2132 abbaciam
743 2079 780 2132 ad
798 2076 910 2132 alterius
928 2077 1033 2130 ordinis
1046 2076 1128 2142 viros,
1146 2077 1200 2130 nisi
1217 2077 1283 2131 velit
1302 2083 1435 2148 separari
1513 2091 1514 2102 ¹

232 2177 294 2214 roa
318 2161 512 2216 communione
537 2161 582 2216 dei
606 2171 634 2215 et
660 2163 784 2216 omnium
813 2171 973 2215 sanctorum
1001 2159 1068 2213 eius.
1120 2161 1191 2214 ltem
1219 2161 1298 2214 dedit
1329 2173 1434 2217 sancto

278 2243 428 2298 Edmundo
444 2244 614 2311 Pakenham,
627 2243 702 2315 quod
722 2243 797 2314 prius
816 2243 913 2297 habuit
927 2243 1071 2311 Osgothus
1086 2241 1158 2309 Clas,
1172 2243 1209 2297 de
1225 2259 1282 2312 quo
1297 2243 1434 2299 scribitur
1513 2273 1514 2278 κ

276 2325 347 2381 infra
372 2327 443 2382 inter
465 2327 598 2382 miracula
622 2327 711 2382 sancti
737 2327 889 2381 Edmundi.
937 2326 1009 2380 ltem
1038 2324 1115 2379 dedit
1143 2337 1242 2379 sancto
1272 2327 1432 2382 Edmundo

278 2409 467 2478 Konegestot'r,
481 2411 602 2480 Wulpet,
621 2411 717 2480 Risby,
731 2411 869 2466 Stantone
881 2418 981 2472 castre,
993 2417 1022 2462 et
1034 2407 1219 2462 monetarium
1232 2408 1292 2463 siue
1306 2427 1431 2465 cuneum

276 2491 347 2566 inirp
372 2493 489 2560 burgum
514 2493 603 2548 sancti
629 2493 780 2548 Edmundi.
819 2492 875 2546 Hic
896 2491 964 2546 dixit
985 2491 1014 2545 in
1039 2491 1124 2546 cartis
1149 2491 1207 2545 suis
1232 2509 1304 2561 quas
1329 2507 1432 2550 sancto

232 2589 262 2642 ²3
276 2573 393 2628 contulit
411 2575 572 2644 Edmundo,
592 2593 622 2631 se
642 2585 792 2646 cognatum
810 2574 869 2630 eius
888 2575 953 2628 fore
992 2573 1078 2628 Cuius
1094 2574 1211 2629 ecclesie
1230 2575 1338 2629 multas
1358 2577 1431 2632 alias

275 2655 425 2726 dignitates
440 2667 468 2712 et
485 2657 627 2714 libertates
643 2657 780 2714 concessit
795 2669 822 2713 et
838 2657 919 2712 terris
936 2667 964 2711 et
983 2656 1138 2712 redditibus
1155 2674 1218 2712 eam
1233 2658 1318 2712 valde
1335 2661 1431 2715 multi-

274 2739 397 2812 plicauit.

543 2831 593 2884 Du
611 2841 756 2886 uotiuis
774 2839 959 2884 conantem
978 2839 1018 2880 aa
1036 2838 1167 2881 sanata.

275 2975 327 3030 Ex
337 2973 408 3028 libro
418 2975 513 3046 primo
524 2975 729 3030 miraculorum
743 2975 882 3044 Sampson
894 2974 951 3028 abb.
972 2933 1059 3060 TE

1069 3019 1155 3072 wardi
1175 3021 1299 3088 quedam
1329 3024 1431 3078 mulier

1062 2953 1158 3006 mpore
1171 2937 1261 2991 sancti
1277 2939 1353 3008 regis
1371 2941 1430 2995 Ed·

276 3111 418 3155 contracta
435 3116 568 3154 manuum
584 3099 653 3156 fulta
670 3099 794 3169 remigio,
808 3098 966 3154 scabellulis
983 3101 1108 3171 rependo
1125 3101 1274 3170 nitebatur,
1289 3105 1429 3177 reliquam
1513 3129 1514 3146 ι

275 3183 399 3254 corporis
411 3182 545 3238 fabricam
559 3183 644 3238 aridis
657 3183 785 3237 cruribus
799 3182 921 3236 trahens.
944 3185 1007 3238 Hec
1020 3195 1103 3238 nocte
1116 3185 1225 3254 dieque,
1234 3187 1338 3241 ceteris
1352 3207 1430 3244 rece-
1513 3185 1514 3226 ³

231 3287 263 3336 30
275 3265 413 3331 dentibus,
423 3267 459 3320 ab
467 3267 587 3320 ecclesia
596 3283 653 3320 non
666 3265 823 3330 recedebat,
838 3281 962 3334 sperans,
972 3277 999 3320 et
1013 3284 1122 3335 rogans,
1132 3287 1149 3321 a
1162 3279 1260 3322 sancto
1273 3269 1429 3326 Edmundo

275 3349 406 3420 consequi
427 3349 552 3404 salutem.
590 3350 654 3417 Qua
667 3349 695 3402 in
709 3348 846 3418 peticione
864 3360 1060 3418 perseuerante
1079 3349 1184 3420 [nocte]
1201 3351 1327 3421 quadam
1345 3356 1428 3410 solito

274 3431 379 3500 gratior
399 3448 532 3498 sompnus
551 3431 681 3501 obrepsit.
718 3431 829 3486 Accidit
845 3431 934 3486 eciam
954 3443 1020 3486 tunc
1036 3433 1175 3488 oracionis
1189 3435 1286 3503 gracia
1303 3437 1427 3494 nobilem

274 3515 415 3584 quandam
432 3524 589 3570 matronam
607 3515 719 3570 nomine
735 3515 863 3582 Alluene,
877 3514 913 3568 ab
932 3515 1067 3570 Orientali
1087 3518 1218 3582 Saxonis,
1234 3518 1363 3588 affuisse,
1382 3540 1425 3576 ac-

274 3613 388 3652 censum
402 3613 511 3651 cereum
525 3615 609 3652 manu
621 3599 743 3652 tenendo
753 3597 860 3651 votiuas
874 3597 1004 3652 excubias
1017 3597 1282 3669 celebrante[m]:¹l
1298 3603 1426 3675 Cumque

229 3700 260 3752 35
275 3679 302 3734 in
324 3680 442 3735 ecclesia
466 3693 578 3736 noctem
603 3679 779 3751 insompnem
804 3681 980 3748 transigeret,
1002 3681 1113 3736 videtur
1136 3681 1189 3737 sibi
1214 3683 1311 3738 subito
1335 3686 1427 3741 virum
1513 3703 1514 3714 ι

274 3763 353 3818 uultu
374 3774 402 3817 et
427 3763 523 3817 habitu
548 3763 739 3818 venerandum
764 3763 800 3818 de
824 3762 945 3816 sacrario
969 3781 1024 3834 quo
1049 3764 1137 3819 sancti
1170 3765 1287 3834 pignora
1310 3771 1426 3824 condita
1513 3787 1514 3796 ¹

273 3847 449 3900 habebantur
468 3845 572 3915 egredi,
594 3844 765 3916 amplissimo
786 3845 966 3914 refulgentem
986 3845 1097 3913 lumine,
1119 3848 1307 3918 reseratisque
1324 3852 1425 3920 quibus
1513 3861 1514 3864 ’

274 3928 467 3998 presbiterium
485 3929 620 3984 chorusve
638 3929 819 3984 claudebatur
837 3929 926 3983 ianuis
945 3945 1046 3984 nauem
1058 3931 1175 3986 ecclesie
1188 3932 1377 3988 obambulans
1389 3937 1424 3989 ad

274 4012 364 4064 locum
378 4011 489 4066 deuenit
502 4029 557 4082 quo
570 4021 713 4066 contracta
725 4011 913 4066 recumbebat„
959 4012 1068 4082 Aspicit
1085 4014 1138 4068 hec
1153 4014 1279 4083 predicta
1294 4027 1425 4072 matrona

228 4114 261 4164 40
274 4101 302 4148 et
314 4091 509 4162 contremiscit,
522 4111 556 4148 ac
568 4111 639 4164 pene
656 4109 753 4148 ainans
771 4093 871 4148 effecta
890 4093 1021 4150 inusitate
1040 4094 1173 4150 miraculo
1185 4097 1303 4151 visionis
1319 4111 1423 4168 pertur-
1513 4137 1514 4158 ;

273 4175 364 4230 batur.
402 4179 486 4232 Stans
499 4176 593 4248 itaque
606 4177 648 4231 uir
660 4176 739 4248 quasi
753 4175 877 4232 medicus
891 4195 975 4247 super
986 4178 1159 4245 encleticam,
1172 4180 1283 4248 prolato
1296 4181 1423 4236 antidoto

273 4257 332 4312 lesa
353 4259 480 4314 membra
501 4260 646 4330 perungit:
673 4259 813 4314 salutifera
838 4277 960 4331 namque
985 4261 1099 4316 dextera
1124 4271 1311 4332 percurrente,
1334 4265 1422 4318 crucis

273 4347 382 4393 tantum
395 4356 553 4410 supeream
566 4342 696 4397 vexillum
708 4342 842 4414 depingit.
873 4343 937 4414 Quo
949 4355 1071 4415 peracto,
1085 4343 1248 4414 reuertitur;
1268 4361 1322 4402 nec
1337 4363 1422 4416 mora,
