3008 4904
422 289 497 385 Dt
521 289 685 380 sunm
710 290 884 391 &tiata
1156 293 1224 386 185

64 509 147 548 nurn
160 491 272 550 virtute
285 492 401 550 moueri
413 502 527 567 posset.
564 493 701 566 Cumque
718 491 821 566 sepius
837 499 1051 566 attemptantes
1066 490 1141 548 nihil
1158 509 1226 564 pro·

64 579 211 650 ficerent,
228 581 339 654 gratias
357 591 483 655 agentes
500 583 556 638 deo
574 599 685 654 corpus
700 589 837 638 sanctum
854 597 922 637 cum
939 580 1054 636 honore
1069 579 1099 636 in
1118 580 1225 635 eodem

64 668 138 724 loco
170 668 374 741 sepelierunt3
405 669 455 726 vbi
479 686 569 742 opem
593 667 659 726 eius
682 686 751 726 cum
776 667 836 724 fide
860 667 1064 739 implorantes,
1090 675 1225 739 optatum

66 755 246 814 remedium
277 757 443 830 gaudentes
473 756 617 830 consequi
647 755 791 813 solebant.
877 743 990 812 Delato
1018 754 1049 811 in
1073 753 1227 827 presentia

67 840 219 898 Riuoldi¹
237 844 335 917 capite
353 844 493 914 martiris,
506 845 643 902 tirannus
661 853 751 917 caput
770 861 887 900 sacrum
906 843 1010 915 tetigit,
1024 852 1053 899 et
1072 842 1159 900 tertia
1177 842 1226 898 die
1241 862 1255 912 5

66 929 188 986 infelici
201 941 299 988 morte
311 933 457 990 occubuit.
494 933 620 1007 Sepulto
632 931 732 1005 itaque
744 933 782 988 ab
794 931 945 1004 episcopis
957 939 988 986 et
1000 929 1117 987 clericis
1129 929 1226 1002 capite

66 1035 143 1074 cum
157 1035 246 1075 sacro
259 1037 403 1092 corpore:
424 1029 493 1095 post
511 1021 673 1078 multorum
692 1036 841 1076 annorum
860 1019 1006 1076 curricula
1022 1017 1227 1091 predicatores

68 1105 247 1178 alienigene
268 1108 412 1166 scrinium
433 1125 500 1166 cum
520 1108 654 1181 reliquiis
676 1107 772 1165 sancti
796 1106 902 1163 Melori
922 1106 1153 1178 circumquaque
1174 1105 1227 1160 de·

68 1192 218 1261 terentes,
230 1197 396 1268 peragratis
413 1205 560 1253 terrarum
577 1195 720 1253 tractibus
736 1194 901 1252 iniunctum
919 1193 976 1250 sibi
994 1192 1124 1249 officium
1138 1208 1226 1249 exer·

69 1289 181 1336 centes
198 1281 440 1340 Ambrisburiam
458 1285 580 1340 tandem
599 1284 794 1350 deuenerunt,
814 1291 843 1338 et
862 1297 955 1355 super
972 1280 1066 1336 altare
1084 1279 1226 1352 reliquias
1243 1299 1273 1336 ιο

71 1376 198 1424 sanctas
210 1380 384 1440 posuerunt
416 1370 545 1444 Expleto
555 1369 766 1444 predicationis
780 1368 878 1426 officio
888 1385 956 1426 cum
967 1366 1109 1440 reliquias
1122 1383 1226 1423 secum

71 1454 196 1512 auferre
214 1456 334 1526 vellent,
352 1467 382 1515 ct
400 1460 438 1515 ab
457 1458 542 1515 altari
561 1459 642 1516 nullo
664 1457 787 1530 ingenio
806 1456 921 1514 moueri
942 1463 1068 1529 possent
1089 1471 1124 1512 ac
1145 1455 1227 1511 velut

71 1543 200 1598 adamas
212 1543 297 1600 altari
311 1545 499 1614 adhererent,
512 1546 615 1604 dolore
627 1555 657 1604 et
672 1543 809 1618 angustia
825 1543 935 1612 afflicti,
947 1551 1070 1616 accepta
1085 1543 1124 1598 ab
1136 1541 1226 1598 abba·

72 1628 149 1686 tissa
176 1629 269 1686 multa
293 1631 419 1704 pecunia
444 1641 643 1692 recesserunt.
716 1619 852 1706 Quidam
877 1629 1041 1702 iniquitatis
1065 1629 1117 1686 lilii
1140 1638 1227 1685 nocte

73 1715 235 1773 ecclesiam
257 1718 296 1774 de
315 1719 521 1793 Ambrisbury
539 1720 686 1777 intrantes
706 1719 849 1776 scrinium
876 1718 971 1776 sancti
994 1715 1100 1774 Melori
1123 1735 1226 1774 secum
1242 1737 1270 1788 ¹5

72 1803 224 1874 auferunt,
237 1813 267 1862 et
284 1805 402 1864 laminis
420 1806 485 1864 auri
502 1817 532 1866 et
546 1808 662 1882 argenti
677 1807 802 1877 abrasis,
814 1823 938 1880 capsam
955 1822 1023 1863 cum
1040 1805 1175 1878 reliquiis
1194 1805 1226 1860 in

72 1890 226 1962 quodam²
238 1911 331 1965 specu
340 1895 507 1967 proiiciunt.
545 1895 694 1954 Sacerdos
707 1905 806 1952 autem
819 1894 941 1967 quidam
955 1892 1085 1949 diluculo
1097 1909 1226 1964 surgens

73 1978 148 2034 vidit
161 1979 312 2036 radiosam
325 1981 400 2039 lucis
412 1983 603 2056 columpnam
613 1985 651 2040 de
661 1983 725 2040 celo
738 1998 832 2056 super
845 1999 969 2054 specum
982 1981 1226 2046 descendentem,

72 2075 104 2120 et
129 2067 279 2123 accedens
302 2069 340 2125 ad
365 2070 472 2139 locum,
498 2071 642 2127 scrinium
666 2070 789 2140 inuenit,
814 2077 844 2126 et
869 2069 905 2125 ad
930 2067 1088 2126 ecclesiam
1113 2067 1226 2124 detulit.

75 2140 214 2212 Sanctus
229 2154 361 2212 Melorus
374 2157 517 2214 sacriste³
529 2167 617 2216 nocte
628 2159 758 2230 quadam
771 2155 918 2230 apparuit,
931 2156 1053 2212 dicens:
1074 2154 1226 2225 ‘Godrice,
1241 2175 1273 2212 oo

73 2259 168 2313 surge
180 2241 338 2315 velocitcr;
358 2261 429 2301 ecce
441 2246 559 2302 testudo
571 2245 697 2302 ecclesie
710 2244 880 2302 hiantibus⁴
893 2251 1091 2316 conquassata
1108 2243 1227 2315 patulis,

72 2329 205 2386 vicinam
217 2341 304 2404 parat
318 2341 469 2390 manirare
483 2333 618 2390 ruinam?
656 2332 793 2406 Cumque
810 2331 918 2388 iterum
935 2332 1028 2387 altera
1045 2339 1131 2387 nocte
1144 2330 1226 2387 idem

72 2418 248 2490 repetisset,
261 2419 348 2476 tertia
360 2429 447 2478 nocte
461 2438 612 2494 apparens
624 2420 715 2478 dixit:
736 2418 888 2484 ‘Godrice,
897 2419 955 2476 cito
968 2435 1066 2492 surge,
1080 2417 1226 2492 imagines

72 2513 105 2560 et
123 2505 227 2561 altaris
246 2516 422 2564 ornamenta
440 2517 539 2566 tecum
558 2525 718 2566 assumens
736 2507 914 2580 quamcitius
932 2523 1041 2576 exeas;
1061 2507 1131 2578 quia
1147 2505 1227 2578 peri·

72 2591 176 2648 culum
194 2593 299 2650 mortis
315 2594 374 2651 tuis
390 2595 586 2669 proculdubio
597 2595 629 2652 in
642 2595 740 2652 ianuis
757 2593 912 2668 nauigatl.¹
951 2593 988 2650 Et
1001 2611 1070 2651 cum
1083 2610 1226 2665 egressus
1241 2615 1270 2664 ²5

72 2679 191 2750 ficisset,
209 2689 270 2738 tota
288 2691 356 2754 post
375 2699 445 2739 eum
463 2685 583 2740 testudo
601 2683 738 2752 concidit,
756 2699 827 2740 aree
845 2681 1005 2755 planiciem
1023 2680 1157 2738 subiecte
1176 2681 1226 2737 ob

72 2767 212 2824 uoluens
279 2757 417 2827 Terras⁶
429 2779 529 2828 autem
547 2770 731 2845 relinquens,
744 2769 868 2829 celestia
887 2785 955 2826 cum
974 2785 1084 2825 corona
1102 2767 1226 2824 martirii

72 2855 245 2930 penetrauit
257 2856 314 2915 kal.
326 2859 465 2918 octobris.

546 3047 572 3109 ‘l
589 3045 756 3103 Namub⁷.

111 3151 207 3223 Circa
237 3182 351 3222 annum
376 3166 488 3224 domini
514 3167 794 3242 octingentesimum
820 3168 1053 3242 octuagesimum
1078 3175 1225 3235 octauum,

71 3253 201 3310 visionis
214 3253 311 3310 Caroli
324 3257 436 3312 cesan's
449 3255 515 3311 talis
528 3263 615 3312 tenor
626 3266 699 3326 erat,
713 3257 878 3313 secundum
886 3255 1089 3312 Vincentium.
1120 3253 1146 3286 ⁸‘
1157 3241 1226 3326 Ego
1240 3270 1271 3320 30

73 3340 201 3398 Carolus
211 3341 382 3415 imperator,
392 3343 439 3400 dei
449 3345 528 3400 dono
537 3361 592 3400 rex
600 3343 819 3402 Germanorum
829 3353 859 3401 et
868 3343 1011 3418 patricius
1020 3344 1226 3400 Romanorum

73 3439 166 3502 atque
191 3428 355 3502 imperator
376 3429 567 3500 Francorum,
588 3447 673 3488 sacra
698 3441 785 3488 nocte
804 3431 863 3488 diei
883 3431 1031 3489 dominice
1056 3439 1125 3505 post
1149 3430 1226 3486 cele-

73 3519 194 3574 bratum
204 3527 417 3584 nocturnarum
428 3519 569 3576 horarum
579 3519 714 3576 diuinum
724 3519 855 3576 officium
868 3520 939 3577 dum
953 3520 990 3576 ad
1004 3518 1225 3593 repausandum

74 3621 209 3679 pergens
222 3622 385 3679 sompnum
394 3606 504 3664 vellem
517 3625 636 3682 capere,
644 3607 726 3664 venit
734 3625 793 3664 vox
806 3607 843 3663 ad
857 3625 907 3665 me
920 3606 1091 3664 terribiliter
1102 3607 1224 3662 dicens:

74 3697 92 3726 “
101 3691 216 3762 Carme,
230 3692 311 3750 exiet
327 3710 346 3749 a
358 3703 388 3750 te
400 3696 490 3751 modo
503 3695 626 3768 spiritus
638 3703 707 3751 tuus
721 3695 751 3751 in
763 3695 838 3752 hora
850 3713 910 3750 non
924 3694 1066 3751 modica”
1104 3693 1225 3750 Statim·
1239 3707 1270 3758 35

74 3798 135 3854 que
160 3788 263 3854 raptus
289 3779 349 3838 lui’
367 3781 398 3838 in
421 3781 545 3856 spiritu:
571 3781 670 3856 etqui
690 3799 739 3839 me
758 3781 885 3852 sustulit,
904 3791 967 3839 erat
985 3778 1226 3848 candidissimus,

74 3879 184 3926 tenens
197 3866 227 3924 in
245 3885 336 3925 manu
349 3886 404 3926 sua
416 3869 616 3944 glomicellum
630 3870 752 3938 lineum,
765 3870 963 3928 clarissimum
972 3869 993 3902 ¹⁰
1005 3870 1091 3925 iubar
1104 3867 1226 3924 luminis

75 3955 283 4012 emittentem:
310 3955 505 4031 dissoluitque
513 3958 534 3991 ¹¹
558 3957 642 4015 illum
669 3967 698 4014 et
722 3957 796 4014 dixit
820 3957 857 4013 ad
883 3974 949 4015 me:
977 3955 1115 4029 “Accipe
1141 3955 1224 4011 filum

74 4043 237 4119 glomicelli
259 4043 407 4116 micantis,
428 4054 458 4102 ct
482 4043 541 4120 liga
565 4055 595 4103 et
620 4045 699 4102 noda
723 4045 849 4102 firmiter
869 4045 901 4102 in
921 4044 1028 4118 pollice
1047 4059 1155 4100 manus
1175 4050 1226 4101 tue

107 4221 163 4272 ¹12
178 4221 297 4272 Rinolde.
356 4221 449 4274 ’nott
463 4224 580 4286 quadam.
640 4222 820 4273 ⁸E.lacriste.
881 4221 937 4272 ⁴E.
951 4221 1068 4271 hiatibus.
1131 4219 1225 4271 'Bon

75 4289 156 4338 adest.
210 4287 476 4348 ‘Eremmon
490 4289 594 4338 Terrea
643 4286 711 4340 'Ci
724 4289 799 4339 Vinc.
815 4288 879 4339 Bell.
892 4286 989 4338 xxiv,
1003 4301 1042 4350 49
1092 4285 1148 4336 ⁸13.
1161 4285 1225 4336 Nar·

76 4355 149 4416 ratio,
162 4355 299 4418 repeated3
317 4369 366 4406 om.
382 4355 408 4404 in
420 4353 449 4405 T.
499 4355 569 4406 'om
583 4354 649 4406 inT.
701 4354 944 4405 tauriniacum.
995 4351 1013 4383 ¹¹
1030 4367 1080 4414 que
1091 4367 1141 4402 otu.
1155 4353 1182 4402 in
1193 4351 1223 4404 T.
