3042 4884
288 271 360 366 258
603 269 736 356 12⁰in
759 263 950 369 123de
973 262 1126 367 finali&

286 469 398 542 aliquid
415 467 485 526 noui
499 485 535 526 ac
551 467 725 526 delectabile
742 467 1005 542 contemplaretur,
1017 465 1067 524 vbi
1085 481 1121 522 ea
1140 463 1248 522 fixerat
1267 459 1440 520 diutissime

287 557 347 616 lixa
366 557 495 614 tenebat.
532 555 727 614 Sciscitatus¹
745 565 846 614 autem
864 555 936 628 quid
953 555 1086 623 vidisset,
1099 552 1158 611 ait:
1178 551 1363 610 ‘Considera
1375 566 1439 622 quo

286 645 387 714 tendo,
408 655 438 702 et
460 661 528 702 cras
549 644 644 712 vobis,
663 652 693 702 et
712 661 761 702 mc
779 651 905 712 tacente,
925 659 975 700 res
993 642 1060 716 ipsa
1079 641 1202 698 notabit.
1240 639 1332 698 Salus
1353 637 1439 694 enim

287 742 400 802 eterna,
413 749 468 804 pro
480 750 540 806 qua
554 733 710 806 hucusque
728 731 860 790 laboraui
878 731 910 788 in
929 741 1018 800 terra,
1031 730 1130 796 instat,
1144 746 1199 786 nec
1212 737 1282 784 ante
1295 725 1438 784 transibit

259 821 419 896 gerastina
437 821 503 878 dies
521 838 612 894 quam
631 837 680 878 mc
701 819 732 877 in
754 837 821 878 earn
840 819 980 876 dominus
999 835 1095 886 meus,
1114 819 1190 874 sicut
1210 815 1361 889 pollicitus
1380 825 1439 879 est,

287 907 471 966 introducat-¹
510 907 547 964 Et
561 925 720 981 regressus
732 907 763 964 in
776 907 947 976 oratorium,
960 905 1131 964 conuocatis
1145 904 1288 962 iratribus
1301 903 1440 960 hortatur

287 1013 342 1054 eos
354 994 531 1068 impendere
544 995 600 1054 sibi
614 995 812 1054 ministerium
826 1013 912 1052 sacre
923 994 1073 1052 vnctionis
1090 1011 1158 1050 cum
1171 992 1279 1048 viatico
1293 990 1438 1050 dominici

287 1083 432 1157 corporis.
469 1083 564 1142 Nocte
589 1083 727 1157 sequenti
751 1083 904 1156 languoris
924 1082 970 1139 sui
992 1081 1110 1150 oblitus,
1135 1079 1293 1138 ecclesiam
1318 1081 1439 1135 intrans

287 1171 419 1228 officium
450 1171 592 1245 expleuit,
622 1181 652 1230 et
683 1173 837 1230 residuum
868 1173 963 1229 noctis
994 1170 1129 1243 spacium
1159 1167 1270 1226 diuinis
1295 1167 1437 1224 laudibus

245 1281 274 1322 ιο
288 1259 439 1332 expendit
487 1258 578 1316 Mane
607 1268 718 1328 autem,
749 1260 837 1316 solito
867 1276 961 1328 more,
991 1258 1107 1316 lintheo
1137 1255 1309 1329 precinctus
1339 1255 1437 1328 pedes

287 1363 456 1420 pauperum
487 1347 567 1415 lauit,
592 1355 622 1404 et
646 1347 786 1404 osculans
809 1364 863 1404 eos
889 1355 925 1403 et
944 1355 1075 1419 tergens,
1101 1343 1270 1418 quindecim
1299 1342 1437 1415 psalmis,

288 1451 364 1506 quos
392 1433 472 1492 inter
497 1433 597 1507 ipsum
625 1434 826 1492 ministerium
858 1435 987 1506 psallere
1016 1433 1140 1500 solebat,
1167 1431 1339 1500 decantatis,
1366 1432 1438 1488 sub-

288 1519 385 1578 iunxit
403 1521 520 1580 ‘Gloria
540 1521 617 1595 patri
643 1531 673 1580 et
698 1523 759 1580 lilio
781 1530 810 1580 et
829 1521 945 1595 spiritui
969 1523 1091 1579 sancto.'
1130 1518 1259 1577 Etcum
1283 1535 1438 1592 pauperes

289 1607 391 1666 solitas
420 1609 532 1682 gratias
564 1620 760 1683 assurgentes
789 1609 993 1667 exsoluissent
1001 1611 1019 1678 ¹,
1046 1609 1113 1681 ipse
1143 1607 1273 1666 dicendo
1300 1605 1438 1679 ‘spiritui

245 1717 273 1770 ιε
289 1698 408 1754 sancto’
433 1707 503 1754 ante
527 1713 694 1770 pauperum
718 1699 814 1772 pedes
838 1697 869 1754 in
894 1715 1003 1754 manus
1028 1696 1140 1754 Christi
1164 1695 1302 1768 spiritum
1326 1693 1439 1750 emisit.

290 1771 433 1858 Cumque
455 1785 493 1842 ad
514 1785 671 1842 ecclesiam
692 1803 782 1859 quarn
808 1795 1016 1842 construxerat
1041 1783 1209 1842 deferretur
1227 1799 1338 1855 corpus
1363 1781 1439 1848 eius,

289 1871 378 1930 niuea
407 1872 546 1930 columba
576 1873 614 1930 de
645 1873 710 1930 celo
741 1875 931 1930 descendens
966 1872 1111 1946 expansis
1140 1871 1195 1928 alis
1226 1872 1307 1927 lento
1335 1870 1440 1926 volatu

289 1969 449 2033 protegere
476 1977 586 2032 corpus
615 1959 756 2018 antistitis
786 1960 851 2018 visa
875 1970 930 2018 est.
981 1959 1104 2034 lgneam
1129 1975 1249 2033 quoque
1274 1957 1440 2030 spheram³

289 2046 385 2104 instar
403 2047 479 2104 scuti
500 2050 539 2104 de
560 2048 626 2105 celo
647 2048 762 2121 lapsam
782 2065 874 2122 super
892 2047 1036 2106 feretrum
1054 2047 1253 2106 intuebantur.
1291 2045 1441 2118 Deposito

245 2153 277 2195 ao
289 2144 388 2192 autem
407 2151 508 2192 coram
527 2135 611 2192 altari
631 2153 755 2209 corpore
773 2147 886 2206 sancto,
899 2134 976 2194 visio
994 2153 1053 2210 que
1072 2134 1219 2210 apparuit,
1234 2133 1321 2208 quasi
1337 2134 1440 2190 locum

290 2223 454 2296 designans
479 2223 633 2296 sepulture
660 2223 690 2280 in
721 2224 882 2282 australem
912 2223 1039 2282 ecclesie
1068 2223 1187 2296 plagam
1219 2239 1313 2296 prope
1344 2222 1441 2280 altare

289 2309 419 2380 diuertit,
437 2321 466 2367 et
484 2313 523 2368 ab
541 2311 635 2368 oculis
653 2311 831 2368 intuentium
850 2311 980 2368 euanuit.
1051 2300 1224 2369 ‘Ailwinus
1242 2327 1315 2366 vero
1333 2327 1442 2366 comes

289 2406 358 2472 post
382 2397 495 2454 obitum
518 2399 613 2455 sancti
637 2398 693 2456 viri
718 2397 809 2456 nimia
834 2399 932 2456 cordis
957 2399 1095 2471 angustia
1119 2408 1150 2457 et
1174 2399 1277 2456 dolore
1302 2416 1442 2470 pressus,

288 2484 429 2542 uniuersa
454 2485 554 2544 carnis
578 2485 657 2544 viam
682 2485 865 2559 ingrediens,
887 2487 1049 2545 Rameseie
1070 2487 1196 2546 cenobio
1220 2487 1359 2559 sepultus
1383 2497 1441 2543 est.

245 2591 275 2644 ¹5
291 2559 375 2632 Cum
388 2583 487 2630 autem
501 2583 624 2630 sanctus
633 2573 794 2632 Oswaldus
807 2575 838 2631 in
852 2575 1007 2632 iuuentute
1020 2593 1074 2632 sua
1087 2577 1118 2632 in
1130 2575 1255 2632 cenobio
1267 2574 1443 2632 floriacensi

289 2659 381 2718 vitam
399 2660 594 2718 monasticam
613 2663 644 2718 in
663 2661 745 2718 omni
764 2664 887 2720 duceret
906 2663 1070 2732 sanctitate,
1090 2663 1172 2720 iuxta
1190 2661 1310 2720 locum'
1328 2663 1360 2719 in
1380 2681 1443 2735 quo

289 2765 375 2806 orare
401 2749 515 2808 solebat
542 2758 606 2806 erat
634 2749 729 2824 cripta
752 2752 892 2823 quedam,
923 2750 998 2823 pro⁸
1025 2751 1138 2808 foribus
1164 2750 1249 2808 cuius
1279 2751 1443 2808 duodecim

289 2853 439 2910 pauperes
456 2846 680 2908 conuersantes,
699 2837 905 2910 quotidianum
924 2838 1071 2895 victuma
1090 2837 1272 2896 monasterio
1291 2838 1444 2912 percipie·

289 2924 370 2993 bant,
391 2925 430 2981 de
451 2923 560 2997 quibus
580 2925 646 2981 viro
668 2925 716 2984 dei
738 2943 841 2984 sacras
863 2925 976 2983 hostias
1000 2926 1139 2984 offerenti
1163 2943 1242 2984 vnus
1266 2925 1441 2985 ministrare

245 3031 276 3080 no
290 3010 454 3070 consueuit.
490 3011 628 3083 Quadam
646 3013 729 3072 enirn
748 3013 797 3070 die
815 3015 887 3070 dum
906 3025 1028 3072 sanctus
1047 3024 1115 3087 post
1133 3013 1324 3086 euangelium
1344 3015 1441 3072 oculis

289 3099 321 3156 in
334 3101 432 3156 celum
446 3099 555 3158 erectis
571 3099 736 3158 orationem
756 3101 951 3174 premitteret,
964 3101 1037 3160 vidit
1051 3101 1187 3160 minister
1199 3102 1266 3159 cius
1278 3105 1441 3162 reuerendi

289 3188 390 3245 vultus
414 3204 577 3261 personam
601 3189 846 3247 candidissimum
873 3207 991 3262 panem,
1016 3191 1072 3248 sed
1096 3191 1259 3262 quantitate
1287 3191 1442 3249 modicum

290 3277 369 3332 inter
388 3293 496 3332 manus
517 3293 593 3348 quas
614 3295 708 3350 vsque
730 3279 768 3334 ad
788 3287 876 3351 caput
896 3295 983 3334 suum
1008 3289 1164 3351 porrectas
1187 3279 1325 3349 habebat,
1348 3280 1442 3355 digno

291 3380 359 3420 curn
380 3363 494 3422 honore
511 3373 675 3423 tenentem.
713 3365 751 3422 Et
769 3365 839 3423 licet
860 3365 952 3422 nimio
972 3366 1079 3422 timore
1099 3365 1277 3438 perterritus
1295 3369 1442 3444 obstupu-

245 3473 276 3526 25
291 3448 374 3519 isset,
393 3448 533 3510 sustinuit
557 3461 667 3524 tamen,
687 3471 743 3510 nec
762 3452 890 3510 subitam
910 3453 1045 3526 arripere
1065 3454 1166 3527 sugam
1188 3455 1287 3512 voluit
1324 3455 1444 3516 Verum

291 3555 359 3595 cum
390 3540 519 3597 eundem
549 3557 660 3614 panem
691 3543 857 3600 secundum
885 3542 1051 3598 sacerdotis
1080 3542 1111 3600 in
1142 3541 1235 3600 missa
1259 3559 1441 3616 processum

291 3625 433 3699 paulatim
451 3645 588 3686 crescere
601 3647 635 3686 ac
647 3629 768 3687 insolite
781 3629 996 3703 magnitudinis
1015 3631 1180 3688 crescendo
1193 3629 1259 3688 lieri
1272 3637 1442 3706 conspexit,

289 3715 367 3771 vltra
389 3714 524 3773 residere
543 3733 604 3773 non
624 3735 724 3785 ausus,
736 3728 823 3775 extra
842 3718 952 3775 ostium
972 3717 1042 3790 iuga
1063 3719 1167 3790 lapsus
1185 3727 1240 3776 est.
1279 3717 1440 3781 Remansit

244 3827 247 3832 ·
291 3801 391 3876 itaque
410 3803 561 3876 presbiter
581 3803 672 3874 solus,
694 3815 724 3862 et
746 3805 797 3878 qui
816 3805 974 3862 videbatur
994 3805 1025 3862 in
1050 3805 1177 3863 dextra⁷
1202 3815 1288 3864 mans
1313 3811 1443 3882 angelus

246 3915 278 3964 ⁴0
291 3891 364 3948 eius.
402 3891 542 3948 Minister
559 3909 632 3948 vero
652 3909 709 3966 per
726 3893 808 3951 vices
830 3893 906 3950 ostio
926 3903 1015 3968 caput
1036 3893 1193 3966 ingerebat
1216 3903 1246 3950 et
1268 3895 1342 3967 quid
1362 3899 1444 3956 circa

291 3979 384 4036 altare
413 3987 577 4052 gereretur,
604 3980 741 4052 trepidus
771 3981 954 4056 explorabat.
998 3981 1135 4054 Cumque
1159 3980 1208 4038 dei
1233 3999 1344 4040 seruus
1371 3989 1444 4059 ‘per

291 4067 392 4123 omnia
413 4067 514 4124 secula
533 4067 720 4126 seculorum'
740 4070 788 4127 et⁸
806 4069 863 4126 alia
881 4069 1000 4140 diceret,
1014 4087 1069 4126 nec
1088 4069 1238 4128 ullatenus
1250 4075 1441 4145 respondere

325 4267 380 4316 ιΕ.
394 4268 552 4320 Scissitatus.
659 4268 895 4321 ¹E.exoluissent
1006 4269 1183 4334 ⁸T.speram.
1307 4272 1441 4326 *Added

292 4331 372 4382 'Wh
391 4334 469 4384 locus.
536 4335 591 4386 ‘'l'.
605 4351 661 4399 pro,
674 4337 704 4388 E.
716 4353 771 4400 pre.
837 4335 893 4386 ἵΤ.
906 4337 1020 4388 dextera.
1087 4336 1226 4388 ⁸E.et&.
