3052 4896
143 231 375 298 usserius]
541 217 617 310 Di
632 214 693 305 ᾖ.
712 215 887 308 fliitiflss.
1219 243 1286 318 55Ῑ

140 438 173 484 vt
189 445 245 484 vno
264 429 311 486 die
325 429 530 488 duodenarium
548 431 695 489 excederet
715 449 864 488 numerum
882 433 988 490 calidas
1006 432 1137 490 intrando
1154 449 1243 505 aquas
1261 443 1290 491 et

141 514 180 567 ab
196 513 237 568 eis
251 515 387 582 exeundo,
399 515 536 586 fueritque
549 517 585 571 ad
599 532 745 586 vesperam
760 526 819 572 tam
836 515 1013 572 indicibiliter
1024 519 1124 586 lassus,
1137 527 1168 574 vt
1179 527 1291 574 mortuo

141 611 227 664 quam
240 596 305 651 uiuo
317 596 434 653 similior
446 608 601 670 appareret.
638 600 708 654 Erat
722 599 812 654 eciam
826 598 933 654 amicus
947 599 1128 668 infirmorum,
1141 617 1290 672 moresque

141 677 356 749 inperfectorum
374 680 490 737 viriliter
510 682 667 750 tollerabat,
689 693 716 738 et
742 683 860 737 sanabat
881 681 1034 754 plurimos;
1060 700 1111 754 per
1129 683 1289 754 sompnium

140 778 209 817 vero
225 763 376 820 manifeste
391 764 484 820 futura
496 764 619 821 videbat.
646 764 671 825 ii
685 766 758 820 Cum
777 765 861 835 igitur
878 783 929 836 per
946 766 1046 821 decem
1064 783 1154 822 annos
1172 767 1318 833 domums

141 843 279 901 Rieuallie
292 855 403 902 strenue
414 847 608 917 gubernasset,
621 865 786 904 concessum
799 859 841 905 est
858 848 884 904 ei
902 848 930 904 iu
942 849 1065 919 capitulo
1076 850 1200 920 generali
1213 851 1289 921 apud

141 927 317 996 Cistercium,
339 947 424 986 causa
449 931 531 987 huius
556 933 698 1002 passionis
723 942 751 988 et
776 933 925 987 multarum
950 949 1064 987 suarum
1088 933 1288 1002 infirmitatum,

139 1011 269 1082 quatinus
282 1011 310 1068 in
324 1013 500 1069 infirmitorio
512 1016 687 1070 manducans
699 1025 727 1070 et
744 1015 885 1071 dormiens
902 1024 1051 1085 ceteraque
1068 1015 1222 1071 infirmitati
1239 1033 1289 1072 sue

138 1097 299 1151 necessaria
312 1096 455 1162 exhibens,
467 1114 523 1152 non
536 1107 631 1154 tamen
647 1116 676 1154 se
694 1099 722 1153 in
739 1099 833 1153 officio
851 1115 902 1153 suo
915 1107 945 1152 vt
965 1098 1092 1153 infirmus
1108 1099 1232 1167 haberet,
1246 1109 1288 1155 set

138 1178 237 1248 pocius
250 1180 373 1252 quedam
386 1181 414 1234 in
431 1191 580 1244 conuentu,
593 1182 705 1252 quando
717 1183 799 1236 vellet
817 1191 845 1237 et
863 1191 967 1252 posset,
980 1181 1085 1238 ordinis
1104 1181 1147 1238 sui
1165 1181 1287 1238 admini-
1305 1199 1335 1237 ιο

139 1271 241 1318 straret
258 1262 386 1334 negocia,
399 1262 501 1320 missas
516 1263 646 1320 videlicet
665 1265 776 1336 publice
795 1265 944 1328 cantando,
964 1273 991 1319 et
1010 1281 1066 1320 non
1085 1265 1161 1320 nulla
1181 1265 1237 1321 alia
1259 1265 1287 1320 in

138 1345 304 1402 utilitatibus
329 1347 449 1402 ecclesie
473 1365 524 1404 sue
544 1365 596 1419 pro
617 1349 679 1403 loco
699 1357 727 1404 et
751 1357 877 1418 tempore
901 1345 1147 1404 subministrando.
1193 1349 1287 1418 Quam

138 1428 353 1498 permissionem
364 1431 522 1486 verecunde
535 1430 700 1502 suscipiens,
708 1431 788 1486 iussit
801 1431 854 1486 sibi
867 1429 927 1486 fieri
937 1432 1112 1486 manseolum
1125 1433 1201 1487 iuxta
1209 1449 1286 1487 com-

138 1528 252 1568 munem
262 1513 362 1568 cellam
375 1513 556 1582 intirmorum,
566 1524 594 1570 et
604 1514 642 1570 ibi
653 1514 820 1580 consistens,
827 1514 947 1569 duorum
958 1513 1061 1568 solacio
1070 1515 1187 1570 fratrum
1197 1515 1286 1572 tocius

137 1593 308 1652 infirmitatis
321 1613 479 1653 succuram
493 1597 619 1664 subiecit,
627 1613 740 1652 omnem
753 1598 897 1653 detestans
906 1597 1078 1667 voluptatem
1090 1609 1119 1652 et
1131 1599 1285 1655 blandicias
1302 1622 1330 1673 ¹⁵

137 1678 278 1736 vanitatis.
304 1681 387 1750 Quod
395 1681 509 1754 quidem
519 1681 666 1752 tigurrium
676 1681 763 1752 patris
773 1681 811 1736 ad
819 1691 927 1735 tantam
935 1679 1160 1736 consolacionem
1169 1681 1286 1738 tratrem

136 1760 297 1818 edificatum
316 1774 367 1831 est,
381 1774 410 1819 vt
425 1765 462 1820 ad
481 1763 549 1820 illud
557 1765 702 1820 venientes
719 1773 747 1820 et
766 1765 796 1819 in
812 1781 847 1820 eo
865 1763 1059 1828 consedentes,
1072 1779 1147 1819 nunc
1166 1777 1197 1819 x.
1209 1781 1285 1821 nunc

136 1855 193 1900 xit.
207 1863 282 1902 nunc
295 1846 384 1902 eciam
404 1847 467 1918 plus
485 1863 571 1918 quam
583 1847 681 1917 viginti
694 1846 825 1902 monachi
838 1847 920 1902 simul
933 1847 1090 1902 conferrent
1103 1846 1141 1901 ad
1153 1846 1285 1904 inuicem.

136 1931 183 1985 De
199 1929 334 2001 spirituali
349 1929 520 2002 [amicicia]¹
533 1930 730 1987 recordacione
747 1931 834 2000 digna
850 1929 1026 2000 conscripsit.
1055 1929 1077 1988 il
1092 1932 1167 1985 Ante
1179 1939 1283 1998 tamen,

135 2013 223 2069 vitam
242 2014 338 2068 Dauid
353 2015 426 2084 regis
445 2014 542 2070 Scocie
557 2016 610 2071 sub
623 2013 717 2084 specie
735 2012 907 2070 lamentandi
920 2012 1018 2079 edidit,
1030 2012 1074 2068 cui
1089 2013 1283 2083 genealogiam
1298 2039 1330 2076 ,ο

134 2095 251 2167 regum¹
262 2097 365 2166 Anglie
376 2114 432 2152 vno
444 2097 515 2153 libro
528 2097 771 2168 comprehendens
785 2096 920 2152 adiunxit.
967 2097 1041 2151 Ante
1059 2105 1171 2167 tempus
1189 2108 1283 2154 autem

135 2177 212 2248 illud,
221 2181 257 2236 de
270 2179 393 2236 leccione
406 2179 569 2252 euangelica
581 2197 635 2253 que
647 2181 689 2236 sic
701 2179 797 2251 incipit
811 2180 900 2235 ‘Cum
910 2179 1000 2234 iactus
1012 2189 1087 2235 esset
1102 2181 1181 2236 lesus
1194 2197 1282 2236 anno-

134 2279 196 2318 rum
207 2262 373 2332 duodecim,'
383 2265 588 2334 exposicionem
596 2263 750 2320 notabilem
760 2273 788 2319 et
796 2261 932 2334 tripharia
939 2261 1123 2317 distinccione
1129 2264 1282 2333 fulgentem

133 2346 246 2402 cuidam
259 2347 399 2402 monacho
415 2347 450 2402 de
469 2349 567 2418 Sartys
582 2347 696 2402 nomine
709 2346 801 2402 Yuoni
813 2363 848 2403 ex
861 2345 1032 2401 bibliotheca
1045 2346 1139 2401 cordis
1155 2347 1197 2402 sui
1214 2363 1282 2402 con·

133 2429 254 2500 scripsit.
291 2432 330 2484 At
356 2429 385 2484 in
410 2428 457 2486 illo
481 2431 632 2487 secretario
656 2431 791 2501 predicto,
812 2441 936 2484 .xxx111.
962 2427 1076 2484 omelias
1102 2446 1186 2500 super
1210 2446 1282 2485 onus
1297 2443 1327 2494 ²5

134 2511 279 2568 Babilonis
301 2512 330 2567 in
350 2513 437 2569 Ysaia
455 2523 484 2569 et
503 2515 626 2584 quedam
646 2513 683 2569 de
704 2513 894 2585 sequentibus,
916 2511 998 2567 valde
1020 2510 1102 2568 vtiles
1123 2529 1208 2568 manu
1230 2530 1282 2569 sua

134 2595 283 2650 scribendo
314 2597 529 2652 consummauit.
566 2597 633 2654 Post
663 2614 734 2669 quas
761 2596 849 2653 edidit
879 2605 937 2651 tres
966 2594 1051 2650 libros
1082 2595 1118 2650 de
1146 2595 1280 2666 spirituali

132 2678 263 2734 amicicia
276 2679 328 2734 sub
341 2680 460 2750 dialogo.
497 2683 536 2735 Et
552 2691 616 2752 post
629 2681 681 2736 hos
698 2679 808 2752 scripsit
822 2679 909 2736 sorori
929 2695 979 2733 sue
996 2677 1110 2745 incluse,
1122 2679 1281 2736 castissime

131 2761 240 2833 virgini,
252 2760 355 2817 librum
369 2763 405 2818 de
422 2763 556 2819 institutis
575 2763 744 2819 inclusarum
751 2761 771 2819 ⁸.
806 2762 831 2823 il
847 2764 912 2833 Quo
927 2762 1076 2832 completo,
1089 2763 1177 2817 vitam
1192 2763 1281 2818 edidit

131 2845 302 2901 sanctissimi
320 2846 394 2915 regis
413 2847 544 2902 Edwardi
564 2845 738 2913 confessoris,
752 2846 855 2901 deinde
873 2845 1065 2914 euangelicam
1077 2845 1230 2902 leccionem
1242 2847 1280 2902 ad
1294 2859 1326 2908 so

130 2931 268 2984 honorem
286 2928 413 2984 eiusdem
432 2929 521 2985 sancti
542 2930 670 3000 exposuit
689 2931 717 2985 in
738 2930 798 2985 eius
819 2927 1024 2998 sollempnitate
1045 2927 1203 2997 legendam,
1225 2945 1280 3000 que

130 3012 172 3068 sic
188 3012 302 3082 incipit:
325 3013 437 3069 ‘Nemo
454 3012 598 3082 accendit?
616 3023 688 3081 etc.;
715 3023 743 3070 et
761 3013 814 3068 hec
835 3010 946 3081 scripsit
960 3019 1075 3080 rogatus
1091 3027 1109 3064 a
1124 3011 1280 3067 Laurencio

130 3096 235 3151 abbate
248 3095 503 3166 westmonasterii,
519 3106 639 3165 cognato
659 3111 720 3152 suo.
765 3097 832 3151 Post
851 3112 904 3167 que
923 3095 959 3149 de
979 3093 1084 3162 anima,
1098 3092 1145 3148 ie
1157 3094 1193 3149 de
1205 3093 1278 3150 illius

129 3189 239 3246 natura,
258 3179 423 3251 quantitate,
445 3196 479 3235 ac
501 3179 662 3246 subtilitate,
682 3190 767 3251 atque
786 3195 844 3234 non
862 3176 947 3233 nullis
965 3177 1003 3232 ad
1024 3176 1148 3232 animam
1168 3177 1279 3248 proprie

129 3263 343 3334 pertinentibus,
367 3273 425 3318 tres
449 3263 534 3319 libros
559 3264 725 3335 composuit,
746 3272 788 3319 set
807 3261 933 3328 tercium,
952 3271 1043 3315 morte
1066 3259 1277 3327 interueniente,
1291 3270 1323 3323 ss

128 3363 187 3401 non
199 3345 358 3417 compleuit
395 3347 545 3402 Sermones
559 3346 649 3403 eciam
666 3345 866 3403 disertissimos
883 3345 912 3400 in
930 3343 1058 3415 capitulis
1073 3353 1102 3399 et
1120 3342 1149 3398 in
1163 3344 1278 3414 synodis

128 3439 242 3486 centum
260 3429 409 3500 perorauit.
447 3431 523 3486 lnter
537 3431 590 3486 hec
607 3430 740 3501 epistolas
757 3430 794 3485 ad
810 3445 923 3500 papam,
941 3437 969 3484 et
991 3443 1086 3498 regem
1104 3427 1232 3494 Francis,
1248 3437 1277 3484 et

128 3512 240 3583 Anglie,
252 3522 282 3568 et
297 3513 402 3579 Scocie,
416 3514 454 3569 ad
470 3513 698 3585 archiepiscopos
717 3509 951 3582 cantuar[ienses]
973 3520 1001 3566 et
1017 3507 1235 3581 eb0r[acenses],
1248 3521 1277 3566 et

127 3597 186 3652 sere
199 3596 236 3650 ad
248 3612 345 3652 omnes
357 3597 506 3668 episcopos
514 3597 625 3667 Anglie,
638 3607 666 3653 et
678 3597 750 3653 alias
762 3599 855 3667 plures
869 3611 1013 3666 personas,
1026 3603 1167 3650 trecentas
1179 3593 1276 3650 edidit.

128 3680 272 3751 Opuscula
288 3689 383 3735 autem
395 3679 456 3736 eius
475 3680 504 3735 in
520 3681 597 3736 libris
614 3689 642 3737 et
660 3681 825 3737 tractatibus
841 3677 982 3750 pretactis,
1001 3687 1029 3732 et
1045 3677 1109 3732 aliis
1129 3676 1275 3744 similibus,
1288 3687 1322 3737 4ο

127 3764 165 3820 ad
181 3763 352 3818 vicenarium
371 3779 519 3818 numerum
539 3765 585 3818 vel
604 3766 675 3820 vltra
696 3763 864 3835 pertingunt,
882 3772 974 3833 preter
991 3777 1135 3816 sermones
1153 3769 1275 3827 centum,

126 3857 154 3903 et
176 3857 292 3902 xxxm.
310 3847 427 3902 omelias
446 3847 476 3902 in
494 3847 625 3903 oneribus
645 3847 772 3918 superius
793 3845 963 3911 memoratis,
984 3853 1012 3900 et
1033 3855 1127 3915 preter
1142 3842 1275 3913 epistolas

124 3939 272 3988 trecentas.
309 3931 372 3986 Nec
388 3931 605 4003 pretereundum
626 3941 670 3986 est
689 3931 830 4002 quomodo
851 3929 957 3985 subeo
977 3926 1064 3983 creuit
1085 3927 1187 3982 domus
1206 3925 1274 3981 Rie-

125 4014 217 4068 uallie
254 4012 358 4070 Omnia
369 4013 444 4069 enim
459 4013 671 4086 dupplicauerat
685 4014 713 4069 in
728 4031 771 4083 ea,
783 4013 947 4080 monachos,
959 4027 1118 4080 conuersos,
1131 4008 1232 4066 fundos
1245 4019 1273 4065 et

124 4096 233 4168 predia,
261 4105 291 4152 et
317 4095 540 4168 suppellectilem
568 4097 745 4166 vniuersam3
780 4096 944 4167 religionem
975 4111 1043 4151 vero
1072 4103 1100 4150 et
1127 4092 1273 4150 caritatem
1287 4105 1318 4156 ss

158 4221 166 4250 ¹
184 4235 234 4271 om.
300 4219 311 4250 ³
327 4222 382 4272 MS.
394 4222 468 4286 regis.
542 4221 552 4251 ⁸
569 4221 728 4284 incomplete
740 4221 765 4271 in
779 4220 868 4284 Migne
882 4233 944 4284 195:
961 4221 1006 4271 tbe
1020 4235 1070 4284 gap
1081 4219 1104 4270 is
1115 4219 1234 4283 supplied
1245 4218 1273 4268 in

123 4287 169 4337 the
181 4287 233 4336 Old
246 4285 320 4350 Engl.
332 4287 421 4339 nansi.
434 4287 464 4337 ol
473 4285 529 4338 MS.
541 4285 658 4347 Vernos,
670 4288 711 4338 ed.
724 4287 750 4337 in
763 4287 838 4350 Engl.
849 4287 966 4338 Studien.
