3012 4898
269 315 343 388 314
594 291 726 382 lauta
749 288 941 396 lentum
964 289 1116 395 fittrllr.

268 491 354 565 nigro
383 491 499 566 capillo,
520 491 596 552 facie
625 493 794 564 macilenta,
816 509 890 552 naso
920 493 1038 552 adunco
1068 492 1215 566 pertenui,
1234 490 1421 552 venerabilis

269 580 358 638 simul
384 591 414 638 et
437 579 581 638 terribilis
604 590 738 655 aspectu.
787 581 902 638 Habuit
925 591 1026 640 autem
1057 599 1161 638 secum
1190 581 1222 637 in
1252 579 1422 638 ministerio

269 667 411 726 Iacobum
429 669 597 739 diaconum,
610 669 707 726 virum
720 670 822 743 vtique
834 669 1013 726 industrium
1030 677 1060 725 et
1074 669 1205 726 nobilem
1224 669 1256 725 in
1276 667 1420 726 Christo:

268 755 319 829 qui
336 773 434 829 vsque
452 757 490 814 ad
508 765 646 830 tempora
665 757 747 816 Bede
765 756 940 830 permansit
1015 744 1205 814 Martirizato
1222 764 1328 814 autem
1349 772 1422 828 rege

241 843 397 912 5Edwino
414 845 599 918 turbatisque
616 847 715 916 rebus,
730 845 882 914 Paulinus,
894 853 1050 917 assumpta
1068 861 1173 902 secum
1191 844 1298 917 regina
1318 843 1424 900 Ethel-

269 931 372 1006 burga,
392 932 478 990 rediit
498 932 639 990 Caueiam
657 933 777 1008 nauigio
787 933 806 1004 ¹,
824 942 913 1006 atque
930 934 969 989 ab
989 931 1126 990 Honorio
1144 931 1376 1004 archiepiscopo
1393 939 1423 988 et

269 1037 341 1093 rege
355 1020 490 1078 Edbaldo
503 1021 667 1080 honorilice
679 1029 840 1095 susceptus
853 1031 908 1080 est.
926 1019 1018 1078 Venit
1030 1030 1130 1078 autem
1142 1020 1211 1077 illuc
1224 1021 1304 1076 duce
1316 1019 1425 1088 Basso,

270 1107 364 1165 milite
388 1110 469 1180 regis
495 1108 612 1166 Edwini
632 1108 804 1179 fortissimo,
821 1110 937 1166 habens
959 1125 1062 1166 secum
1083 1107 1260 1166 Eanssedam
1279 1107 1378 1164 filiam
1394 1115 1426 1162 et

272 1195 451 1254 lossridum¹
463 1196 558 1254 filium
572 1196 699 1267 Edwini,
711 1214 830 1256 necnon
843 1207 873 1254 et
883 1196 943 1254 Yffi
956 1197 1050 1254 filium
1064 1195 1176 1254 Osiridi
1189 1195 1241 1252 filii
1254 1196 1334 1265 eius,
1347 1211 1425 1268 quos

227 1302 258 1341 ro
270 1293 375 1358 postea
399 1291 496 1342 mater
520 1293 602 1342 metu
628 1284 756 1342 Edbaldi
780 1294 813 1342 et
837 1283 970 1342 Oswaldi
995 1301 1101 1356 regum
1131 1283 1211 1340 misit
1234 1284 1265 1338 in
1293 1281 1424 1340 Galliam

271 1371 447 1428 nutriendos
469 1375 531 1444 regi
553 1373 733 1446 Dagoberto,
751 1374 803 1447 qui
827 1381 892 1430 erat
916 1374 1031 1430 amicus
1056 1374 1140 1442 eius;
1167 1369 1218 1444 qui
1243 1371 1275 1426 in
1298 1369 1427 1428 infantia

271 1460 379 1516 mortui
393 1469 471 1517 sunt.
508 1459 615 1518 Attulit
632 1459 753 1518 autem⁸
764 1477 868 1518 secum
880 1477 954 1518 vasa
969 1459 1106 1533 preciosa
1124 1458 1240 1516 Edwinl
1257 1459 1343 1532 regis
1358 1476 1427 1532 per·

271 1547 367 1620 plura,
379 1557 410 1605 et
428 1564 548 1608 crucem
567 1565 707 1622 magnam
720 1565 843 1606 auream
861 1557 892 1604 et
910 1547 1033 1606 calicem
1051 1563 1185 1616 aureum,
1197 1563 1258 1618 que
1275 1547 1427 1604 hactenus

272 1634 302 1692 in
325 1635 452 1694 ecclesia
471 1635 582 1694 Cancie
606 1645 783 1692 conseruata
807 1644 1021 1694 monstrantur.
1066 1635 1144 1706 Quia
1167 1650 1240 1690 vero
1262 1633 1428 1691 Romanus

230 1724 375 1796 15presul
389 1723 527 1782 roffensis
542 1726 580 1781 ab
594 1723 750 1781 Honorio*
763 1724 861 1782 Rome
876 1723 988 1782 missus
1001 1725 1161 1797 absorptus
1173 1721 1268 1778 fuerat
1282 1721 1428 1778 fluctibus

271 1811 361 1868 italici
381 1811 501 1882 maris³,
522 1811 673 1882 Paulinus,
695 1811 841 1871 inuitante
862 1811 1007 1882 Honorio,
1026 1811 1233 1884 episcopatum
1257 1809 1426 1866 roffensem

272 1903 412 1972 suscepit,
426 1909 457 1956 et
475 1900 617 1972 quamdiu
632 1899 706 1956 vixit
725 1901 828 1958 tenuit.
866 1898 901 1956 In
920 1917 980 1973 qua
997 1897 1126 1956 ecclesia
1144 1896 1277 1954 moriens
1296 1897 1427 1972 pallium

272 2003 361 2044 suum
381 1986 508 2060 reliquit
546 1987 722 2060 Reliquerat
742 1997 843 2046 autem
865 1989 896 2044 in
921 1986 1049 2046 ecelesia
1075 1985 1251 2044 eboracensi
1279 1983 1426 2044 Iacobum

271 2075 431 2132 diaconum
450 2091 548 2144 suum,
561 2075 658 2132 virum
676 2074 778 2148 vtique
796 2073 1030 2132 ecclesiasticum
1049 2083 1080 2132 et
1098 2083 1243 2140 sanctum,
1256 2071 1309 2146 qui
1328 2073 1428 2130 multo

230 2183 260 2222 ao
273 2172 409 2236 tempore
428 2162 468 2220 ibi
487 2179 624 2232 manens
642 2179 767 2236 magnas
785 2163 907 2237 antiquo
923 2162 1003 2220 hosti
1020 2163 1129 2236 predas
1147 2161 1283 2219 docendo
1302 2169 1334 2218 et
1352 2161 1428 2232 bap-

273 2251 392 2307 tizando
404 2251 519 2324 en'puit
589 2237 733 2308 Tandem
747 2259 869 2308 sanctus
880 2250 1022 2308 Paulinus
1034 2250 1065 2306 in
1079 2257 1234 2308 senectute
1244 2248 1333 2315 bona,
1342 2265 1429 2304 anno

272 2337 386 2395 domini
411 2339 633 2396 sexcentesimo
658 2339 1004 2412 quadragesimoquarto,
1025 2347 1112 2396 sexto
1133 2338 1201 2394 idus
1221 2337 1364 2406 octobris,
1387 2339 1428 2394 ad

271 2427 428 2484 dominum
447 2426 593 2500 migrauit,
606 2435 636 2484 et
655 2429 686 2484 in
706 2426 874 2486 Secretario
891 2427 971 2484 beati
984 2427 1116 2493 Andree,
1129 2425 1209 2498 quod
1228 2424 1428 2482 Ethelbertus

273 2531 329 2570 rex
354 2513 386 2570 in
410 2513 529 2570 ciuitate
553 2513 675 2572 roffensi
702 2531 721 2572 a
748 2513 951 2572 fundamentis
970 2521 1187 2578 construxerat,
1207 2511 1345 2584 sepultus
1369 2521 1427 2570 est

229 2626 259 2677 ²⁵
273 2600 404 2674 ‘Elapso
416 2609 517 2658 autem
530 2602 623 2658 multo
635 2589 780 2676 tempore,
795 2601 978 2675 Gundulpho
996 2600 1107 2658 ibidem
1126 2599 1328 2674 pontificante,
1343 2598 1428 2656 Lan·

272 2687 393 2746 francus
421 2688 666 2764 archiepiscopus
689 2699 823 2748 veterem
847 2689 1005 2748 ecclesiam
1030 2689 1108 2746 beati
1133 2687 1257 2746 Andree
1288 2686 1427 2746 funditus

271 2775 420 2834 destruxit
432 2793 602 2850 nouamque
616 2777 768 2835 basilicam
780 2777 971 2848 reedificauit,
979 2793 1049 2836 ossa
1058 2774 1153 2834 sancti
1164 2775 1279 2834 Paulini
1291 2777 1331 2832 de
1342 2783 1429 2834 terra

272 2864 385 2921 leuauit
404 2863 483 2921 etin
502 2863 613 2922 scrinio
630 2863 793 2924 honorifice
811 2865 974 2923 collocauit
1045 2851 1144 2922 ⁸Erat
1166 2872 1267 2920 autem
1285 2871 1428 2920 matrona

272 2953 402 3026 quedam
420 2951 499 3010 inter
514 2951 588 3010 alias
605 2970 665 3026 que
683 2953 723 3010 ibi
741 2955 867 3012 aderant
886 2951 1056 3010 infirmitate
1075 2951 1209 3024 corporis
1227 2951 1274 3007 sui
1291 2961 1428 3024 grauata,

229 3065 261 3115 30
274 3041 329 3098 sed
342 3041 435 3097 multo
447 3040 664 3098 vehementiori
677 3040 802 3098 sceleris
815 3042 949 3114 pondere
962 3057 1086 3114 pressa3
1105 3057 1166 3113 que
1177 3039 1214 3096 ad
1228 3038 1427 3112 sepulchrum

273 3129 369 3188 sancti
383 3129 499 3186 Paulini
512 3130 669 3200 accedens,
680 3139 783 3188 votum
795 3129 1034 3202 deuot(issim)e⁷
1047 3127 1196 3185 commisit
1208 3127 1288 3200 quod
1302 3127 1396 3200 (ipsa)
1408 3127 1428 3197 ⁸,

273 3217 299 3276 si
312 3219 350 3274 ab
363 3217 535 3275 infirmitate
551 3235 606 3274 sua
622 3216 736 3276 meritis
753 3217 831 3275 beati
850 3216 965 3274 Paulini
981 3215 1102 3274 liberari
1119 3223 1293 3284 mereretur,
1308 3213 1427 3272 lacinus

273 3304 306 3362 in
325 3323 384 3378 quo
403 3304 513 3362 misera
530 3305 671 3374 iacuerat,
690 3307 789 3379 quoad
807 3305 923 3363 viueret
941 3307 1049 3362 iterum
1068 3321 1129 3360 non
1148 3302 1367 3362 committeret:
1396 3313 1428 3361 et

273 3393 412 3466 protinus
423 3391 543 3450 sanitati
556 3395 691 3450 restituta
702 3402 758 3450 est.
797 3393 864 3450 Non
878 3393 1003 3450 multum
1016 3409 1089 3450 vero
1104 3400 1181 3464 post,
1193 3389 1270 3448 sicut
1285 3392 1373 3448 canis
1387 3393 1427 3448 ad

230 3504 260 3554 35
273 3479 428 3550 vomitum,
436 3479 597 3554 instigante
609 3481 728 3538 diabolo
740 3481 827 3538 rediit
839 3481 877 3538 ad
890 3489 1055 3554 peccatum.
1092 3479 1168 3536 Cum
1180 3487 1280 3535 autem
1292 3479 1340 3536 vir
1351 3495 1428 3536 suus

274 3585 367 3640 super
385 3566 509 3626 crimine
533 3569 597 3626 lese
622 3569 786 3627 maiestatis
810 3568 1012 3637 infamaretur,
1033 3576 1170 3624 matrona
1193 3565 1242 3622 illa
1266 3567 1427 3624 candelam

274 3655 339 3714 fien'
352 3656 429 3726 fecit,
439 3673 530 3730 quam
542 3658 581 3714 ad
593 3657 750 3716 ecclesiam
763 3658 859 3714 sancti
868 3657 994 3714 Andree
1001 3655 1121 3713 detulit:
1141 3655 1217 3712 etad
1228 3654 1427 3727 sepulchrum

274 3743 369 3802 sancti
389 3743 505 3802 Paulini
523 3745 654 3818 primum
672 3746 798 3820 gradum
817 3745 991 3810 ascendens,
1010 3742 1040 3801 vi
1058 3743 1188 3817 quadam
1205 3742 1327 3814 repulsa
1345 3753 1429 3800 retro

272 3832 354 3904 abiit,
373 3842 403 3891 et
426 3831 489 3890 fere
510 3835 548 3892 ad
568 3844 678 3890 terram
697 3832 810 3892 cecidit
841 3832 879 3889 Et
903 3831 1016 3888 mirans
1040 3831 1199 3888 estimabat
1220 3830 1302 3902 quod
1326 3830 1429 3904 aliquo

229 3945 262 3996 40
275 3920 410 3994 corporis
432 3921 479 3978 sui
499 3930 551 3978 aut
570 3921 681 3980 mentis
706 3921 824 3979 delectu
848 3920 904 3978 hoc
929 3919 1117 3978 accidisset⁹2
1137 3918 1176 3975 ad
1196 3918 1324 3991 gradum
1345 3921 1427 3976 vnde

275 4009 397 4084 repulsa
409 4019 473 4067 erat
488 4009 583 4080 rediit,
602 4011 656 4066 sed
670 4009 751 4068 nullo
763 4009 920 4068 conamine
936 4008 1101 4066 ascendere
1118 4005 1222 4080 potuit.
1258 4003 1355 4078 Quasi
1372 4024 1428 4080 per

309 4165 366 4216 ¹E.
379 4166 483 4230 nauigio
495 4165 616 4216 Caurium
629 4167 712 4218 rediit.
835 4164 1090 4216 'Bequsciream
1208 4160 1427 4227 'Redquoque¹

275 4230 284 4261 ⁴
304 4232 367 4282 Bed.
379 4233 413 4282 ad
427 4232 572 4282 Houorium
583 4247 676 4296 papam
687 4248 704 4282 a
716 4232 787 4282 lusto
798 4232 1001 4294 archiepiscopo.
1051 4229 1061 4260 ⁸
1079 4229 1108 4280 E.
1120 4228 1200 4280 italici
1211 4229 1289 4279 maris
1300 4229 1428 4280 fluorum

275 4296 727 4414 incriwtztiimilclilefidiisii'mn
741 4297 774 4350 11.
854 4295 911 4350 ¹T.
923 4298 1032 4361 deuote,
1049 4295 1078 4346 E.
1090 4294 1264 4346 deuotissine.
1350 4294 1426 4346 'om
