3062 4888
269 273 343 350 574
703 251 906 354 wirma
934 255 985 330 11.

352 557 432 612 Bulla
444 557 481 612 de
492 555 679 614 translacione
692 557 781 613 sancti
795 556 939 695 Eglmuqrgi
953 556 1142 625 sollempniter
1153 557 1190 612 ab
1201 557 1339 615 uniuersis

756 643 814 696 cele
835 657 885 695 ran

309 768 488 824 Nnocencius
501 780 569 834 .111J.
581 767 729 840 episcopus
741 786 839 826 seruus
854 785 999 825 seruorum
1014 769 1058 825 dei
1071 769 1274 826 venerabilibus
1285 771 1416 828 fratribus

330 851 547 922 archiepiscopis
556 861 585 906 et
593 852 732 924 episcopis
741 870 775 908 ac
784 853 892 908 dilectis
902 852 964 908 liliis
973 853 1133 921 abbatibus,
1141 853 1285 924 prioribus,
1294 856 1419 922 decanis,

267 934 483 1004 archidiaconis,
501 935 618 1006 aliisque
642 935 756 1006 prelatis
782 935 962 991 ecclesiarum
983 946 1011 991 et
1030 935 1138 992 clericis
1160 938 1188 991 in
1208 955 1296 1007 regno
1315 940 1417 1009 Anglie
1509 951 1510 1008 l

268 1017 427 1073 constitutis
451 1018 569 1073 salutern
594 1027 623 1073 et
647 1019 830 1090 apostolicam
851 1019 1085 1075 benedictionem.
1132 1021 1241 1091 Religio
1262 1022 1418 1078 christiana
1509 1013 1510 1034 ¹

241 1125 255 1174 5
269 1116 322 1170 que
334 1117 475 1172 nunquam
485 1100 637 1156 retribuere
650 1113 742 1172 potest
754 1103 809 1158 deo
822 1119 873 1173 pro
885 1101 939 1157 hiis
953 1119 1007 1174 que
1019 1101 1115 1158 tribuit
1127 1103 1188 1174 ipse
1199 1105 1262 1170 sibi,
1276 1105 1416 1160 maiestati

268 1181 363 1238 diuine
375 1192 484 1252 gratum
498 1193 604 1254 prestat
616 1184 780 1256 obsequium
798 1185 912 1255 quando
930 1201 981 1256 pro
999 1183 1087 1255 ipsius
1104 1186 1191 1256 gloria
1207 1196 1235 1242 et
1251 1187 1358 1242 honore
1370 1189 1417 1259 pie

268 1266 430 1322 deuocionis
453 1267 555 1322 affectu
585 1277 714 1338 procurat
745 1284 842 1322 eorum
866 1267 991 1323 venerari
1022 1268 1187 1324 memoriam
1217 1269 1264 1338 qui
1295 1287 1417 1340 superno

268 1359 428 1404 meruerunt
447 1365 562 1406 munere
581 1350 681 1406 sociari
700 1350 808 1406 cetibus
825 1351 991 1406 beatorum:
1016 1367 1080 1405 cum
1099 1351 1159 1422 ipsa
1176 1351 1289 1420 veritas,
1302 1369 1356 1422 que
1374 1365 1419 1409 est

268 1432 346 1498 deus,
359 1433 434 1502 quod
447 1433 494 1488 vni
507 1451 541 1487 ex
553 1432 677 1488 minimis
693 1433 751 1488 suis
768 1434 798 1487 lit
815 1433 868 1488 sibi
885 1433 953 1502 fieri,
966 1443 994 1488 et
1006 1431 1035 1487 in
1053 1433 1140 1489 seruis
1156 1435 1214 1490 suis
1228 1451 1258 1489 se
1270 1436 1418 1504 perhibeat

226 1533 256 1570 ιο
268 1515 407 1570 honorari.
443 1517 518 1572 Sane
536 1515 601 1571 licet
617 1516 692 1572 beati
712 1517 855 1572 Edmundi
874 1516 946 1586 regis
960 1516 1116 1586 Anglorum
1134 1527 1162 1572 et
1180 1517 1300 1572 martiris
1319 1518 1418 1573 inclita

267 1597 387 1669 felixque
404 1598 547 1666 memoria,
560 1598 728 1654 excellencia
746 1599 821 1670 regie
836 1599 982 1668 dignitatis
1000 1609 1028 1654 et
1044 1598 1170 1654 martirio
1186 1599 1316 1668 gloriosa,
1329 1600 1418 1670 digne

268 1681 303 1736 sit
311 1682 412 1753 ubique
422 1691 557 1737 terrarum
568 1681 662 1753 populi
673 1681 817 1737 christiani
827 1681 930 1736 celebri
938 1680 1124 1736 veneracione
1136 1681 1264 1748 colenda,
1275 1681 1302 1736 in
1312 1683 1418 1751 Anglie

266 1775 361 1820 tamen
373 1782 459 1835 regno
471 1765 654 1820 reuerenciori
668 1764 720 1820 coli
733 1765 818 1819 debet
830 1763 974 1836 obsequio,
987 1763 1034 1819 ubi
1048 1780 1095 1818 rex
1108 1764 1166 1834 ipse
1179 1765 1277 1820 beatus
1290 1765 1417 1834 regalem

267 1847 388 1919 optinuit
411 1848 509 1903 sedem
532 1857 560 1902 et
585 1849 703 1918 adeptus
727 1857 770 1902 est
793 1847 908 1902 tandem
932 1845 1047 1900 martirii
1071 1845 1245 1916 dignitatem.
1290 1847 1419 1917 Ideoque

224 1947 253 1998 1⁵
267 1931 477 1986 uniuersitatem
489 1940 609 1986 vestram
622 1947 754 1999 rogamus
769 1939 797 1985 et
815 1930 959 1984 hortamur
975 1937 1082 1984 attente
1099 1945 1150 1998 per
1166 1927 1322 1998 apostolica
1334 1930 1418 1986 vobis

267 2014 372 2084 scripta
396 2013 572 2080 mandantes,
593 2013 724 2084 quatinus
749 2011 855 2068 dictum
879 2011 970 2081 gentis
992 2019 1084 2066 vestre
1108 2029 1201 2080 regem
1222 2021 1250 2067 et
1271 2011 1417 2067 martirem

266 2113 284 2152 a
305 2096 419 2151 domino
437 2095 517 2150 vobis
536 2096 632 2150 datum
651 2093 764 2165 speciali
783 2093 937 2149 deuocione
956 2094 1081 2148 colentes
1100 2094 1201 2149 festum
1219 2095 1419 2152 translacionis

267 2179 355 2248 ipsius
375 2177 520 2233 annuatim
540 2176 568 2232 in
587 2177 711 2233 ecclesiis
725 2175 824 2233 vestris
843 2176 944 2246 singuli
962 2175 1115 2247 procuretis
1134 2178 1323 2248 sollempniter
1341 2179 1417 2233 cele-

266 2261 357 2330 brare,
370 2261 478 2316 firmam
492 2278 571 2332 spem
584 2259 770 2331 fiduciamque
783 2260 905 2314 tenendo
920 2259 994 2329 quod
1008 2259 1031 2314 si
1044 2277 1107 2314 curn
1121 2259 1150 2314 in
1162 2259 1242 2315 terris
1255 2271 1417 2317 reuerenter

224 2363 255 2402 ao
267 2343 389 2398 venerati
407 2343 521 2408 fueritis,
536 2343 625 2412 ipsum
643 2359 694 2412 pro
708 2343 789 2398 uobis
803 2343 970 2397 aduocatum
986 2341 1015 2396 in
1029 2341 1098 2396 celis
1112 2343 1263 2398 efficaciter
1274 2343 1415 2398 sencietis.

268 2426 374 2480 Daturn
396 2424 524 2496 Lugduni
545 2425 591 2496 iij.
611 2424 704 2481 Nonis
724 2424 795 2495 Iulii,
816 2423 995 2496 pontificatus
1014 2425 1100 2480 nostri
1121 2442 1196 2480 anno
1213 2426 1272 2496 .vj⁰.
1289 2435 1319 2482 et
1338 2442 1415 2482 anno

266 2508 373 2565 domini
389 2509 465 2576 1248.

457 2684 529 2739 ltem
542 2683 578 2740 de
590 2684 777 2740 translacione
789 2683 879 2739 sancti
893 2683 1037 2738 Edmundi
1050 2683 1228 2740 celebranda.

333 2811 459 2868 Niuersis
478 2822 623 2882 presentes
644 2812 738 2867 literas
760 2810 925 2882 inspecturis
949 2812 1035 2867 irater
1052 2813 1209 2869 Willelmus
1227 2812 1264 2869 de
1286 2813 1416 2872 Claxtor'r.

368 2895 444 2966 prior
462 2896 578 2951 ecclesie
599 2895 768 2950 cathedralis
787 2905 884 2950 sancte
901 2895 1034 2952 trinitatis
1056 2896 1188 2963 Norwici,
1207 2897 1366 2953 Reuerendi
1386 2899 1416 2954 in

222 2989 252 3040 ²5
268 2978 380 3034 Christo
393 2979 480 3049 patris
493 2988 521 3035 et
534 2977 648 3047 domini,
661 2977 765 3033 domini
778 2977 911 3033 Willelmi
926 2978 970 3032 del
984 2977 1077 3048 gracia
1097 2980 1124 3033 N
1127 2979 1220 3034 onvici
1238 2980 1365 3052 episcopi
1386 2983 1416 3038 in

265 3062 380 3117 remotis
393 3061 501 3132 agentis
513 3061 632 3116 vicarius
651 3061 679 3115 in
698 3059 888 3131 spiritualibus
906 3063 1052 3130 generalis,
1064 3063 1182 3116 salutem
1201 3061 1229 3116 in
1248 3064 1374 3132 domino,
1387 3076 1417 3121 et

266 3144 351 3199 fidem
371 3145 515 3201 indubiam
537 3144 713 3216 presentibus
734 3143 877 3198 adhibere.
922 3143 1065 3200 Noueritis
1088 3145 1164 3215 quod
1185 3147 1351 3202 venerabilis
1371 3149 1417 3203 vir

265 3227 399 3298 magister
422 3230 549 3283 Thomas
573 3229 610 3283 de
635 3227 816 3282 Methelwold
842 3226 910 3282 iuris
941 3227 1030 3282 ciuilis
1060 3227 1208 3297 professor,
1233 3228 1301 3282 dicti
1327 3231 1418 3299 patris

221 3413 253 3464 30
264 3393 384 3448 ecclesia
398 3393 550 3449 cathedrali
569 3393 691 3448 Norwici
704 3393 830 3464 predicta
842 3393 941 3464 primo,
954 3402 981 3448 et
999 3393 1100 3448 deinde
1113 3393 1159 3448 die
1172 3394 1236 3448 lune
1248 3393 1295 3463 iij.
1308 3397 1418 3452 mensis

265 3476 330 3547 maij
351 3476 477 3531 eiusdem
501 3476 568 3530 anni
592 3477 621 3530 in
646 3477 765 3532 ecclesia
786 3476 963 3531 conuentuali
988 3485 1084 3532 sancte
1103 3475 1236 3530 trinitatis
1258 3477 1417 3547 Gippewiei

265 3559 293 3612 N
296 3558 386 3612 orwici
397 3558 515 3614 diocesis
526 3557 553 3614 in
564 3559 651 3630 plenis
665 3559 780 3629 synodis
793 3560 897 3629 pasche
910 3576 960 3628 per
971 3559 1092 3613 eundem
1105 3559 1252 3613 officialem
1265 3560 1417 3618 celebratis

263 3643 300 3698 de
320 3641 455 3696 mandato
473 3651 570 3698 nostro
589 3641 650 3696 vice
668 3653 696 3697 et
717 3641 882 3696 auctoritate
902 3641 968 3696 dicti
990 3639 1096 3696 domini
1118 3641 1242 3712 episcopi
1261 3642 1417 3714 ordinauit,

264 3725 426 3797 publicauit,
438 3743 472 3781 ac
485 3726 569 3780 statui
582 3725 655 3794 lecit,
668 3725 744 3796 qnod
755 3725 857 3779 festum
871 3724 1064 3779 translacionis
1078 3724 1168 3779 sancti
1182 3724 1327 3779 Edmundi
1340 3728 1417 3794 regis

220 3829 251 3880 35
265 3819 293 3865 et
317 3809 437 3864 martiris
460 3809 558 3864 suturis
582 3807 753 3878 temporibus
773 3807 855 3862 annis
882 3807 999 3877 singulis
1029 3806 1219 3877 sollempniter
1242 3807 1271 3862 in
1296 3807 1417 3878 singulis

264 3892 390 3948 ecclesiis
402 3891 522 3947 ciuitatis
534 3901 561 3946 et
575 3891 694 3946 diocesis
708 3890 896 3945 Norwicensis
909 3891 954 3944 die
967 3889 1121 3960 penultimo
1130 3889 1236 3944 mensis
1244 3890 1340 3960 aprilis
1349 3909 1417 3947 curn

263 3975 398 4046 regimine
409 3975 486 4030 chori
496 3975 688 4039 celebraretur,
701 3984 842 4028 annuente
854 3975 890 4028 ad
904 3973 958 4028 boc
976 3983 1036 4028 toto
1054 3974 1130 4028 clero
1148 3972 1177 4027 in
1196 3973 1278 4028 dictis
1296 3975 1416 4044 synodis

264 4066 441 4128 congregato.
473 4057 506 4110 ln
520 4057 598 4112 cuius
610 4055 650 4110 rei
660 4056 849 4111 testimonium
859 4055 980 4125 sigillum
993 4055 1085 4126 quoin
1095 4055 1253 4111 huiusmodi
1263 4057 1416 4113 vicariatus

265 4140 468 4195 officiovtimur
476 4139 652 4210 presentibus
660 4139 789 4194 duximus
801 4140 1009 4210 apponendum.
1041 4139 1147 4194 Datum
1160 4140 1236 4209 apud
1250 4141 1415 4195 Norwicum

219 4232 253 4282 40
264 4222 311 4278 die
323 4221 386 4291 viij⁰
397 4221 465 4278 dicti
483 4221 590 4278 mensis
602 4221 672 4277 Maii
686 4239 760 4277 anno
774 4220 882 4276 domini
901 4221 1069 4291 supradicto.
1107 4221 1251 4291 Originsle
1270 4221 1352 4278 istius
1370 4232 1415 4278 est

264 4305 301 4360 ad
313 4305 446 4360 teretrum
458 4305 487 4360 in
500 4305 599 4360 cistula
611 4322 676 4361 cum
688 4304 775 4361 literis
788 4305 1028 4375 indulgenciamm
1040 4314 1069 4360 et
1079 4303 1171 4360 buflis
