3064 4882
296 327 366 399 104
595 285 735 392 “meua
760 301 949 406 temone
973 301 1126 406 doma.

293 519 366 560 auro
387 503 543 562 contexta¹
564 505 709 560 decenter
727 503 809 560 illam
828 521 949 574 ornans,
968 503 1062 561 dixit:
1090 504 1213 560 ‘Parata
1231 513 1298 560 esto
1321 512 1351 561 et
1372 503 1440 560 veni

293 591 458 660 nobiscum,
471 600 503 649 vt
521 592 745 648 introducamus
762 599 793 648 te
811 591 842 647 in
862 608 988 666 regnum
1007 591 1101 664 patris
1118 591 1178 648 tui!
1216 592 1291 661 Que,
1304 607 1374 648 cum
1388 609 1441 664 pre

293 680 401 751 gaudio
426 679 503 736 fleus
528 680 653 752 angelos
682 679 768 753 sequi
793 678 891 746 vellet,
916 679 1063 754 euigilans
1093 679 1188 736 sensit
1212 697 1323 752 corpus
1353 695 1440 735 suum

293 767 426 825 febribus
434 769 590 840 aggrauari
604 777 634 824 et
642 768 733 824 finem
745 785 833 824 suum
842 768 1017 826 imminere:
1032 769 1202 841 accitoque¹
1211 767 1441 825 sanctoCadoco

264 871 278 922 5
292 855 348 913 ait:
369 855 486 914 ‘Locus
499 855 555 914 iste
568 865 615 912 est
627 873 717 928 quem
731 872 786 928 pre
799 857 908 913 ceteris
924 857 1032 929 diligo:
1053 856 1100 912 hic
1117 857 1173 913 erit
1191 855 1336 913 memoria
1356 873 1441 912 mea:

292 943 391 1000 locum
405 944 485 1000 hunc
497 943 600 1016 sepius
612 944 643 999 in
663 943 778 1016 spiritu,
791 943 817 1000 si
834 943 956 1010 licuerit,
969 943 1112 1002 visitabo:
1132 945 1232 1001 licebit
1249 953 1360 1014 autem,
1373 942 1442 1016 quia

294 1032 435 1088 dominus
449 1032 527 1088 hunc
545 1031 634 1088 michi
652 1031 750 1088 locum
769 1031 833 1088 iure
853 1031 1032 1089 hereditario
1048 1033 1266 1105 possidendum
1284 1032 1442 1088 concessit.

295 1117 441 1175 Futurum
454 1127 501 1176 est
512 1129 613 1176 autem
627 1119 708 1192 quod
724 1119 808 1176 locus
825 1121 883 1177 iste
901 1119 1113 1176 inhabitabitur
1126 1137 1145 1175 a
1161 1129 1252 1192 gente
1266 1117 1443 1192 peccatrice,

293 1205 404 1278 quam⁸
417 1225 473 1279 ego
489 1205 637 1264 violenter
655 1207 693 1262 ab
714 1207 771 1263 hiis
789 1207 912 1264 sedibus
931 1207 1104 1280 extirpabo;
1126 1207 1291 1279 iacebitque
1310 1207 1444 1262 tumulus

250 1317 280 1355 ιο
294 1309 380 1350 meus
393 1293 494 1351 multis
506 1293 612 1351 diebus
631 1293 809 1366 incognitus,
829 1296 924 1352 donec
939 1296 1062 1352 veniant
1075 1294 1124 1351 alii
1137 1311 1213 1366 quos
1230 1312 1286 1367 ego
1302 1293 1444 1366 precibus

295 1379 371 1436 meis
384 1381 442 1437 huc
454 1382 610 1451 adducam,
623 1390 779 1454 protegam
792 1390 822 1438 et
834 1382 1004 1452 defendam,
1017 1391 1047 1439 et
1060 1381 1089 1438 in
1103 1383 1159 1439 hoc
1172 1383 1236 1438 loco
1249 1381 1445 1438 benedicetur

294 1483 406 1524 nomen
427 1469 540 1524 domini
558 1469 589 1524 in
607 1472 762 1525 etemum.’
810 1467 848 1525 Et
866 1487 934 1526 cum
952 1471 1082 1526 animas
1099 1487 1226 1543 corpore
1243 1471 1345 1543 egredi
1361 1467 1444 1525 sesti·

296 1563 391 1624 naret,
410 1555 482 1612 vidit
501 1565 571 1613 ante
590 1573 624 1613 se
645 1556 812 1630 angelicum
835 1557 1008 1626 exercitum,
1029 1557 1124 1614 intra⁴
1143 1557 1198 1615 celi
1217 1557 1358 1630 palatium
1377 1557 1445 1614 sine

296 1651 379 1698 metu
392 1653 421 1699 et
435 1644 567 1716 periculo
579 1643 710 1700 animam
723 1643 803 1701 illius
815 1662 883 1701 cum
897 1646 1004 1718 gaudio
1017 1645 1171 1718 suscipere
1184 1654 1329 1718 paratum.
1354 1644 1444 1714 Quod

251 1753 280 1803 ¹⁵
296 1747 364 1786 cum
383 1731 550 1787 astantibus
564 1731 735 1802 indicasset,
748 1741 851 1788 sancta
870 1732 920 1788 illa
938 1732 1039 1790 anima
1058 1733 1099 1805 [a]
1111 1731 1122 1764 ⁸
1135 1750 1259 1806 corpore
1279 1733 1375 1788 soluta
1386 1742 1445 1798 est,

296 1827 402 1874 octauo
415 1818 482 1875 idus
495 1819 634 1875 octobris.
660 1819 726 1889 Que
739 1837 807 1876 cum
821 1822 1016 1893 egrederetur
1027 1837 1046 1876 a
1057 1837 1191 1893 corpore,
1204 1819 1327 1876 subrisit
1340 1829 1446 1876 sancta

296 1905 388 1962 sacies
400 1904 505 1978 ipsius,
519 1923 638 1962 roseum
656 1907 787 1964 induens
804 1909 945 1978 colorem,
957 1917 1099 1980 tantaque
1116 1907 1270 1964 suauitatis
1284 1907 1446 1980 fragrantia

296 2009 334 2050 ex
347 2011 473 2066 corpore
486 1994 621 2067 virgineo
634 1996 823 2068 procedebat,
833 1996 913 2068 quod
926 1995 1095 2069 omnesqui
1108 1998 1239 2063 aderant,
1253 2012 1287 2051 se
1296 2011 1365 2051 cum
1378 1997 1446 2067 ipsa

296 2089 437 2154 putarent
451 2081 483 2137 in
495 2081 625 2154 paradisi
642 2081 735 2153 gloria
751 2082 921 2140 collocatos.
958 2083 1103 2156 Sepeliuit
1120 2093 1221 2140 autem
1238 2099 1305 2139 eam
1322 2091 1446 2139 sanctus

250 2183 282 2223 uo
297 2168 434 2225 Cadocus
452 2168 483 2224 in
502 2169 631 2225 oratorio
652 2186 716 2240 suo,
734 2170 783 2226 vbi
803 2170 834 2226 in
854 2179 956 2226 sancta
978 2171 1205 2228 conuersatione
1231 2171 1331 2226 multis
1355 2171 1447 2227 annis

296 2257 387 2313 vitam
401 2255 582 2314 artissimam
596 2265 624 2313 et
637 2258 694 2314 deo
711 2256 879 2331 placentem
893 2259 986 2314 duxit

334 2571 404 2646 [ils.
418 2571 484 2630 Tib.
496 2573 589 2630 adds:
767 2555 791 2618 ‘l
809 2553 976 2612 Narraboi

335 2673 410 2742 Duo
440 2684 547 2743 fratres
577 2685 741 2760 impugnati
766 2703 784 2742 a
811 2685 1019 2756 fornicatione,
1044 2687 1181 2744 abierunt
1205 2696 1235 2743 et
1265 2696 1447 2758 acceperunt

297 2789 408 2829 uxores
419 2793 426 2841 ;
457 2782 562 2846 postea
582 2783 682 2831 autem
702 2773 843 2831 dixerunt
862 2776 900 2831 ad
919 2775 1066 2833 inuicem:
1099 2773 1194 2844 ‘Quid
1215 2773 1321 2830 lucrati
1340 2790 1448 2831 sumus

298 2859 366 2933 quia
379 2861 569 2918 deseruimus
581 2861 750 2935 angelicum
768 2862 904 2918 ordinem
924 2871 954 2919 et
969 2863 1108 2920 uenimus
1125 2862 1155 2917 in
1173 2861 1368 2918 immundicia
1382 2863 1448 2930 hac,

253 2969 283 3020 :5
298 2956 328 3004 et
340 2957 408 3020 post
423 2949 478 3006 hec
492 2948 522 3005 in
536 2949 605 3022 igne
618 2959 648 3006 et
660 2949 819 3007 tormentis
831 2950 950 3006 uenturi
965 2956 1089 3008 sumus?
1121 2950 1295 3006 Redeamus
1308 2949 1397 3021 igitur
1408 2951 1447 3006 ad

298 3035 464 3103 heremum,
483 3045 513 3093 et
532 3053 657 3109 agamus
676 3039 714 3093 de
734 3038 792 3094 hiis
813 3055 872 3111 que
893 3039 1134 3112 presumpsimus
1153 3036 1370 3110 penitenciam?
1410 3038 1448 3095 Et

298 3140 366 3180 cum
388 3126 594 3198 suscepissent
614 3143 668 3182 eos
687 3125 805 3196 iratres,
826 3135 855 3183 et
880 3142 935 3199 per
959 3143 1072 3182 annum
1098 3124 1299 3194 inclusissent‚
1320 3125 1448 3198 singulis

298 3211 408 3268 diebus
428 3213 574 3285 equaliter
592 3214 719 3270 dabatur
736 3214 781 3270 eis
800 3213 950 3270 modicum
970 3215 1058 3287 panis
1078 3223 1108 3270 et
1127 3231 1212 3286 aque.
1250 3213 1326 3270 Cum
1345 3223 1448 3270 autem

298 3298 426 3367 exirent,
439 3300 580 3356 uiderunt
593 3317 683 3358 senes
696 3319 790 3358 unum
809 3301 954 3374 pallidum
971 3311 1001 3358 et
1018 3303 1136 3359 tristem
1154 3301 1251 3370 nimis,
1264 3300 1357 3358 alium
1374 3318 1448 3357 uero

254 3405 286 3455 ³0
299 3387 454 3443 robustum
472 3397 502 3444 et
519 3388 641 3445 clarum.
679 3389 716 3445 Et
731 3389 989 3462 interrogauerunt
1008 3407 1078 3446 eum
1093 3388 1142 3463 qui
1159 3389 1252 3447 tristis
1273 3398 1303 3445 et
1321 3389 1449 3446 afflictus

299 3482 371 3543 erat,
384 3474 537 3532 dicentes:
564 3477 659 3547 ‘Quid
678 3477 900 3534 excercitabas⁷
913 3495 981 3534 cum
1000 3477 1232 3551 cogitacionibus
1250 3477 1310 3532 tuis
1328 3477 1359 3532 in
1373 3477 1449 3534 cella

298 3562 384 3616 tual'
411 3559 596 3634 Respondit:
623 3563 699 3620 ‘Pro
718 3566 804 3621 malis
828 3582 886 3638 que
906 3564 962 3622 feci
983 3565 1099 3638 penas⁸
1116 3565 1146 3621 in
1171 3563 1280 3637 quibus
1301 3574 1449 3622 uenturus

299 3664 383 3704 eram
396 3647 427 3704 in
440 3650 540 3706 animo
553 3652 762 3720 reuoluebam3
782 3660 812 3708 et
827 3657 866 3723 (a)
880 3653 987 3710 timore
1004 3653 1190 3710 adheserunt
1202 3669 1272 3708 ossa
1285 3669 1352 3709 mea
1365 3653 1448 3709 carni

300 3739 385 3792 mee.’
430 3736 516 3794 Alius
538 3746 638 3795 autem
658 3740 859 3812 interrogatus
884 3740 977 3798 dixit:
1010 3741 1093 3797 ‘Deo
1116 3740 1232 3814 gracias
1257 3739 1449 3811 (relferebam

255 3842 286 3894 35
299 3822 370 3896 quia
388 3823 464 3880 eruit
483 3827 588 3883 mede
607 3826 834 3899 inquinamento
853 3829 955 3885 mundi
975 3837 1005 3884 et
1024 3829 1062 3884 de
1081 3829 1170 3884 futuri
1189 3827 1281 3886 seculi
1300 3829 1397 3900 penis,
1417 3841 1448 3886 et

301 3911 451 3968 reuocauit
471 3929 520 3968 me
544 3914 581 3969 ad
602 3914 678 3970 hanc
699 3915 963 3972 conuersacionem
986 3916 1171 3988 angelicam:
1198 3925 1228 3972 et
1250 3915 1451 3973 reminiscens

300 4000 421 4056 assidue
434 3999 482 4056 dei
496 3999 564 4070 mei,
578 4001 708 4057 letabar.’
748 4001 785 4058 Et
798 4002 939 4060 dixerunt
952 4021 1062 4061 senes:
1082 4002 1222 4076 ‘Equalis
1235 4012 1281 4060 est
1291 4004 1451 4061 amborum

300 4087 468 4157 penitencia
480 4089 559 4160 apud
572 4088 693 4160 deum.’]

333 4253 478 4304 ¹T.texta.
554 4253 632 4316 ‘que
643 4270 693 4304 om.
705 4255 731 4303 in
743 4256 772 4307 T.
850 4254 971 4320 Ἐρῶ.
1048 4255 1104 4308 ⁴E.
1118 4257 1192 4308 inter.
1265 4255 1382 4314 ⁸s0T.;
1400 4273 1450 4308 om.

300 4318 429 4445 ingiquin
440 4316 544 4446 peria?
555 4320 606 4372 Vit.
621 4321 690 4371 Patr.
702 4323 766 4384 8825
782 4321 857 4372 Vinc.
871 4322 935 4375 Bell.
949 4323 1004 4374 XV.
1017 4323 1057 4386 83.
1167 4321 1176 4351 ²
1197 4322 1226 4372 T.
1241 4321 1450 4374 excercitabaris.
