3052 4896
106 287 308 364 erutus]
441 286 516 381 De
541 285 708 376 sanna
734 285 906 379 damn.
1181 309 1255 386 495

5 539 8 544 .
104 485 233 544 comites
246 504 342 561 reges,
354 490 448 546 duces
459 497 489 545 et
501 487 664 563 principes,
677 489 788 562 regine,
800 491 921 548 ducisse
935 499 964 548 et
980 490 1133 548 comitisse
1150 499 1257 560 terras,

5 569 10 642 Q
104 573 234 643 diuitias,
251 575 385 649 patriam,
403 577 542 648 honores,
560 577 728 650 dignitates,
746 587 776 634 et
792 587 934 651 parentes
950 588 1165 651 contempnunt
1183 597 1257 636 exu-

5 657 8 724 ζ
104 659 222 718 lantes¹
234 680 291 735 pro
309 662 436 733 Christo,
454 680 581 737 corpora
599 680 654 720 sua
671 664 809 720 tradunt⁸
826 682 882 738 pro
900 666 957 721 deo
974 665 1012 721 ad
1031 665 1185 738 supplicia,
1202 683 1257 738 pro

5 809 7 814 ,
104 747 215 820 quibus
234 759 338 808 eterne
355 750 416 808 vite
435 750 610 823 consequuti
629 751 753 824 premia,
775 752 939 824 perhennis
957 752 1057 826 gandii
1077 752 1257 810 iocunditate

6 837 7 840 ’
105 846 270 908 regnantes
282 855 350 896 cum
363 837 483 895 Christo
496 837 697 911 perfruuntur.

5 1015 7 1020 Ι
102 939 131 1001 ll
149 939 237 1011 Quod
260 951 363 999 sancta
382 941 490 1000 Vrsula
508 959 564 998 sue
586 942 690 999 mortis
714 941 825 1000 seriem
850 952 939 1016 atque
964 943 1110 1001 sodalium
1135 961 1258 1002 suarum

178 1029 315 1087 reserens
331 1029 479 1104 exposuit,
499 1039 529 1087 et
548 1031 629 1103 quod
649 1032 795 1088 demones
818 1049 874 1105 pro
899 1049 1003 1089 earum
1027 1031 1258 1106 interemptione

178 1115 360 1174 laborabant.

144 1190 312 1262 Ceterum³
335 1203 477 1278 princeps
505 1204 555 1262 ille
583 1204 743 1262 Hunorum
767 1207 850 1263 dirus
875 1205 965 1264 nimis
989 1207 1041 1263 ac⁴
1065 1207 1258 1278 truculentus,

5 1343 8 1378 3
106 1308 176 1348 cum
198 1292 322 1365 virginis
345 1292 440 1365 ipsius
464 1292 575 1349 Vrsnle
599 1292 721 1350 sancte⁶
743 1293 950 1367 sodaliumque
974 1311 1093 1351 suarum
1118 1294 1258 1352 inuictam

106 1389 246 1437 cerneret
263 1389 404 1451 mentem,
422 1398 477 1437 nec
496 1381 534 1438 ad
553 1399 589 1437 ea
606 1398 666 1453 que
682 1381 773 1438 voluit
797 1380 864 1439 illas
887 1399 979 1455 posse
997 1381 1132 1440 dellecti:
1151 1383 1259 1439 astutia

106 1465 330 1524 circumuentus
351 1468 412 1541 agit
433 1467 551 1538 diaboli,
572 1477 604 1524 vt
629 1468 709 1526 socie
732 1468 864 1542 virgines
889 1470 1021 1543 sociique
1041 1469 1179 1526 ‘sodales
1203 1470 1258 1527 viri

106 1557 192 1628 prius
220 1557 276 1613 sub
301 1557 389 1614 beate
413 1555 523 1613 Vrsule
550 1556 758 1614 interimantur
781 1557 942 1630 presentia.
984 1556 1154 1614 Arbitratur
1178 1558 1259 1614 enim
1275 1579 1306 1617 ro

5 1641 6 1644 ’
107 1645 188 1716 quod
205 1643 263 1714 illa,
279 1653 444 1702 ceterarum
462 1661 536 1701 neec
552 1643 664 1715 territa,
676 1653 759 1701 tanto
778 1645 904 1702 celerius
923 1645 949 1702 ei
969 1645 1143 1714 consentiat,
1155 1645 1259 1702 volun·

5 1727 6 1730 ’
105 1729 162 1787 tati
184 1731 280 1804 ipsius
303 1733 436 1804 prebens
459 1733 605 1788 effectum.
655 1732 747 1788 Porro
777 1749 908 1805 sponsus
932 1731 1074 1804 virginis⁷
1098 1731 1216 1789 inclitus
1241 1749 1259 1788 a

5 1879 6 1882 Ἴ
107 1819 202 1875 latere
219 1837 332 1892 sponse
349 1837 403 1877 sue
419 1819 518 1892 gladio
536 1835 699 1894 percussus
717 1819 905 1888 interimitur,
919 1827 1050 1892 optatam
1067 1819 1162 1876 felicis
1181 1836 1259 1876 mar-

106 1905 167 1962 tirii
184 1908 316 1980 palmam
335 1924 391 1980 pro
409 1906 529 1964 Christo
547 1908 695 1980 iugulatus
714 1907 836 1980 accepit.
874 1906 990 1965 Dehinc
1006 1917 1180 1980 grassantur
1195 1925 1260 1965 car·

6 1993 7 1996 ’
107 1993 223 2062 nifices,
236 1995 391 2051 innoxium
405 1994 564 2052 fundentes
579 1994 755 2067 sanguinem
768 1994 858 2051 noxio
877 2012 911 2052 se
928 1995 1116 2052 maculauere
1134 1995 1259 2069 piaculo.
1276 2015 1304 2066 ιε

5 2149 6 2152 ¹
108 2079 181 2154 Ipsa
208 2082 339 2156 denique
363 2083 447 2156 virgo
478 2083 573 2153 beata,
597 2082 758 2139 debachari
788 2099 916 2140 cernens
946 2082 978 2138 in
1008 2083 1154 2140 sodalium
1185 2101 1259 2142 nece

5 2173 7 2238 J
107 2169 264 2242 malignos,
290 2179 347 2228 stat
377 2169 586 2244 imperterrita,
612 2187 668 2227 nec
692 2169 783 2226 minis
810 2169 920 2227 tiranni
944 2169 1081 2241 vincitur,
1106 2187 1162 2227 nec
1190 2189 1260 2244 pro-

5 2323 6 2328 ,
107 2256 212 2314 missis
242 2258 364 2315 delinita
393 2257 631 2315 circumuenitur.
681 2257 775 2315 Porro
805 2258 862 2315 hec
892 2259 999 2314 eadem
1024 2257 1108 2331 virgo
1132 2257 1261 2316 Vrsula⁸

107 2361 208 2418 nuper
217 2345 335 2402 cuidam
345 2345 490 2402 assistens
500 2363 592 2418 super
601 2345 683 2403 serie
692 2344 842 2418 passionis
856 2345 964 2418 [eius]⁹
975 2345 1135 2403 sciscitanti
1145 2346 1188 2403 sic
1201 2346 1258 2404 ait:

5 2439 6 2444 ’
108 2431 272 2506 ‘Princeps
290 2433 340 2490 ille
361 2435 482 2507 putabat
501 2442 633 2490 mentem
656 2450 754 2490 meam
773 2435 811 2490 ad
833 2451 967 2491 amorem
989 2451 1077 2491 suum
1098 2435 1259 2492 inclinare:
1275 2454 1307 2491 ιο

6 2597 7 2602 ¹
106 2521 189 2578 vnde
210 2538 317 2579 omncs
334 2520 417 2594 prius
438 2521 506 2579 lecit
529 2538 630 2578 coram
652 2538 702 2578 me
725 2521 852 2578 interfici
870 2521 1011 2595 virgines,
1031 2539 1090 2594 quo
1116 2521 1261 2595 [territa]⁰

107 2607 225 2666 facilius
256 2608 284 2666 ei
314 2608 523 2666 consentirem.
572 2609 635 2666 Sed
662 2626 730 2666 cum
758 2609 869 2666 nollem
899 2609 1009 2682 iniquis
1033 2609 1099 2667 eius
1128 2611 1260 2667 consiliis

108 2711 264 2769 praueque
285 2695 476 2770 acquiescere
495 2695 648 2767 voluntati,
667 2697 801 2753 omnium
821 2695 886 2754 fere
906 2696 1101 2753 nouissimam
1122 2713 1172 2753 mc
1191 2697 1260 2754 fecit

108 2782 213 2854 occidi,
226 2792 256 2840 et
273 2783 379 2858 sagitta
392 2784 423 2840 in
439 2784 529 2842 corde
548 2801 692 2856 percussa
710 2783 815 2841 interii
852 2783 1010 2841 Vniuersis
1024 2783 1090 2856 [sic]
1100 2784 1111 2816 ⁹
1122 2785 1260 2842 sociabus

108 2869 187 2928 meis
200 2871 388 2945 interemptis
400 2881 430 2929 et
443 2871 540 2941 sociis,
554 2887 603 2928 me
619 2870 650 2927 in
667 2870 714 2928 sui
731 2871 818 2928 iussit
835 2871 941 2928 adduci
961 2871 1144 2943 presentiam
1160 2872 1260 2944 ibique
1275 2891 1305 2943 ²5

108 2959 228 3024 necari:
255 2959 347 3016 vnde'
356 2957 461 3015 accidit
479 2968 511 3015 vt
533 2975 551 3014 a
571 2975 685 3031 sponso
710 2975 778 3015 meo
798 2957 886 3016 vnius
910 2957 1017 3031 lapidis
1042 2957 1120 3014 iactu
1145 2969 1260 3015 semota

108 3045 292 3120 perimerer.’
319 3046 398 3104 Ecce
411 3046 466 3104 hec
483 3054 553 3103 sunt
564 3045 699 3103 eiusdem
711 3045 835 3119 virginis
847 3045 947 3102 verba.
972 3042 1034 3101 Ista
1041 3044 1063 3076 ¹⁰
1073 3062 1145 3101 sane
1158 3045 1261 3118 loque·

108 3135 199 3190 batur
215 3133 314 3202 latine,
326 3133 423 3190 adhuc
440 3142 540 3192 autem
549 3133 569 3165 ¹¹
582 3133 749 3207 adiungens
765 3133 856 3190 dixit:
877 3131 1029 3205 ‘Cumque
1046 3131 1105 3188 iam
1122 3149 1261 3189 essemus

108 3221 327 3289 interficiende,
346 3238 385 3278 en
405 3221 521 3277 infinita
541 3222 705 3278 demonum
731 3220 886 3278 multitudo
910 3219 1000 3288 affuit,
1019 3219 1155 3276 diuersas
1177 3236 1261 3276 mon·

108 3307 261 3366 stromm³
286 3307 406 3381 species
431 3315 461 3366 et
485 3307 596 3366 formas
621 3308 812 3366 habentium:
840 3307 892 3382 qui
917 3307 1008 3364 armis
1031 3306 1122 3364 variis
1146 3307 1260 3378 armati,
1275 3321 1307 3372 30

109 3412 168 3470 per
187 3404 281 3452 totum
302 3413 443 3469 campum
462 3395 512 3452 vbi
533 3413 655 3454 eramus
673 3395 834 3469 iugulande
852 3395 908 3452 hac
925 3403 956 3452 et
974 3395 1040 3452 illac
1059 3394 1261 3453 discurrentes

109 3485 149 3542 ad
167 3492 303 3540 nostrum
322 3482 474 3540 interitum
496 3483 627 3540 excitant
648 3483 864 3540 interfectores.
902 3481 1041 3556 Denique
1061 3492 1091 3540 et
1112 3499 1165 3539 aer
1182 3492 1261 3542 totus

109 3588 207 3644 vsque
220 3571 258 3628 ad
271 3570 352 3627 celos
360 3571 381 3603 ¹¹
394 3569 508 3643 angelis
521 3578 551 3627 et
565 3570 675 3628 sanctis
688 3580 777 3645 atque
789 3569 954 3643 virginibus
967 3569 1060 3627 sacris
1072 3578 1102 3626 et
1118 3570 1261 3628 matronis

109 3659 206 3716 beatis
222 3657 360 3732 apparuit
374 3658 491 3732 plenus,
505 3657 556 3732 qui
574 3659 613 3716 ad
630 3668 764 3716 nostrum
776 3668 921 3716 venerant
937 3657 1043 3731 agonis
1061 3666 1091 3716 et
1109 3658 1263 3716 martin'ill

109 3746 305 3822 triumphum.
1275 3753 1307 3807 3⁵

144 3947 201 4001 ιΒ.
213 3949 367 4000 exultantes.
449 3947 506 4000 ⁸13.
519 3949 687 4000 tradiderunt.
771 3947 830 3999 ⁸13.
843 3948 915 4000 Item
999 3946 1054 4000 ⁸1³.
1067 3955 1102 3998 et
1183 3947 1262 3998 ⁸0m.

111 4017 138 4066 ln
152 4015 181 4066 B.
269 4015 327 4066 ⁸B.
340 4021 400 4066 ets.
498 4014 556 4066 7Β.
568 4015 650 4066 felicis
660 4031 684 4068 v.
792 4013 848 4065 ⁸2.
861 4015 910 4064 hec
921 4015 1012 4064 eadem
1023 4029 1047 4064 v.
1058 4013 1090 4064 V.
1103 4015 1151 4063 bec
1163 4015 1261 4063 eadem.

109 4082 168 4130 ’so
181 4080 227 4136 B.;
245 4095 295 4130 om.
306 4080 375 4130 inE.
476 4079 496 4111 ¹⁰
515 4081 544 4131 B.
558 4081 605 4132 Ita.
713 4079 731 4111 ¹¹
749 4079 780 4131 B.
792 4086 877 4130 autem
888 4081 980 4131 adhuc.
1088 4078 1109 4110 ¹²
1127 4078 1262 4131 acetum.

110 4145 131 4176 ¹³
149 4153 260 4198 etmart.
275 4144 407 4198 om.inB.
