3044 4878
287 303 333 382 30
598 289 729 376 moue
754 284 944 390 totoue
970 283 1122 389 annu.

285 488 313 547 ei
326 487 453 548 mirabili
466 486 581 562 fulgore
596 490 724 562 quedam
741 505 851 562 ymago
865 488 1003 562 spIneam
1018 497 1142 560 portans
1159 503 1311 556 coronam,
1326 485 1435 544 dicens
1513 499 1514 570 ᾗ

285 576 330 634 ei:
355 575 558 646 ‘Consonare
579 575 731 644 Pachomi,
750 577 821 649 quia
839 578 999 650 posteritas
1016 585 1068 632 tua
1086 591 1185 648 vsque
1209 575 1240 630 in
1259 575 1352 631 finem
1371 591 1439 629 non

285 661 413 732 deficiet,
426 673 456 720 et
468 663 519 737 qui
532 663 675 722 intereos
688 665 738 737 pIe
751 673 781 720 et
793 665 981 721 continenter
989 663 1105 732 vixerit,
1117 679 1206 719 amen
1218 663 1284 719 dico
1297 661 1440 734 requiem

285 750 444 810 sortietur:

732 881 757 942 ‘l
769 879 908 938 Narrabo
915 879 933 936 ¹.

256 1021 270 1071 ε
323 989 373 1060 Eo
385 1012 531 1077 tempore,
543 1004 713 1062 secundum
727 1003 850 1071 Bedam,
865 1003 966 1060 Sebba
984 1019 1038 1060 rex
1053 1001 1253 1059 Orientalium
1267 1001 1443 1068 Saxonum,

284 1085 330 1144 vir
341 1087 468 1144 multum
481 1089 539 1144 deo
551 1088 688 1154 deuotus,
698 1087 806 1144 lloruit.
846 1087 918 1142 Erat
929 1086 1010 1142 enim
1024 1086 1172 1159 religiosis
1185 1086 1308 1151 actibus,
1317 1084 1443 1140 crebris

284 1174 434 1246 precibus,
446 1174 505 1248 piis
517 1174 751 1232 elemosinarum
765 1173 909 1231 fructibus
922 1173 1084 1246 plurimum
1099 1173 1249 1239 intentus;
1269 1173 1361 1228 vitam
1371 1171 1443 1242 pri-

284 1270 384 1317 uatam
406 1270 436 1318 et
457 1261 654 1320 monasticam
667 1261 783 1320 cunctis
799 1261 883 1335 regni
903 1261 1015 1318 diuitiis
1034 1269 1065 1318 et
1083 1261 1248 1318 honoribus
1266 1259 1442 1332 preferens,

284 1365 374 1422 quam
388 1357 418 1406 et
430 1349 509 1420 olim,
522 1349 548 1406 si
569 1367 628 1406 non
647 1349 814 1416 obstinatus
836 1349 972 1421 coniugis
987 1349 1106 1406 anImus
1119 1348 1281 1405 diuortium
1301 1357 1443 1418 negaret,

242 1455 272 1493 ιο
284 1436 389 1494 relicto
398 1453 491 1510 regno
501 1437 640 1495 subisset.
669 1437 746 1494 Cum
757 1445 858 1494 autem
867 1436 1085 1509 triginta'annis
1093 1436 1210 1509 placitis
1222 1437 1280 1492 deo
1290 1435 1443 1507 operibus

284 1533 449 1596 regnasset,
471 1522 642 1581 Infimritate
660 1533 825 1598 correptus,
844 1525 896 1581 vix
913 1524 1072 1597 impetrato
1094 1524 1196 1580 uxoris
1214 1539 1372 1587 consensu,
1395 1523 1442 1577 ab

284 1611 427 1684 episcopo
440 1611 628 1669 londoniensi
642 1612 774 1669 habitum
789 1611 941 1684 religionis
951 1611 1092 1684 suscepit,
1102 1619 1133 1668 et
1146 1625 1295 1668 summam
1306 1609 1443 1682 pecunie

284 1698 446 1754 maximam
459 1699 641 1772 pauperibus
654 1701 837 1772 erogandam
856 1699 1016 1772 episeopo²
1028 1699 1133 1766 attulit,
1147 1697 1221 1754 nihil
1234 1698 1355 1755 omnino
1372 1697 1441 1752 sibi

284 1803 452 1844 reseruans.
490 1786 629 1857 Quicum
642 1788 723 1843 diem
737 1787 842 1844 mortis
851 1787 908 1844 sibi
924 1787 1083 1843 imminere
1097 1785 1231 1855 sentiret,
1239 1785 1331 1842 accito
1344 1784 1383 1839 ad
1401 1801 1443 1842 se

242 1874 436 1946 15episeopo,
454 1875 692 1941 consolatoriam,
711 1891 801 1948 quam
818 1875 942 1942 viderat,
962 1875 1094 1930 narrauit
1113 1873 1141 1930 ei
1158 1873 1312 1930 visionem.
1348 1870 1443 1928 Vidit

284 1960 365 2018 enIm
379 1961 435 2018 sibi
446 1961 588 2020 assistere
600 1971 663 2020 tres
675 1962 757 2019 viros
770 1961 849 2018 claro
862 1963 982 2018 indutos
996 1961 1105 2030 habitu,
1119 1977 1247 2033 quorum
1260 1975 1337 2016 vnus
1354 1958 1443 2016 dixit

283 2049 364 2122 quod
378 2048 478 2106 anima
490 2051 555 2106 eius
565 2049 630 2106 sine
639 2051 699 2106 vllo
709 2049 812 2106 dolore
824 2066 893 2106 cum
907 2065 1017 2122 magno
1031 2049 1106 2105 lucis
1116 2048 1278 2121 splendore
1288 2045 1373 2103 tertio
1383 2048 1445 2106 die

283 2145 365 2194 esset
377 2154 537 2210 egressura
555 2138 594 2194 de
610 2155 746 2209 corpore.
783 2136 841 2193 Die
858 2153 932 2193 vero
952 2145 1021 2208 post
1040 2135 1096 2193 hec
1113 2135 1210 2204 tertia,
1224 2134 1307 2207 quasi
1326 2133 1446 2190 leuiter

283 2223 476 2281 obdormiens
490 2225 556 2281 sine
565 2225 624 2281 vllo
638 2241 729 2281 sensu
743 2225 854 2281 doloris
869 2223 968 2280 emisit
982 2223 1128 2296 spIritum.
1166 2222 1204 2279 Et
1217 2231 1320 2295 parato
1333 2237 1444 2278 sarco-

240 2331 271 2368 ao
283 2312 391 2384 phago,
405 2311 586 2368 Inuenerunt
598 2329 708 2384 corpus
721 2327 863 2369 mensura
875 2310 968 2383 palmi
983 2310 1102 2383 longius
1115 2327 1185 2367 esse
1197 2309 1255 2366 illo.
1293 2309 1442 2381 Cumque

283 2397 445 2472 quidinde
470 2408 593 2472 agerent
618 2399 777 2456 hesitando
794 2397 879 2471 quasi
900 2397 1014 2454 attoniti
1039 2406 1161 2465 starent,
1185 2396 1290 2466 subito,
1315 2405 1446 2454 astante

283 2487 427 2559 episcopo
439 2495 469 2543 et
482 2487 543 2543 filio
557 2486 636 2559 regis
649 2487 784 2544 eiusdem
797 2494 827 2544 et
837 2487 924 2542 turba
937 2485 1093 2543 homiuum
1107 2485 1207 2554 multa,
1218 2485 1372 2541 inuentum
1389 2495 1445 2542 est

284 2573 503 2646 sarcophagum
524 2574 596 2630 illud
615 2590 746 2648 congrue
768 2572 973 2647 longitudinis,
985 2582 1017 2630 vt
1036 2589 1054 2629 a
1073 2581 1159 2646 parte
1181 2571 1287 2645 capitis
1303 2571 1443 2630 cemical

284 2661 434 2734 interponi
447 2670 559 2734 posset,
569 2670 598 2718 et
611 2679 629 2718 a
641 2671 726 2735 parte
734 2663 846 2734 pedum
855 2678 997 2718 mensura
1007 2670 1135 2734 quatuor
1148 2659 1306 2732 digitorum
1319 2675 1443 2732 corpus

241 2767 271 2818 ²5
283 2749 455 2806 excederet.
493 2749 637 2823 Sepultus
650 2757 696 2806 est
708 2759 808 2807 autem
822 2748 992 2808 Inecclesia
1005 2747 1099 2806 sancti
1113 2748 1196 2806 Pauli
1209 2746 1344 2822 apostoli.

380 2979 474 3051 IIDE
493 3007 608 3050 sancto
630 2979 782 3048 Honottto
801 3007 1042 3050 nucutartscoro
1060 3007 1098 3049 m·
1116 2989 1334 3050 CONFESSORE³0

291 3137 421 3262 BEato
440 3137 665 3212 archiepiscopo
679 3137 761 3194 Iusto
780 3138 818 3195 ad
837 3137 959 3195 celestia
974 3138 1128 3205 translato,
1141 3147 1264 3194 sanctus
1279 3137 1446 3197 Honorius

380 3243 436 3300 pro
455 3225 505 3282 illo
524 3233 571 3282 est
589 3223 620 3284 in
640 3225 827 3298 presulatum
846 3225 968 3294 electus,
982 3225 1110 3297 quierat
1124 3243 1202 3282 vnus
1220 3243 1260 3282 ex
1278 3225 1446 3299 discipulis

283 3314 363 3372 beati
381 3331 461 3387 pape
472 3312 619 3385 Gregorii,
632 3313 678 3370 vir
696 3329 805 3385 magne
824 3313 995 3369 reuerentia
1014 3322 1043 3369 et
1061 3313 1092 3369 in
1109 3313 1200 3370 rebus
1218 3312 1439 3374 ecelesiasticis

283 3400 473 3460 sublimiter⁴
486 3399 658 3458 instructus.
695 3399 752 3470 Qui
766 3399 949 3456 ordinandus
962 3401 1045 3456 venit
1056 3401 1094 3457 ad
1106 3399 1274 3468 Paulinum,
1285 3409 1317 3456 et
1330 3419 1445 3460 occur·

239 3509 271 3560 30
284 3498 370 3547 rente
384 3489 439 3546 sibi
452 3487 503 3543 illo
513 3487 543 3546 in
556 3486 750 3544 Lindecolnio
758 3486 778 3556 ⁵,
788 3485 1023 3544 dorobernensis
1035 3487 1163 3545 ecclesie
1176 3497 1373 3546 consecratus
1390 3501 1444 3548 est

283 3577 416 3632 antistes.
454 3574 509 3631 Cui
521 3573 614 3632 etiam
626 3592 706 3648 papa
717 3574 871 3630 Honorius
884 3573 964 3630 misit
973 3575 1096 3647 pallium
1104 3585 1134 3632 et
1146 3575 1271 3644 litteras,
1281 3576 1313 3632 in
1323 3575 1444 3650 quibus

283 3661 436 3722 decreuit⁸
448 3671 479 3720 vt
492 3679 560 3718 cum
573 3661 807 3718 dorobernensis
823 3661 871 3718 vel
891 3661 1082 3718 eboracencis
1101 3662 1231 3720 antIstes
1249 3664 1288 3721 de
1308 3664 1364 3722 hac
1379 3667 1449 3726 vita

283 3749 446 3818 translerit,
460 3750 487 3806 is
496 3749 547 3822 qui
561 3758 700 3822 superest
708 3765 835 3810 consors
847 3747 984 3805 eiusdem
995 3750 1115 3822 gradus,
1129 3749 1237 3806 habeat
1256 3759 1448 3822 potestatem

283 3840 411 3896 alterum
424 3837 582 3895 ordinandi
596 3836 662 3893 loco
674 3836 739 3892 eius
747 3837 799 3909 qui
813 3836 974 3893 transierat
986 3837 1191 3908 sacerdotem
1211 3855 1250 3894 ne
1261 3837 1300 3895 sit
1310 3856 1450 3901 necesse

239 3951 268 4001 35
283 3929 319 3984 ad
339 3941 495 4005 romanam
516 3942 613 3997 vsque
638 3925 788 3980 ciuitatem
813 3940 870 3996 per
895 3931 958 3980 tam
980 3923 1097 3996 prolixa
1120 3933 1269 3984 terrarum
1292 3935 1323 3982 et
1345 3931 1450 3989 maris

283 4014 385 4088 spacia
397 4029 452 4086 pro
465 4011 633 4068 ordinando
646 4011 873 4085 archiepiscopo
882 4028 1007 4084 semper
1019 4010 1142 4084 fatigari.
1180 4011 1282 4070 ‘Inter
1295 4013 1451 4088 plurima,

316 4153 325 4184 ¹
345 4153 385 4201 Ex
397 4151 470 4201 Beda
483 4151 526 4201 IV.
541 4167 578 4202 11.
644 4150 654 4180 ¹
671 4151 734 4200 Bed.
748 4151 872 4200 vocabulo
883 4151 1006 4200 Valdberi
1018 4151 1061 4214 qui
1076 4151 1251 4202 Eritenwaldo
1264 4168 1450 4212 successerat

283 4217 356 4266 'Ed
369 4219 395 4266 in
407 4217 464 4267 Act.
479 4217 526 4267 SS.
539 4217 604 4266 Boii.
623 4217 694 4279 Sept.
711 4216 783 4266 VIII.
803 4233 826 4280 p.
846 4232 901 4278 710.
936 4217 1068 4278 Abridged
1086 4217 1153 4266 from
1169 4217 1316 4268 Goscelin’s
1334 4219 1398 4271 Vita
1419 4225 1452 4275 in

284 4283 339 4332 IIS.
353 4283 421 4331 Cott-
433 4281 512 4346 Vesp.
524 4283 555 4334 B.
567 4283 628 4342 XX,
638 4281 710 4331 Harl.
721 4295 774 4344 105,
788 4282 860 4334 Harl.
870 4285 919 4346 ⁶⁵²
929 4282 973 4346 (an
985 4283 1169 4346 amplification
1178 4284 1209 4334 ot'
1218 4284 1292 4334 Beda
1304 4285 1339 4338 11.
1351 4288 1383 4337 18
1394 4288 1453 4356 Ε).

282 4347 337 4400 ‘'I.
351 4347 492 4400 sullimiter.
560 4347 570 4378 ⁸
587 4348 653 4399 Bed.
666 4347 844 4398 Lindocolino.
911 4346 922 4376 ⁸
939 4348 1004 4398 Bed.
1016 4348 1140 4400 deceruit.
