3052 4896
98 287 299 366 arama]
440 288 515 382 ma
539 285 706 376 benaa
731 287 904 380 ursula
1173 295 1244 384 481

94 488 294 546 ostendemus
303 488 321 546 ¹.
346 489 399 546 Ait
411 489 492 547 euim
505 491 545 548 de
558 489 682 547 Colonia
694 507 728 548 se
740 490 842 548 titulos
859 489 916 548 sibi
927 490 1123 550 transmissos
1134 491 1249 550 vidisse

95 573 320 649 episcoporum,
341 576 533 650 ¹reginarum
552 587 582 635 et
606 578 803 648 ducissarum,
821 578 971 652 virginum
995 580 1248 638 nobilissimarum

94 662 238 719 vndecim
256 663 372 722 milium
391 664 540 721 sociorum
559 674 590 722 et
607 665 766 722 sociarum.
803 665 886 723 lnter
902 684 978 739 quos
997 669 1084 725 beate
1103 668 1248 726 Gerasine

95 748 276 807 siciliensis³
300 751 406 824 regine
430 753 564 825 repperit
590 753 716 824 titulum,
741 763 770 812 et
794 763 921 826 quatuor
945 755 1073 812 filiarum
1097 755 1163 813 eius
1186 755 1248 812 vir-

95 835 211 908 ginum,
232 839 381 912 uniusque
406 839 459 896 filii
483 840 529 896 sui
553 841 651 897 adhuc
675 840 771 914 pueri.
815 841 853 899 Et
877 841 955 898 hanc
980 841 1071 900 totius
1096 845 1275 909 exercituss

95 922 248 996 virginum
268 926 339 984 dicit
360 943 430 984 esse
451 926 619 1000 principem
641 937 672 986 et
691 928 855 986 ductricem
875 938 964 1002 atque
986 947 1121 986 sororem
1143 930 1247 1004 regine

95 1012 203 1069 matris
228 1012 337 1070 Vrsule
361 1014 492 1088 virginis
543 1014 685 1072 Preterea
712 1025 742 1072 et
766 1015 901 1089 reginam
927 1017 1134 1074 Constantiam
1161 1018 1248 1091 regni

95 1101 410 1175 constantinopolitani
423 1102 654 1176 imperatricem,
664 1112 695 1160 et
706 1102 861 1175 virginem,
871 1105 978 1162 asserit
991 1105 1165 1163 interfuisse
1178 1123 1248 1162 curn

95 1197 202 1243 sancto
228 1188 361 1246 Marculo
386 1189 529 1263 episcopo
552 1191 648 1264 ipsius
672 1191 829 1248 auunculo.
878 1191 1019 1249 Sanctam
1039 1210 1159 1265 quoque
1184 1193 1247 1249 Ax-

95 1289 212 1345 pamm,
234 1276 466 1334 illustrissimam
491 1277 643 1335 ducissam
671 1286 701 1334 et
726 1278 817 1335 filiam
842 1287 1003 1337 matertere
1031 1280 1246 1352 preclarissimi
1262 1296 1293 1333 ro

95 1361 216 1419 iuuenis
229 1363 340 1421 Vrsule
352 1365 465 1438 sponsi,
478 1365 601 1423 affuisse
613 1365 761 1423 describit
788 1366 851 1422 Nos
862 1366 962 1441 itaque
975 1367 1054 1441 ipsi*
1065 1385 1157 1441 quam
1170 1385 1250 1425 nun*

95 1467 188 1522 quam
206 1450 345 1522 vidimus,
361 1453 565 1510 testimonium
584 1453 615 1511 in
635 1454 690 1510 hac
708 1462 793 1527 parte
812 1455 1007 1527 perhibemus
1025 1455 1114 1528 quia¹
1131 1474 1190 1529 que
1208 1457 1247 1514 de

94 1537 157 1594 iam
177 1537 264 1596 dictis
286 1541 445 1598 scribendo
464 1541 606 1615 protulit⁸
626 1541 773 1614 personis,
790 1559 863 1598 vera
881 1551 961 1613 sunt,
983 1553 1013 1601 et
1034 1543 1247 1602 multominus

95 1641 187 1698 quam
218 1627 354 1686 eiusdem
384 1629 510 1686 materie
533 1628 644 1687 veritas
675 1639 829 1702 exposcat,
860 1630 1002 1702 scripsit:
1033 1632 1114 1704 quod
1143 1641 1246 1690 tamen

95 1712 218 1770 iuuante
231 1715 352 1772 domino
367 1734 424 1789 per
440 1734 497 1774 nos
511 1717 600 1774 latius
613 1717 810 1789 supplebitur.
846 1717 972 1790 Axpara
983 1735 1058 1774 sane
1071 1719 1127 1775 hec
1140 1721 1245 1777 eadem
1261 1739 1291 1792 15

94 1809 126 1856 et
139 1800 259 1860 ducissa
272 1803 325 1860 suit
336 1813 367 1860 et
379 1806 490 1876 regina,
503 1805 626 1878 sapiens
638 1804 725 1861 vaide
738 1813 768 1862 et
780 1804 927 1862 industria
939 1822 974 1861 ac
987 1805 1120 1878 prouida.
1153 1806 1246 1864 Porro

94 1887 189 1945 alias¹
202 1890 241 1946 de
259 1890 326 1963 ipsa
343 1901 374 1948 et
389 1891 507 1950 filiabus
525 1895 591 1950 eius
609 1901 699 1964 atque
717 1891 905 1949 consobrinis
922 1892 1018 1966 ipsius
1030 1893 1181 1949 Auchira⁸
1193 1895 1245 1950 du·

94 1974 182 2044 cissa.
191 1986 221 2033 et
234 1977 352 2036 filiabus
365 1979 594 2053 eius⁰quatuor,
606 1988 638 2036 et
652 1979 824 2036 Eleutheria
836 1979 988 2037 comitissa
999 1997 1033 2036 ac
1046 1979 1106 2036 filia
1119 1997 1174 2037 sua
1185 1982 1246 2038 vir-
1354 2054 1356 2059 Ι

93 2063 167 2136 gine
185 2063 334 2123 Lucencia
351 2066 572 2140 preclarissima
587 2067 768 2124 tractabitur.
798 2067 913 2124 Aderat
925 2066 1014 2124 etiam
1025 2067 1129 2125 Sibilia
1142 2068 1246 2140 regina

93 2168 206 2224 magne
217 2153 336 2212 virtutis
354 2155 520 2225 iuuencula,
534 2163 636 2211 sancte
656 2154 770 2211 Eulalie
788 2153 858 2224 filia,
870 2153 980 2211 Vrsule
992 2154 1117 2227 virginis
1135 2164 1245 2212 mater·
1259 2178 1291 2214 ao

92 2249 169 2296 tere.
208 2241 327 2314 Regina
344 2259 417 2299 vero
438 2243 680 2299 Norwennorum
700 2241 857 2298 Hodierna
881 2258 949 2298 curn
969 2241 1029 2298 filia
1047 2241 1161 2314 virgine
1181 2242 1245 2300 Ho-

92 2327 202 2385 dierna
220 2329 311 2388 affuit.
349 2329 468 2403 Regina
485 2340 624 2404 preterea
643 2329 812 2386 Suauorum
823 2329 845 2362 ¹⁰
858 2327 1028 2398 Benedicta,
1042 2347 1110 2386 cum
1129 2331 1245 2388 duabus

93 2416 216 2474 filiabus
228 2417 393 2491 virginibus
407 2417 535 2475 lacincta
550 2427 581 2474 et
595 2417 717 2490 Sophia,
730 2416 868 2473 similiter
879 2417 991 2473 aderat.
1017 2416 1135 2490 Regina
1154 2418 1244 2474 etiam

94 2503 237 2562 Lucretia
255 2505 316 2563 iam
335 2516 408 2563 ante
425 2523 550 2579 pagana,
564 2505 601 2562 ab
620 2504 726 2576 angelo
738 2503 848 2561 Christi
867 2505 1031 2561 ammonita
1048 2523 1116 2562 cum
1128 2506 1245 2563 duabus

91 2591 210 2664 reginis
223 2602 253 2650 et
265 2592 326 2650 filia
343 2593 409 2650 eius
426 2593 553 2650 decenni
565 2591 681 2666 virgine
695 2591 884 2649 sanctissima
896 2610 964 2649 cum
976 2593 1022 2651 eis
1038 2593 1244 2666 proficiscitur.
1259 2614 1289 2665 2⁵

92 2679 215 2752 Regina
233 2680 382 2753 siquidem
401 2680 568 2738 Preclara¹¹
580 2679 711 2749 nomine,
725 2678 864 2751 religiosa
881 2680 969 2738 valde
988 2689 1018 2737 et
1035 2680 1245 2739 elemosinaria

90 2767 227 2825 maxima
235 2768 264 2836 ¹¹,
277 2767 442 2825 iam¹⁸cum
450 2770 566 2825 duabus
577 2767 694 2824 filiabus
706 2765 871 2840 virginibus
884 2766 1038 2841 Sapientia
1050 2776 1080 2825 et
1093 2768 1245 2826 Charitate

89 2855 231 2928 sequitur
250 2855 325 2914 illas.
370 2856 440 2914 Rex
460 2873 534 2913 sane
559 2854 729 2912 Bonilacius
753 2854 812 2911 iam
837 2864 906 2912 ante
927 2872 1071 2928 paganus,
1091 2874 1159 2913 cum
1184 2856 1244 2913 filia

91 2942 250 3000 Bonisacia
261 2944 378 3017 virgine
396 2943 621 3018 religiosissima
638 2944 751 3000 aderat.
788 2942 858 3000 Rex
876 2941 966 3000 etiam
986 2942 1165 3000 Laurentius
1184 2943 1243 3000 iam

89 3040 166 3088 ante
190 3048 334 3104 paganus,
359 3041 450 3105 atque
474 3031 705 3088 christianorum
727 3029 867 3087 inimicus
892 3029 950 3101 [ac]
976 3047 1068 3087 seuus
1098 3031 1243 3101 tirannus,
1257 3051 1290 3100 30

89 3128 201 3192 postea
219 3129 293 3176 nutu
312 3119 361 3178 dei
380 3129 537 3193 correptus
557 3118 791 3191 mirabiliterque
810 3133 977 3174 conuersus
997 3135 1037 3174 ex
1056 3117 1127 3190 lupo
1147 3135 1244 3191 agnus

88 3206 229 3265 efficitur.
266 3207 325 3277 Qui
343 3225 487 3281 sponsam
505 3223 591 3264 suam
610 3205 746 3279 sequitur
764 3205 930 3262 Resiudem
939 3205 959 3236 ¹⁴
971 3205 1117 3278 virginem
1136 3205 1243 3263 beatis·

90 3295 213 3365 simam,
230 3296 310 3368 regis
329 3295 494 3353 Corehanie
512 3295 604 3352 filiam
623 3295 662 3350 de
682 3293 836 3350 Hibernia.
875 3292 1013 3366 Denique
1031 3303 1061 3350 et
1079 3293 1177 3366 ipsam
1195 3310 1244 3352 re·

88 3383 195 3457 ginam
210 3383 376 3442 Resiudem
387 3383 409 3417 ¹¹
421 3399 532 3457 sponse
549 3399 604 3439 sue
624 3391 761 3450 matrem,
774 3398 842 3438 cum
858 3381 974 3438 duabus
990 3381 1101 3454 reginis
1115 3381 1243 3438 Eustora

90 3482 124 3530 et
146 3470 300 3544 Magrnora
309 3471 331 3506 ¹¹
343 3489 446 3530 secum
465 3472 599 3540 ducebat,
612 3487 738 3543 quarum
752 3487 811 3528 vna
823 3479 887 3527 erat
899 3486 986 3526 soror
997 3470 1102 3543 ipsius.
1138 3470 1242 3527 Affue·
1257 3491 1287 3544 35

88 3569 164 3617 runt
176 3561 273 3617 adhuc
286 3561 389 3634 plures
401 3567 462 3617 tarn
475 3559 513 3616 de
527 3558 674 3615 Hibernia
683 3575 774 3632 quam
787 3560 825 3615 de
837 3558 944 3616 ceteris
958 3559 1059 3631 regnis
1072 3558 1242 3632 principum

89 3647 155 3706 filie
173 3647 257 3719 [et]¹⁸
269 3664 383 3720 regum,
400 3646 587 3704 ducissarum
606 3655 636 3704 et
654 3647 884 3704 comitissarum.
916 3646 991 3702 Filia
1010 3647 1099 3704 etiam
1118 3646 1243 3703 Arthuri

89 3735 174 3808 regis
187 3736 225 3792 de
240 3735 394 3792 Britannia
407 3737 494 3793 beata
507 3735 653 3804 Nathalia,
662 3745 751 3809 atque
764 3744 867 3791 sancta
881 3734 1043 3791 Polodoxia
1056 3752 1124 3791 cum
1139 3751 1243 3790 sorore

90 3821 206 3894 quat,
220 3822 316 3896 ipsius
327 3831 462 3896 cognata,
473 3822 620 3896 Policarpi
633 3823 713 3896 regis
726 3822 793 3894 filia,
806 3823 938 3894 virgines
950 3821 1158 3889 illustrissime,
1173 3838 1242 3877 cum

89 3909 186 3969 nobili
210 3911 359 3984 virginum
384 3910 509 3967 aderant
533 3911 682 3966 comitatu.
719 3910 794 3966 Filia
816 3907 1010 3966 nihilominus
1034 3909 1117 3966 affuit
1142 3907 1242 3982 magni
1255 3934 1288 3985 40

88 3999 175 4072 regis
193 4007 224 4055 et
241 3998 326 4056 ducis
344 3996 437 4055 incliti
457 3997 658 4070 Nichomedis,
678 3997 840 4068 Eustemia,
858 3996 942 4070 virgo
961 3995 1195 4070 prudentissima
1212 4005 1242 4054 et

123 4163 134 4194 ¹
154 4163 183 4213 E.
196 4164 371 4214 ostendamus.
469 4161 479 4192 ¹
496 4161 526 4212 Β.
539 4163 673 4226 virginum,
687 4177 740 4225 reg.
753 4171 788 4212 et
799 4163 857 4212 duc.
869 4161 928 4211 nob.
1027 4161 1037 4192 ³
1054 4160 1085 4212 E.
1096 4161 1242 4213 siliciensis.

88 4229 150 4279 ⁴3.
159 4229 255 4279 Christi
265 4229 367 4280 ancille.
417 4226 559 4291 ³B.quod.
609 4228 665 4278 ⁸13.
679 4229 792 4291 pertulit.
841 4227 955 4278 'solih
967 4227 1000 4278 11.
1050 4225 1240 4278 ⁸1anncmra.

88 4295 150 4346 ⁹13.
162 4295 224 4345 suis.
292 4295 311 4324 ¹⁰
328 4294 518 4346 Reatinorum.
585 4293 602 4324 ¹¹
622 4295 652 4345 B.
665 4295 748 4344 Clara.
814 4292 834 4323 ¹¹
851 4293 880 4344 E.
893 4295 1010 4343 maxime.
1078 4293 1158 4343 ¹³0m.
1172 4293 1198 4342 in
1211 4293 1242 4346 B.

90 4361 110 4391 ¹¹
123 4361 154 4412 B.
168 4361 319 4411 Resiudem.
387 4359 407 4389 ¹⁸
423 4359 454 4412 Β.
467 4359 642 4424 Magiuorach.
709 4358 728 4388 ¹⁸
745 4359 773 4411 E.
787 4367 921 4423 regumet
987 4357 1005 4388 ¹¹
1023 4359 1054 4408 E.
1067 4359 1136 4409 uilia.

127 4476 194 4518 vot.
207 4476 238 4516 11.
644 4457 676 4515 1i
