<?xml version="1.0" encoding="UTF-8"?>
<!DOCTYPE html PUBLIC "-//W3C//DTD XHTML 1.0 Transitional//EN"
    "http://www.w3.org/TR/xhtml1/DTD/xhtml1-transitional.dtd">
<html xmlns="http://www.w3.org/1999/xhtml" xml:lang="en" lang="en">
 <head>
  <title>
</title>
<meta http-equiv="Content-Type" content="text/html;charset=utf-8" />
  <meta name='ocr-system' content='tesseract 3.04.00' />
  <meta name='ocr-capabilities' content='ocr_page ocr_carea ocr_par ocr_line ocrx_word'/>
</head>
<body>
  <div class='ocr_page' id='page_1' title='image "./novalegendaangl00wordgoog/novalegendaangl00wordgoog_0484.png"; bbox 0 0 3028 4894; ppageno 0'>
   <div class='ocr_carea' id='block_1_1' title="bbox 445 0 966 3">
    <p class='ocr_par' dir='ltr' id='par_1_1' title="bbox 445 0 966 3">
     <span class='ocr_line' id='line_1_1' title="bbox 445 0 966 3; baseline 0 0"><span class='ocrx_word' id='word_1_1' title='bbox 445 0 966 3; x_wconf 95' lang='lat' dir='ltr'><strong> </strong></span> 
     </span>
    </p>
   </div>
   <div class='ocr_carea' id='block_1_2' title="bbox 123 299 1268 400">
    <p class='ocr_par' dir='ltr' id='par_1_2' title="bbox 123 299 1268 400">
     <span class='ocr_line' id='line_1_2' title="bbox 123 299 1268 400; baseline 0.023 -25"><span class='ocrx_word' id='word_1_2' title='bbox 123 329 148 367; x_wconf 74' lang='grc' dir='ltr'><strong>ι.</strong></span> <span class='ocrx_word' id='word_1_3' title='bbox 165 305 327 381; x_wconf 64' lang='lat' dir='ltr'><strong>textina]</strong></span> <span class='ocrx_word' id='word_1_4' title='bbox 464 302 539 396; x_wconf 65' lang='lat' dir='ltr'><strong>Da</strong></span> <span class='ocrx_word' id='word_1_5' title='bbox 563 299 731 390; x_wconf 56' lang='lat' dir='ltr'><strong>hanua</strong></span> <span class='ocrx_word' id='word_1_6' title='bbox 757 299 928 394; x_wconf 67' lang='lat' dir='ltr'><strong>attauh.</strong></span> <span class='ocrx_word' id='word_1_7' title='bbox 1196 324 1268 400; x_wconf 83' lang='lat'><strong>475</strong></span> 
     </span>
    </p>
   </div>
   <div class='ocr_carea' id='block_1_3' title="bbox 120 497 1318 3816">
    <p class='ocr_par' dir='ltr' id='par_1_3' title="bbox 120 497 1318 3816">
     <span class='ocr_line' id='line_1_3' title="bbox 121 497 1271 576; baseline 0.002 -19"><span class='ocrx_word' id='word_1_8' title='bbox 121 497 288 573; x_wconf 83' lang='lat' dir='ltr'><strong>Sapientia,</strong></span> <span class='ocrx_word' id='word_1_9' title='bbox 300 501 358 559; x_wconf 87' lang='lat' dir='ltr'><strong>alia</strong></span> <span class='ocrx_word' id='word_1_10' title='bbox 370 502 495 574; x_wconf 89' lang='lat' dir='ltr'><strong>Serena,</strong></span> <span class='ocrx_word' id='word_1_11' title='bbox 503 503 591 561; x_wconf 90' lang='lat' dir='ltr'><strong>tertia</strong></span> <span class='ocrx_word' id='word_1_12' title='bbox 605 503 720 560; x_wconf 85' lang='lat' dir='ltr'><strong>Eulalia</strong></span> <span class='ocrx_word' id='word_1_13' title='bbox 730 503 900 560; x_wconf 90' lang='lat' dir='ltr'><strong>vocabatur.</strong></span> <span class='ocrx_word' id='word_1_14' title='bbox 926 501 1018 560; x_wconf 89' lang='lat' dir='ltr'><strong>Beata</strong></span> <span class='ocrx_word' id='word_1_15' title='bbox 1030 520 1103 561; x_wconf 90' lang='lat' dir='ltr'><strong>sane</strong></span> <span class='ocrx_word' id='word_1_16' title='bbox 1116 501 1271 576; x_wconf 83' lang='lat' dir='ltr'><strong>Sapientia</strong></span> 
     </span>
     <span class='ocr_line' id='line_1_4' title="bbox 121 589 1271 666; baseline 0.002 -22"><span class='ocrx_word' id='word_1_17' title='bbox 121 604 217 660; x_wconf 88' lang='lat' dir='ltr'><strong>super</strong></span> <span class='ocrx_word' id='word_1_18' title='bbox 234 589 314 647; x_wconf 85' lang='lat' dir='ltr'><strong>mille</strong></span> <span class='ocrx_word' id='word_1_19' title='bbox 326 591 459 664; x_wconf 85' lang='lat' dir='ltr'><strong>virgines</strong></span> <span class='ocrx_word' id='word_1_20' title='bbox 477 591 680 666; x_wconf 81' lang='lat' dir='ltr'><strong>magisterium</strong></span> <span class='ocrx_word' id='word_1_21' title='bbox 697 591 832 648; x_wconf 85' lang='lat' dir='ltr'><strong>habebat</strong></span> <span class='ocrx_word' id='word_1_22' title='bbox 871 590 1009 664; x_wconf 89' lang='lat' dir='ltr'><strong>Denique</strong></span> <span class='ocrx_word' id='word_1_23' title='bbox 1027 593 1089 647; x_wconf 85' lang='lat' dir='ltr'><strong>dux</strong></span> <span class='ocrx_word' id='word_1_24' title='bbox 1110 589 1271 646; x_wconf 90' lang='lat' dir='ltr'><strong>Helindius</strong></span> 
     </span>
     <span class='ocr_line' id='line_1_5' title="bbox 120 676 1270 752; baseline 0.003 -21"><span class='ocrx_word' id='word_1_25' title='bbox 120 676 217 733; x_wconf 89' lang='lat' dir='ltr'><strong>filium</strong></span> <span class='ocrx_word' id='word_1_26' title='bbox 225 677 315 734; x_wconf 88' lang='lat' dir='ltr'><strong>etiam</strong></span> <span class='ocrx_word' id='word_1_27' title='bbox 324 678 425 736; x_wconf 89' lang='lat' dir='ltr'><strong>habuit</strong></span> <span class='ocrx_word' id='word_1_28' title='bbox 433 680 561 752; x_wconf 91' lang='lat' dir='ltr'><strong>probum</strong></span> <span class='ocrx_word' id='word_1_29' title='bbox 570 679 710 736; x_wconf 92' lang='lat' dir='ltr'><strong>iuuenem</strong></span> <span class='ocrx_word' id='word_1_30' title='bbox 720 679 895 736; x_wconf 90' lang='lat' dir='ltr'><strong>Helindium</strong></span> <span class='ocrx_word' id='word_1_31' title='bbox 903 679 1032 750; x_wconf 90' lang='lat' dir='ltr'><strong>nomine,</strong></span> <span class='ocrx_word' id='word_1_32' title='bbox 1042 680 1080 736; x_wconf 92' lang='lat' dir='ltr'><strong>de</strong></span> <span class='ocrx_word' id='word_1_33' title='bbox 1088 695 1181 735; x_wconf 85' lang='lat' dir='ltr'><strong>vxore</strong></span> <span class='ocrx_word' id='word_1_34' title='bbox 1192 677 1270 750; x_wconf 87' lang='lat' dir='ltr'><strong>[sua]</strong></span> 
     </span>
     <span class='ocr_line' id='line_1_6' title="bbox 121 763 1271 840; baseline 0.002 -21"><span class='ocrx_word' id='word_1_35' title='bbox 121 781 182 835; x_wconf 89' lang='lat' dir='ltr'><strong>que</strong></span> <span class='ocrx_word' id='word_1_36' title='bbox 197 763 314 821; x_wconf 87' lang='lat' dir='ltr'><strong>Malcha</strong></span> <span class='ocrx_word' id='word_1_37' title='bbox 324 775 371 823; x_wconf 93' lang='lat' dir='ltr'><strong>est</strong></span> <span class='ocrx_word' id='word_1_38' title='bbox 381 767 563 840; x_wconf 84' lang='lat' dir='ltr'><strong>ap[p]ellata,</strong></span> <span class='ocrx_word' id='word_1_39' title='bbox 574 776 604 824; x_wconf 88' lang='lat' dir='ltr'><strong>et</strong></span> <span class='ocrx_word' id='word_1_40' title='bbox 617 767 679 824; x_wconf 88' lang='lat' dir='ltr'><strong>filia</strong></span> <span class='ocrx_word' id='word_1_41' title='bbox 691 775 755 823; x_wconf 88' lang='lat' dir='ltr'><strong>erat</strong></span> <span class='ocrx_word' id='word_1_42' title='bbox 765 766 942 824; x_wconf 84' lang='lat' dir='ltr'><strong>nobilissimi</strong></span> <span class='ocrx_word' id='word_1_43' title='bbox 951 767 1098 840; x_wconf 88' lang='lat' dir='ltr'><strong>principis</strong></span> <span class='ocrx_word' id='word_1_44' title='bbox 1108 766 1271 823; x_wconf 88' lang='lat' dir='ltr'><strong>cuiusdam.</strong></span> 
     </span>
     <span class='ocr_line' id='line_1_7' title="bbox 121 850 1299 926; baseline 0.001 -19"><span class='ocrx_word' id='word_1_45' title='bbox 121 850 205 908; x_wconf 89' lang='lat' dir='ltr'><strong>Sane</strong></span> <span class='ocrx_word' id='word_1_46' title='bbox 217 869 295 909; x_wconf 85' lang='lat' dir='ltr'><strong>vxor</strong></span> <span class='ocrx_word' id='word_1_47' title='bbox 311 853 436 912; x_wconf 90' lang='lat' dir='ltr'><strong>iunioris</strong></span> <span class='ocrx_word' id='word_1_48' title='bbox 456 855 598 924; x_wconf 89' lang='lat' dir='ltr'><strong>Helindii,</strong></span> <span class='ocrx_word' id='word_1_49' title='bbox 612 855 729 911; x_wconf 90' lang='lat' dir='ltr'><strong>illorum</strong></span> <span class='ocrx_word' id='word_1_50' title='bbox 748 854 809 923; x_wconf 88' lang='lat' dir='ltr'><strong>filii,</strong></span> <span class='ocrx_word' id='word_1_51' title='bbox 822 855 913 911; x_wconf 88' lang='lat' dir='ltr'><strong>Anna</strong></span> <span class='ocrx_word' id='word_1_52' title='bbox 930 855 1106 911; x_wconf 88' lang='lat' dir='ltr'><strong>vocabatur:</strong></span> <span class='ocrx_word' id='word_1_53' title='bbox 1126 854 1176 926; x_wconf 90' lang='lat' dir='ltr'><strong>qui</strong></span> <span class='ocrx_word' id='word_1_54' title='bbox 1195 853 1271 908; x_wconf 92' lang='lat' dir='ltr'><strong>duas</strong></span> <span class='ocrx_word' id='word_1_55' title='bbox 1285 868 1299 920; x_wconf 85' lang='lat'><strong>5</strong></span> 
     </span>
     <span class='ocr_line' id='line_1_8' title="bbox 120 937 1272 1016; baseline 0.001 -22"><span class='ocrx_word' id='word_1_56' title='bbox 120 937 154 994; x_wconf 92' lang='lat' dir='ltr'><strong>in</strong></span> <span class='ocrx_word' id='word_1_57' title='bbox 164 941 272 996; x_wconf 89' lang='lat' dir='ltr'><strong>eodem</strong></span> <span class='ocrx_word' id='word_1_58' title='bbox 283 941 422 999; x_wconf 88' lang='lat' dir='ltr'><strong>comitatu</strong></span> <span class='ocrx_word' id='word_1_59' title='bbox 435 942 511 998; x_wconf 87' lang='lat' dir='ltr'><strong>filias</strong></span> <span class='ocrx_word' id='word_1_60' title='bbox 521 943 679 1012; x_wconf 86' lang='lat' dir='ltr'><strong>habebant,</strong></span> <span class='ocrx_word' id='word_1_61' title='bbox 688 941 884 1016; x_wconf 81' lang='lat' dir='ltr'><strong>quarum&#39;vna</strong></span> <span class='ocrx_word' id='word_1_62' title='bbox 896 941 986 1014; x_wconf 89' lang='lat' dir='ltr'>Spes,</span> <span class='ocrx_word' id='word_1_63' title='bbox 998 941 1050 1014; x_wconf 90' lang='lat' dir='ltr'><strong>[et]</strong></span> <span class='ocrx_word' id='word_1_64' title='bbox 1061 941 1155 997; x_wconf 86' lang='lat' dir='ltr'><strong>altera</strong></span> <span class='ocrx_word' id='word_1_65' title='bbox 1166 938 1272 996; x_wconf 87' lang='lat' dir='ltr'><strong>Eusro·</strong></span> 
     </span>
     <span class='ocr_line' id='line_1_9' title="bbox 121 1025 1271 1103; baseline 0.003 -23"><span class='ocrx_word' id='word_1_66' title='bbox 121 1025 189 1082; x_wconf 92' lang='lat' dir='ltr'><strong>sina</strong></span> <span class='ocrx_word' id='word_1_67' title='bbox 219 1028 380 1086; x_wconf 84' lang='lat' dir='ltr'><strong>dicebatur.</strong></span> <span class='ocrx_word' id='word_1_68' title='bbox 426 1029 548 1103; x_wconf 89' lang='lat' dir='ltr'><strong>losippa</strong></span> <span class='ocrx_word' id='word_1_69' title='bbox 577 1029 733 1103; x_wconf 87' lang='lat' dir='ltr'><strong>siquidem,</strong></span> <span class='ocrx_word' id='word_1_70' title='bbox 759 1030 876 1086; x_wconf 92' lang='lat' dir='ltr'><strong>illorum</strong></span> <span class='ocrx_word' id='word_1_71' title='bbox 902 1029 1027 1086; x_wconf 80' lang='lat' dir='ltr'><strong>fratrum</strong></span> <span class='ocrx_word' id='word_1_72' title='bbox 1057 1045 1143 1086; x_wconf 89' lang='lat' dir='ltr'><strong>soror</strong></span> <span class='ocrx_word' id='word_1_73' title='bbox 1166 1028 1271 1101; x_wconf 84' lang='lat' dir='ltr'><strong>prima,</strong></span> 
     </span>
     <span class='ocr_line' id='line_1_10' title="bbox 120 1113 1271 1187; baseline 0.002 -17"><span class='ocrx_word' id='word_1_74' title='bbox 120 1113 263 1172; x_wconf 89' lang='lat' dir='ltr'><strong>maritum</strong></span> <span class='ocrx_word' id='word_1_75' title='bbox 285 1116 412 1174; x_wconf 89' lang='lat' dir='ltr'><strong>habebat</strong></span> <span class='ocrx_word' id='word_1_76' title='bbox 434 1116 614 1187; x_wconf 69' lang='lat' dir='ltr'><strong>Eusebium</strong></span> <span class='ocrx_word' id='word_1_77' title='bbox 633 1126 663 1174; x_wconf 87' lang='lat' dir='ltr'><strong>et</strong></span> <span class='ocrx_word' id='word_1_78' title='bbox 683 1117 731 1174; x_wconf 93' lang='lat' dir='ltr'><strong>hic</strong></span> <span class='ocrx_word' id='word_1_79' title='bbox 750 1117 803 1175; x_wconf 91' lang='lat' dir='ltr'><strong>suit</strong></span> <span class='ocrx_word' id='word_1_80' title='bbox 821 1118 883 1173; x_wconf 88' lang='lat' dir='ltr'><strong>dux</strong></span> <span class='ocrx_word' id='word_1_81' title='bbox 902 1116 1018 1186; x_wconf 78' lang='lat' dir='ltr'><strong>nobiliS,</strong></span> <span class='ocrx_word' id='word_1_82' title='bbox 1038 1125 1067 1173; x_wconf 90' lang='lat' dir='ltr'><strong>et</strong></span> <span class='ocrx_word' id='word_1_83' title='bbox 1084 1124 1147 1174; x_wconf 90' lang='lat' dir='ltr'><strong>tres</strong></span> <span class='ocrx_word' id='word_1_84' title='bbox 1165 1117 1196 1171; x_wconf 92' lang='lat' dir='ltr'><strong>in</strong></span> <span class='ocrx_word' id='word_1_85' title='bbox 1215 1115 1271 1172; x_wconf 91' lang='lat' dir='ltr'><strong>hoc</strong></span> 
     </span>
     <span class='ocr_line' id='line_1_11' title="bbox 121 1202 1273 1278; baseline 0.003 -22"><span class='ocrx_word' id='word_1_86' title='bbox 121 1211 192 1257; x_wconf 90' lang='lat' dir='ltr'><strong>cetu</strong></span> <span class='ocrx_word' id='word_1_87' title='bbox 214 1213 318 1260; x_wconf 88' lang='lat' dir='ltr'><strong>sancto</strong></span> <span class='ocrx_word' id='word_1_88' title='bbox 340 1204 441 1261; x_wconf 88' lang='lat' dir='ltr'><strong>habuit</strong></span> <span class='ocrx_word' id='word_1_89' title='bbox 463 1204 548 1274; x_wconf 87' lang='lat' dir='ltr'><strong>filias,</strong></span> <span class='ocrx_word' id='word_1_90' title='bbox 571 1222 696 1278; x_wconf 92' lang='lat' dir='ltr'><strong>quarum</strong></span> <span class='ocrx_word' id='word_1_91' title='bbox 714 1223 775 1262; x_wconf 90' lang='lat' dir='ltr'><strong>vna</strong></span> <span class='ocrx_word' id='word_1_92' title='bbox 798 1204 969 1261; x_wconf 80' lang='lat' dir='ltr'><strong>Eleutheris</strong></span> <span class='ocrx_word' id='word_1_93' title='bbox 990 1204 1070 1260; x_wconf 88' lang='lat' dir='ltr'><strong>dicta</strong></span> <span class='ocrx_word' id='word_1_94' title='bbox 1089 1213 1145 1274; x_wconf 88' lang='lat' dir='ltr'><strong>est,</strong></span> <span class='ocrx_word' id='word_1_95' title='bbox 1163 1212 1194 1260; x_wconf 91' lang='lat' dir='ltr'><strong>et</strong></span> <span class='ocrx_word' id='word_1_96' title='bbox 1215 1202 1273 1260; x_wconf 88' lang='lat' dir='ltr'><strong>alia</strong></span> 
     </span>
     <span class='ocr_line' id='line_1_12' title="bbox 122 1287 1318 1365; baseline 0 -22"><span class='ocrx_word' id='word_1_97' title='bbox 122 1287 261 1362; x_wconf 87' lang='lat' dir='ltr'><strong>Iosippa;</strong></span> <span class='ocrx_word' id='word_1_98' title='bbox 293 1293 379 1348; x_wconf 88' lang='lat' dir='ltr'><strong>tertia</strong></span> <span class='ocrx_word' id='word_1_99' title='bbox 403 1310 476 1348; x_wconf 88' lang='lat' dir='ltr'><strong>vero</strong></span> <span class='ocrx_word' id='word_1_100' title='bbox 508 1293 654 1359; x_wconf 76' lang='lat' dir='ltr'><strong>Nestoria,</strong></span> <span class='ocrx_word' id='word_1_101' title='bbox 680 1309 739 1365; x_wconf 92' lang='lat' dir='ltr'><strong>que</strong></span> <span class='ocrx_word' id='word_1_102' title='bbox 763 1293 801 1349; x_wconf 93' lang='lat' dir='ltr'><strong>de</strong></span> <span class='ocrx_word' id='word_1_103' title='bbox 832 1292 889 1348; x_wconf 90' lang='lat' dir='ltr'><strong>alia</strong></span> <span class='ocrx_word' id='word_1_104' title='bbox 913 1309 1007 1349; x_wconf 88' lang='lat' dir='ltr'><strong>vxore</strong></span> <span class='ocrx_word' id='word_1_105' title='bbox 1037 1299 1193 1364; x_wconf 88' lang='lat' dir='ltr'><strong>procreata</strong></span> <span class='ocrx_word' id='word_1_106' title='bbox 1217 1298 1272 1347; x_wconf 90' lang='lat' dir='ltr'><strong>est.</strong></span> <span class='ocrx_word' id='word_1_107' title='bbox 1287 1307 1318 1342; x_wconf 89' lang='lat'><strong>10</strong></span> 
     </span>
     <span class='ocr_line' id='line_1_13' title="bbox 122 1374 1272 1452; baseline 0.003 -21"><span class='ocrx_word' id='word_1_108' title='bbox 122 1374 296 1434; x_wconf 87' lang='lat' dir='ltr'><strong>Eleutheria</strong></span> <span class='ocrx_word' id='word_1_109' title='bbox 319 1395 429 1452; x_wconf 88' lang='lat' dir='ltr'><strong>nempe</strong></span> <span class='ocrx_word' id='word_1_110' title='bbox 454 1389 522 1452; x_wconf 91' lang='lat' dir='ltr'><strong>post</strong></span> <span class='ocrx_word' id='word_1_111' title='bbox 543 1389 677 1436; x_wconf 88' lang='lat' dir='ltr'><strong>sanctam</strong></span> <span class='ocrx_word' id='word_1_112' title='bbox 695 1380 846 1450; x_wconf 87' lang='lat' dir='ltr'><strong>Vrsulam,</strong></span> <span class='ocrx_word' id='word_1_113' title='bbox 869 1379 1030 1436; x_wconf 87' lang='lat' dir='ltr'><strong>Pinnosam</strong></span> <span class='ocrx_word' id='word_1_114' title='bbox 1050 1388 1080 1436; x_wconf 92' lang='lat' dir='ltr'><strong>et</strong></span> <span class='ocrx_word' id='word_1_115' title='bbox 1102 1378 1272 1448; x_wconf 90' lang='lat' dir='ltr'><strong>Cordulam,</strong></span> 
     </span>
     <span class='ocr_line' id='line_1_14' title="bbox 122 1464 1272 1540; baseline 0.003 -22"><span class='ocrx_word' id='word_1_116' title='bbox 122 1480 218 1536; x_wconf 92' lang='lat' dir='ltr'><strong>super</strong></span> <span class='ocrx_word' id='word_1_117' title='bbox 239 1483 346 1524; x_wconf 89' lang='lat' dir='ltr'><strong>omnes</strong></span> <span class='ocrx_word' id='word_1_118' title='bbox 367 1466 500 1540; x_wconf 82' lang='lat' dir='ltr'><strong>virgines</strong></span> <span class='ocrx_word' id='word_1_119' title='bbox 521 1476 568 1525; x_wconf 90' lang='lat' dir='ltr'><strong>est</strong></span> <span class='ocrx_word' id='word_1_120' title='bbox 590 1468 750 1524; x_wconf 89' lang='lat' dir='ltr'><strong>constituta</strong></span> <span class='ocrx_word' id='word_1_121' title='bbox 771 1469 922 1540; x_wconf 85' lang='lat' dir='ltr'><strong>magistra.</strong></span> <span class='ocrx_word' id='word_1_122' title='bbox 960 1466 1032 1524; x_wconf 90' lang='lat' dir='ltr'><strong>Post</strong></span> <span class='ocrx_word' id='word_1_123' title='bbox 1056 1464 1164 1540; x_wconf 89' lang='lat' dir='ltr'><strong>quam¹</strong></span> <span class='ocrx_word' id='word_1_124' title='bbox 1184 1466 1272 1522; x_wconf 87' lang='lat' dir='ltr'><strong>beata</strong></span> 
     </span>
     <span class='ocr_line' id='line_1_15' title="bbox 123 1551 1272 1628; baseline 0.002 -22"><span class='ocrx_word' id='word_1_125' title='bbox 123 1551 276 1610; x_wconf 88' lang='lat' dir='ltr'><strong>Florentia</strong></span> <span class='ocrx_word' id='word_1_126' title='bbox 302 1553 414 1627; x_wconf 82' lang='lat' dir='ltr'><strong>prefuit</strong></span> <span class='ocrx_word' id='word_1_127' title='bbox 437 1553 594 1626; x_wconf 79' lang='lat' dir='ltr'><strong>uniuersis,</strong></span> <span class='ocrx_word' id='word_1_128' title='bbox 616 1573 676 1628; x_wconf 90' lang='lat' dir='ltr'><strong>que</strong></span> <span class='ocrx_word' id='word_1_129' title='bbox 697 1555 758 1611; x_wconf 86' lang='lat' dir='ltr'><strong>filia</strong></span> <span class='ocrx_word' id='word_1_130' title='bbox 780 1554 860 1627; x_wconf 86' lang='lat' dir='ltr'><strong>regis</strong></span> <span class='ocrx_word' id='word_1_131' title='bbox 884 1555 981 1611; x_wconf 87' lang='lat' dir='ltr'><strong>extitit</strong></span> <span class='ocrx_word' id='word_1_132' title='bbox 1003 1554 1158 1611; x_wconf 89' lang='lat' dir='ltr'><strong>cuiusdam</strong></span> <span class='ocrx_word' id='word_1_133' title='bbox 1181 1552 1272 1609; x_wconf 90' lang='lat' dir='ltr'><strong>incliti</strong></span> 
     </span>
     <span class='ocr_line' id='line_1_16' title="bbox 120 1639 1273 1716; baseline 0 -20"><span class='ocrx_word' id='word_1_134' title='bbox 120 1640 174 1712; x_wconf 91' lang='lat' dir='ltr'><strong>qui</strong></span> <span class='ocrx_word' id='word_1_135' title='bbox 186 1640 283 1698; x_wconf 92' lang='lat' dir='ltr'><strong>dictus</strong></span> <span class='ocrx_word' id='word_1_136' title='bbox 296 1651 342 1698; x_wconf 91' lang='lat' dir='ltr'><strong>est</strong></span> <span class='ocrx_word' id='word_1_137' title='bbox 356 1642 631 1716; x_wconf 86' lang='lat' dir='ltr'><strong>Egidius,vxorque</strong></span> <span class='ocrx_word' id='word_1_138' title='bbox 643 1642 722 1699; x_wconf 89' lang='lat' dir='ltr'><strong>illius</strong></span> <span class='ocrx_word' id='word_1_139' title='bbox 737 1643 856 1700; x_wconf 88' lang='lat' dir='ltr'><strong>Helena</strong></span> <span class='ocrx_word' id='word_1_140' title='bbox 867 1644 1035 1699; x_wconf 88' lang='lat' dir='ltr'><strong>vocabatur.</strong></span> <span class='ocrx_word' id='word_1_141' title='bbox 1064 1641 1123 1698; x_wconf 85' lang='lat' dir='ltr'><strong>llic</strong></span> <span class='ocrx_word' id='word_1_142' title='bbox 1136 1639 1273 1714; x_wconf 90' lang='lat' dir='ltr'><strong>quidem¹</strong></span> 
     </span>
     <span class='ocr_line' id='line_1_17' title="bbox 121 1727 1316 1803; baseline -0.001 -19"><span class='ocrx_word' id='word_1_143' title='bbox 121 1745 198 1784; x_wconf 89' lang='lat' dir='ltr'><strong>sane</strong></span> <span class='ocrx_word' id='word_1_144' title='bbox 216 1745 271 1785; x_wconf 85' lang='lat' dir='ltr'><strong>rex</strong></span> <span class='ocrx_word' id='word_1_145' title='bbox 289 1731 487 1786; x_wconf 88' lang='lat' dir='ltr'><strong>consobrinus</strong></span> <span class='ocrx_word' id='word_1_146' title='bbox 506 1739 571 1786; x_wconf 91' lang='lat' dir='ltr'><strong>erat</strong></span> <span class='ocrx_word' id='word_1_147' title='bbox 589 1731 670 1803; x_wconf 85' lang='lat' dir='ltr'><strong>regis</strong></span> <span class='ocrx_word' id='word_1_148' title='bbox 686 1731 773 1787; x_wconf 91' lang='lat' dir='ltr'><strong>beate</strong></span> <span class='ocrx_word' id='word_1_149' title='bbox 788 1730 898 1786; x_wconf 89' lang='lat' dir='ltr'><strong>Vrsule</strong></span> <span class='ocrx_word' id='word_1_150' title='bbox 917 1729 1019 1802; x_wconf 89' lang='lat' dir='ltr'><strong>patris.</strong></span> <span class='ocrx_word' id='word_1_151' title='bbox 1052 1728 1164 1786; x_wconf 87' lang='lat' dir='ltr'><strong>Sancta</strong></span> <span class='ocrx_word' id='word_1_152' title='bbox 1182 1727 1271 1801; x_wconf 89' lang='lat' dir='ltr'><strong>siqui·</strong></span> <span class='ocrx_word' id='word_1_153' title='bbox 1287 1748 1316 1800; x_wconf 85' lang='lat'><strong>15</strong></span> 
     </span>
     <span class='ocr_line' id='line_1_18' title="bbox 121 1814 1272 1890; baseline 0.003 -20"><span class='ocrx_word' id='word_1_154' title='bbox 121 1815 194 1870; x_wconf 91' lang='lat' dir='ltr'><strong>dem</strong></span> <span class='ocrx_word' id='word_1_155' title='bbox 220 1815 370 1874; x_wconf 85' lang='lat' dir='ltr'><strong>Florentia</strong></span> <span class='ocrx_word' id='word_1_156' title='bbox 396 1817 493 1890; x_wconf 84' lang='lat' dir='ltr'><strong>Egidii</strong></span> <span class='ocrx_word' id='word_1_157' title='bbox 518 1817 599 1890; x_wconf 82' lang='lat' dir='ltr'><strong>regis</strong></span> <span class='ocrx_word' id='word_1_158' title='bbox 624 1817 693 1888; x_wconf 84' lang='lat' dir='ltr'><strong>filia,</strong></span> <span class='ocrx_word' id='word_1_159' title='bbox 715 1835 850 1874; x_wconf 89' lang='lat' dir='ltr'><strong>sororem</strong></span> <span class='ocrx_word' id='word_1_160' title='bbox 876 1834 979 1874; x_wconf 91' lang='lat' dir='ltr'><strong>secum</strong></span> <span class='ocrx_word' id='word_1_161' title='bbox 1002 1817 1128 1873; x_wconf 87' lang='lat' dir='ltr'><strong>habebat</strong></span> <span class='ocrx_word' id='word_1_162' title='bbox 1151 1814 1272 1873; x_wconf 90' lang='lat' dir='ltr'><strong>nomine</strong></span> 
     </span>
     <span class='ocr_line' id='line_1_19' title="bbox 122 1901 1272 1977; baseline -0.002 -18"><span class='ocrx_word' id='word_1_163' title='bbox 122 1901 316 1974; x_wconf 86' lang='lat' dir='ltr'><strong>Placentiam,</strong></span> <span class='ocrx_word' id='word_1_164' title='bbox 329 1921 437 1977; x_wconf 80' lang='lat' dir='ltr'><strong>magne</strong></span> <span class='ocrx_word' id='word_1_165' title='bbox 453 1905 571 1962; x_wconf 91' lang='lat' dir='ltr'><strong>virtutis</strong></span> <span class='ocrx_word' id='word_1_166' title='bbox 582 1904 728 1977; x_wconf 83' lang='lat' dir='ltr'><strong>virginem</strong></span> <span class='ocrx_word' id='word_1_167' title='bbox 742 1905 828 1962; x_wconf 87' lang='lat' dir='ltr'><strong>valde</strong></span> <span class='ocrx_word' id='word_1_168' title='bbox 845 1904 994 1962; x_wconf 87' lang='lat' dir='ltr'><strong>illustrem</strong></span> <span class='ocrx_word' id='word_1_169' title='bbox 1012 1913 1042 1960; x_wconf 91' lang='lat' dir='ltr'><strong>et</strong></span> <span class='ocrx_word' id='word_1_170' title='bbox 1060 1903 1200 1972; x_wconf 89' lang='lat' dir='ltr'><strong>inclitam,</strong></span> <span class='ocrx_word' id='word_1_171' title='bbox 1213 1920 1272 1976; x_wconf 92' lang='lat' dir='ltr'><strong>que</strong></span> 
     </span>
     <span class='ocr_line' id='line_1_20' title="bbox 121 1991 1272 2065; baseline 0 -19"><span class='ocrx_word' id='word_1_172' title='bbox 121 2007 179 2064; x_wconf 90' lang='lat' dir='ltr'><strong>pre</strong></span> <span class='ocrx_word' id='word_1_173' title='bbox 194 2009 312 2049; x_wconf 93' lang='lat' dir='ltr'><strong>morum</strong></span> <span class='ocrx_word' id='word_1_174' title='bbox 329 2009 452 2050; x_wconf 90' lang='lat' dir='ltr'><strong>suorum</strong></span> <span class='ocrx_word' id='word_1_175' title='bbox 465 1994 573 2050; x_wconf 88' lang='lat' dir='ltr'><strong>virtute</strong></span> <span class='ocrx_word' id='word_1_176' title='bbox 585 1993 737 2065; x_wconf 88' lang='lat' dir='ltr'><strong>animique</strong></span> <span class='ocrx_word' id='word_1_177' title='bbox 754 1991 921 2065; x_wconf 79' lang='lat' dir='ltr'><strong>sapientia³</strong></span> <span class='ocrx_word' id='word_1_178' title='bbox 934 2001 964 2049; x_wconf 89' lang='lat' dir='ltr'><strong>et</strong></span> <span class='ocrx_word' id='word_1_179' title='bbox 974 1991 1120 2048; x_wconf 89' lang='lat' dir='ltr'><strong>suauitate</strong></span> <span class='ocrx_word' id='word_1_180' title='bbox 1134 1998 1195 2047; x_wconf 88' lang='lat' dir='ltr'><strong>tam</strong></span> <span class='ocrx_word' id='word_1_181' title='bbox 1214 1991 1272 2046; x_wconf 91' lang='lat' dir='ltr'><strong>deo</strong></span> 
     </span>
     <span class='ocr_line' id='line_1_21' title="bbox 121 2078 1272 2154; baseline 0 -20"><span class='ocrx_word' id='word_1_182' title='bbox 121 2079 213 2134; x_wconf 87' lang='lat' dir='ltr'><strong>chara</strong></span> <span class='ocrx_word' id='word_1_183' title='bbox 225 2079 321 2136; x_wconf 87' lang='lat' dir='ltr'><strong>extitit</strong></span> <span class='ocrx_word' id='word_1_184' title='bbox 333 2088 364 2136; x_wconf 94' lang='lat' dir='ltr'><strong>et</strong></span> <span class='ocrx_word' id='word_1_185' title='bbox 375 2080 512 2137; x_wconf 88' lang='lat' dir='ltr'><strong>amabilis</strong></span> <span class='ocrx_word' id='word_1_186' title='bbox 524 2097 614 2154; x_wconf 90' lang='lat' dir='ltr'><strong>quam</strong></span> <span class='ocrx_word' id='word_1_187' title='bbox 628 2081 799 2136; x_wconf 89' lang='lat' dir='ltr'><strong>hominibus</strong></span> <span class='ocrx_word' id='word_1_188' title='bbox 812 2079 1067 2136; x_wconf 88' lang='lat' dir='ltr'><strong>commendabilis.</strong></span> <span class='ocrx_word' id='word_1_189' title='bbox 1103 2078 1170 2148; x_wconf 84' lang='lat' dir='ltr'><strong>Que</strong></span> <span class='ocrx_word' id='word_1_190' title='bbox 1183 2078 1272 2134; x_wconf 89' lang='lat' dir='ltr'><strong>ambe</strong></span> 
     </span>
     <span class='ocr_line' id='line_1_22' title="bbox 121 2164 1318 2241; baseline 0.003 -20"><span class='ocrx_word' id='word_1_191' title='bbox 121 2165 334 2224; x_wconf 84' lang='lat' dir='ltr'><strong>illustrissimis</strong></span> <span class='ocrx_word' id='word_1_192' title='bbox 359 2167 478 2225; x_wconf 81' lang='lat' dir='ltr'><strong>t&#39;uenrnt</strong></span> <span class='ocrx_word' id='word_1_193' title='bbox 503 2170 686 2241; x_wconf 89' lang='lat' dir='ltr'><strong>desponsate</strong></span> <span class='ocrx_word' id='word_1_194' title='bbox 711 2167 870 2224; x_wconf 89' lang='lat' dir='ltr'><strong>iuuenibus</strong></span> <span class='ocrx_word' id='word_1_195' title='bbox 895 2167 943 2224; x_wconf 88' lang='lat' dir='ltr'><strong>et⁴</strong></span> <span class='ocrx_word' id='word_1_196' title='bbox 965 2166 1092 2223; x_wconf 92' lang='lat' dir='ltr'><strong>multum</strong></span> <span class='ocrx_word' id='word_1_197' title='bbox 1114 2164 1271 2222; x_wconf 90' lang='lat' dir='ltr'><strong>nobilibus.</strong></span> <span class='ocrx_word' id='word_1_198' title='bbox 1286 2187 1318 2224; x_wconf 81' lang='lat' dir='ltr'><strong>ao</strong></span> 
     </span>
     <span class='ocr_line' id='line_1_23' title="bbox 123 2251 1272 2329; baseline -0.002 -19"><span class='ocrx_word' id='word_1_199' title='bbox 123 2253 219 2310; x_wconf 88' lang='lat' dir='ltr'><strong>Porro</strong></span> <span class='ocrx_word' id='word_1_200' title='bbox 238 2272 370 2328; x_wconf 86' lang='lat' dir='ltr'><strong>sponsus</strong></span> <span class='ocrx_word' id='word_1_201' title='bbox 387 2255 513 2329; x_wconf 84' lang='lat' dir='ltr'><strong>virginis</strong></span> <span class='ocrx_word' id='word_1_202' title='bbox 536 2255 695 2322; x_wconf 90' lang='lat' dir='ltr'><strong>Placentie,</strong></span> <span class='ocrx_word' id='word_1_203' title='bbox 712 2253 889 2311; x_wconf 87' lang='lat' dir='ltr'><strong>nobilissimi</strong></span> <span class='ocrx_word' id='word_1_204' title='bbox 910 2254 1065 2311; x_wconf 89' lang='lat' dir='ltr'><strong>cuiusdam</strong></span> <span class='ocrx_word' id='word_1_205' title='bbox 1087 2253 1171 2309; x_wconf 90' lang='lat' dir='ltr'><strong>ducis</strong></span> <span class='ocrx_word' id='word_1_206' title='bbox 1194 2251 1272 2308; x_wconf 89' lang='lat' dir='ltr'><strong>filius</strong></span> 
     </span>
     <span class='ocr_line' id='line_1_24' title="bbox 124 2337 1273 2416; baseline -0.001 -19"><span class='ocrx_word' id='word_1_207' title='bbox 124 2341 248 2398; x_wconf 91' lang='lat' dir='ltr'><strong>nomine</strong></span> <span class='ocrx_word' id='word_1_208' title='bbox 274 2341 421 2414; x_wconf 85' lang='lat' dir='ltr'><strong>Florinus,</strong></span> <span class='ocrx_word' id='word_1_209' title='bbox 441 2343 537 2416; x_wconf 91' lang='lat' dir='ltr'><strong>ipsius</strong></span> <span class='ocrx_word' id='word_1_210' title='bbox 552 2359 655 2400; x_wconf 90' lang='lat' dir='ltr'><strong>amore</strong></span> <span class='ocrx_word' id='word_1_211' title='bbox 677 2343 792 2399; x_wconf 89' lang='lat' dir='ltr'><strong>illectus</strong></span> <span class='ocrx_word' id='word_1_212' title='bbox 817 2359 886 2398; x_wconf 90' lang='lat' dir='ltr'><strong>cum</strong></span> <span class='ocrx_word' id='word_1_213' title='bbox 908 2359 944 2398; x_wconf 89' lang='lat' dir='ltr'><strong>ea</strong></span> <span class='ocrx_word' id='word_1_214' title='bbox 967 2343 1075 2398; x_wconf 89' lang='lat' dir='ltr'><strong>ceteris</strong></span> <span class='ocrx_word' id='word_1_215' title='bbox 1097 2337 1273 2398; x_wconf 80' lang='lat' dir='ltr'><strong>adiunctus⁶</strong></span> 
     </span>
     <span class='ocr_line' id='line_1_25' title="bbox 122 2427 1271 2503; baseline -0.001 -18"><span class='ocrx_word' id='word_1_216' title='bbox 122 2429 330 2502; x_wconf 87' lang='lat' dir='ltr'><strong>proficiscitur.</strong></span> <span class='ocrx_word' id='word_1_217' title='bbox 368 2430 462 2487; x_wconf 92' lang='lat' dir='ltr'><strong>Porro</strong></span> <span class='ocrx_word' id='word_1_218' title='bbox 482 2447 620 2487; x_wconf 90' lang='lat' dir='ltr'><strong>sororum</strong></span> <span class='ocrx_word' id='word_1_219' title='bbox 640 2429 841 2503; x_wconf 84' lang='lat' dir='ltr'><strong>predictamm</strong></span> <span class='ocrx_word' id='word_1_220' title='bbox 860 2429 952 2486; x_wconf 90' lang='lat' dir='ltr'><strong>altera</strong></span> <span class='ocrx_word' id='word_1_221' title='bbox 971 2427 1161 2486; x_wconf 81' lang='lat' dir='ltr'><strong>Chelindris⁶</strong></span> <span class='ocrx_word' id='word_1_222' title='bbox 1180 2427 1271 2484; x_wconf 89' lang='lat' dir='ltr'><strong>filiam</strong></span> 
     </span>
     <span class='ocr_line' id='line_1_26' title="bbox 121 2517 1272 2590; baseline -0.001 -18"><span class='ocrx_word' id='word_1_223' title='bbox 121 2533 242 2590; x_wconf 92' lang='lat' dir='ltr'><strong>quoque</strong></span> <span class='ocrx_word' id='word_1_224' title='bbox 261 2517 339 2575; x_wconf 91' lang='lat' dir='ltr'><strong>inter</strong></span> <span class='ocrx_word' id='word_1_225' title='bbox 358 2527 474 2576; x_wconf 90' lang='lat' dir='ltr'><strong>ceteras</strong></span> <span class='ocrx_word' id='word_1_226' title='bbox 489 2518 591 2575; x_wconf 91' lang='lat' dir='ltr'><strong>habuit</strong></span> <span class='ocrx_word' id='word_1_227' title='bbox 612 2517 771 2574; x_wconf 87' lang='lat' dir='ltr'><strong>Placidam.</strong></span> <span class='ocrx_word' id='word_1_228' title='bbox 807 2517 909 2575; x_wconf 88' lang='lat' dir='ltr'><strong>Tertia</strong></span> <span class='ocrx_word' id='word_1_229' title='bbox 925 2535 997 2574; x_wconf 91' lang='lat' dir='ltr'><strong>vero</strong></span> <span class='ocrx_word' id='word_1_230' title='bbox 1016 2517 1129 2573; x_wconf 81' lang='lat' dir='ltr'><strong>Eulalia</strong></span> <span class='ocrx_word' id='word_1_231' title='bbox 1147 2524 1272 2588; x_wconf 90' lang='lat' dir='ltr'><strong>sequuta</strong></span> 
     </span>
     <span class='ocr_line' id='line_1_27' title="bbox 122 2603 1317 2678; baseline 0.002 -18"><span class='ocrx_word' id='word_1_232' title='bbox 122 2613 169 2660; x_wconf 89' lang='lat' dir='ltr'><strong>est</strong></span> <span class='ocrx_word' id='word_1_233' title='bbox 181 2604 315 2678; x_wconf 86' lang='lat' dir='ltr'><strong>virgines</strong></span> <span class='ocrx_word' id='word_1_234' title='bbox 333 2614 461 2676; x_wconf 77' lang='lat' dir='ltr'><strong>sanctas,</strong></span> <span class='ocrx_word' id='word_1_235' title='bbox 474 2606 601 2664; x_wconf 83' lang='lat' dir='ltr'><strong>exulans</strong></span> <span class='ocrx_word' id='word_1_236' title='bbox 619 2614 649 2662; x_wconf 92' lang='lat' dir='ltr'><strong>et</strong></span> <span class='ocrx_word' id='word_1_237' title='bbox 664 2605 730 2678; x_wconf 86' lang='lat' dir='ltr'><strong>ipsa</strong></span> <span class='ocrx_word' id='word_1_238' title='bbox 743 2623 798 2677; x_wconf 93' lang='lat' dir='ltr'><strong>pro</strong></span> <span class='ocrx_word' id='word_1_239' title='bbox 811 2605 941 2663; x_wconf 87' lang='lat' dir='ltr'><strong>Christo.</strong></span> <span class='ocrx_word' id='word_1_240' title='bbox 979 2604 1063 2662; x_wconf 91' lang='lat' dir='ltr'><strong>luter</strong></span> <span class='ocrx_word' id='word_1_241' title='bbox 1081 2604 1147 2660; x_wconf 89' lang='lat' dir='ltr'><strong>illas</strong></span> <span class='ocrx_word' id='word_1_242' title='bbox 1166 2603 1272 2660; x_wconf 88' lang='lat' dir='ltr'><strong>nihilo·</strong></span> <span class='ocrx_word' id='word_1_243' title='bbox 1287 2627 1317 2678; x_wconf 81' lang='lat'><strong>²5</strong></span> 
     </span>
     <span class='ocr_line' id='line_1_28' title="bbox 122 2691 1272 2766; baseline -0.001 -18"><span class='ocrx_word' id='word_1_244' title='bbox 122 2692 224 2748; x_wconf 90' lang='lat' dir='ltr'><strong>minus</strong></span> <span class='ocrx_word' id='word_1_245' title='bbox 236 2691 320 2766; x_wconf 84' lang='lat' dir='ltr'><strong>virgo</strong></span> <span class='ocrx_word' id='word_1_246' title='bbox 333 2696 462 2766; x_wconf 87' lang='lat' dir='ltr'><strong>quedam</strong></span> <span class='ocrx_word' id='word_1_247' title='bbox 481 2693 577 2750; x_wconf 84' lang='lat' dir='ltr'><strong>extitit</strong></span> <span class='ocrx_word' id='word_1_248' title='bbox 595 2693 720 2749; x_wconf 89' lang='lat' dir='ltr'><strong>illustris</strong></span> <span class='ocrx_word' id='word_1_249' title='bbox 740 2693 862 2749; x_wconf 91' lang='lat' dir='ltr'><strong>nomine</strong></span> <span class='ocrx_word' id='word_1_250' title='bbox 875 2692 1076 2762; x_wconf 75' lang='lat' dir='ltr'><strong>Chelindris⁷,</strong></span> <span class='ocrx_word' id='word_1_251' title='bbox 1090 2693 1151 2749; x_wconf 89' lang='lat' dir='ltr'><strong>filia</strong></span> <span class='ocrx_word' id='word_1_252' title='bbox 1162 2700 1272 2748; x_wconf 89' lang='lat' dir='ltr'><strong>mater·</strong></span> 
     </span>
     <span class='ocr_line' id='line_1_29' title="bbox 122 2779 1272 2854; baseline -0.002 -17"><span class='ocrx_word' id='word_1_253' title='bbox 122 2790 188 2837; x_wconf 88' lang='lat' dir='ltr'><strong>tere</strong></span> <span class='ocrx_word' id='word_1_254' title='bbox 212 2780 292 2853; x_wconf 80' lang='lat' dir='ltr'><strong>regis</strong></span> <span class='ocrx_word' id='word_1_255' title='bbox 315 2781 440 2854; x_wconf 86' lang='lat' dir='ltr'><strong>virginis</strong></span> <span class='ocrx_word' id='word_1_256' title='bbox 459 2781 567 2838; x_wconf 90' lang='lat' dir='ltr'><strong>Vrsule</strong></span> <span class='ocrx_word' id='word_1_257' title='bbox 590 2780 703 2854; x_wconf 89' lang='lat' dir='ltr'><strong>patris:</strong></span> <span class='ocrx_word' id='word_1_258' title='bbox 729 2788 760 2836; x_wconf 90' lang='lat' dir='ltr'><strong>et</strong></span> <span class='ocrx_word' id='word_1_259' title='bbox 780 2779 835 2836; x_wconf 88' lang='lat' dir='ltr'><strong>hec</strong></span> <span class='ocrx_word' id='word_1_260' title='bbox 856 2780 936 2837; x_wconf 88' lang='lat' dir='ltr'><strong>mille</strong></span> <span class='ocrx_word' id='word_1_261' title='bbox 958 2789 1079 2853; x_wconf 86' lang='lat' dir='ltr'><strong>preerat</strong></span> <span class='ocrx_word' id='word_1_262' title='bbox 1097 2779 1272 2852; x_wconf 81' lang='lat' dir='ltr'><strong>virginibus.</strong></span> 
     </span>
     <span class='ocr_line' id='line_1_30' title="bbox 123 2865 1273 2941; baseline -0.002 -18"><span class='ocrx_word' id='word_1_263' title='bbox 123 2865 216 2924; x_wconf 90' lang='lat' dir='ltr'><strong>Cuius</strong></span> <span class='ocrx_word' id='word_1_264' title='bbox 237 2885 323 2924; x_wconf 89' lang='lat' dir='ltr'><strong>soror</strong></span> <span class='ocrx_word' id='word_1_265' title='bbox 339 2870 417 2925; x_wconf 90' lang='lat' dir='ltr'><strong>dicta</strong></span> <span class='ocrx_word' id='word_1_266' title='bbox 435 2877 481 2926; x_wconf 88' lang='lat' dir='ltr'><strong>est</strong></span> <span class='ocrx_word' id='word_1_267' title='bbox 499 2867 631 2941; x_wconf 85' lang='lat' dir='ltr'><strong>Virgilia,</strong></span> <span class='ocrx_word' id='word_1_268' title='bbox 651 2885 719 2924; x_wconf 92' lang='lat' dir='ltr'><strong>cum</strong></span> <span class='ocrx_word' id='word_1_269' title='bbox 738 2884 775 2924; x_wconf 88' lang='lat' dir='ltr'><strong>ea</strong></span> <span class='ocrx_word' id='word_1_270' title='bbox 793 2867 824 2924; x_wconf 91' lang='lat' dir='ltr'><strong>in</strong></span> <span class='ocrx_word' id='word_1_271' title='bbox 843 2869 951 2924; x_wconf 89' lang='lat' dir='ltr'><strong>eodem</strong></span> <span class='ocrx_word' id='word_1_272' title='bbox 970 2870 1105 2924; x_wconf 82' lang='lat' dir='ltr'><strong>existens</strong></span> <span class='ocrx_word' id='word_1_273' title='bbox 1125 2866 1273 2922; x_wconf 90' lang='lat' dir='ltr'><strong>comitatu.</strong></span> 
     </span>
     <span class='ocr_line' id='line_1_31' title="bbox 122 2953 1271 3029; baseline -0.003 -17"><span class='ocrx_word' id='word_1_274' title='bbox 122 2954 253 3012; x_wconf 90' lang='lat' dir='ltr'><strong>Cordula</strong></span> <span class='ocrx_word' id='word_1_275' title='bbox 275 2955 423 3029; x_wconf 88' lang='lat' dir='ltr'><strong>siquidem</strong></span> <span class='ocrx_word' id='word_1_276' title='bbox 444 2957 528 3029; x_wconf 86' lang='lat' dir='ltr'><strong>virgo</strong></span> <span class='ocrx_word' id='word_1_277' title='bbox 553 2955 751 3012; x_wconf 88' lang='lat' dir='ltr'><strong>illustrissima</strong></span> <span class='ocrx_word' id='word_1_278' title='bbox 774 2954 860 3011; x_wconf 90' lang='lat' dir='ltr'><strong>cuius</strong></span> <span class='ocrx_word' id='word_1_279' title='bbox 885 2954 944 3011; x_wconf 88' lang='lat' dir='ltr'><strong>iam</strong></span> <span class='ocrx_word' id='word_1_280' title='bbox 970 2971 1063 3027; x_wconf 88' lang='lat' dir='ltr'><strong>supra</strong></span> <span class='ocrx_word' id='word_1_281' title='bbox 1088 2953 1271 3010; x_wconf 87' lang='lat' dir='ltr'><strong>mentionem</strong></span> 
     </span>
     <span class='ocr_line' id='line_1_32' title="bbox 122 3041 1318 3116; baseline -0.002 -18"><span class='ocrx_word' id='word_1_282' title='bbox 122 3041 257 3113; x_wconf 86' lang='lat' dir='ltr'><strong>lecimus,</strong></span> <span class='ocrx_word' id='word_1_283' title='bbox 277 3043 338 3100; x_wconf 87' lang='lat' dir='ltr'><strong>filia</strong></span> <span class='ocrx_word' id='word_1_284' title='bbox 357 3043 550 3101; x_wconf 90' lang='lat' dir='ltr'><strong>illustrissimi</strong></span> <span class='ocrx_word' id='word_1_285' title='bbox 572 3042 627 3099; x_wconf 87' lang='lat' dir='ltr'><strong>suit</strong></span> <span class='ocrx_word' id='word_1_286' title='bbox 650 3042 767 3100; x_wconf 89' lang='lat' dir='ltr'><strong>comitis</strong></span> <span class='ocrx_word' id='word_1_287' title='bbox 788 3041 839 3114; x_wconf 92' lang='lat' dir='ltr'><strong>qui</strong></span> <span class='ocrx_word' id='word_1_288' title='bbox 859 3041 1027 3115; x_wconf 89' lang='lat' dir='ltr'><strong>appellatus</strong></span> <span class='ocrx_word' id='word_1_289' title='bbox 1048 3049 1096 3098; x_wconf 93' lang='lat' dir='ltr'><strong>est</strong></span> <span class='ocrx_word' id='word_1_290' title='bbox 1118 3041 1271 3111; x_wconf 87' lang='lat' dir='ltr'><strong>Quirinus,</strong></span> <span class='ocrx_word' id='word_1_291' title='bbox 1285 3066 1318 3116; x_wconf 79' lang='lat'><strong>30</strong></span> 
     </span>
     <span class='ocr_line' id='line_1_33' title="bbox 120 3127 1272 3204; baseline -0.003 -16"><span class='ocrx_word' id='word_1_292' title='bbox 120 3147 257 3203; x_wconf 81' lang='lat' dir='ltr'><strong>uxorque</strong></span> <span class='ocrx_word' id='word_1_293' title='bbox 275 3131 354 3188; x_wconf 90' lang='lat' dir='ltr'><strong>illius</strong></span> <span class='ocrx_word' id='word_1_294' title='bbox 370 3131 507 3204; x_wconf 87' lang='lat' dir='ltr'><strong>Adwigis</strong></span> <span class='ocrx_word' id='word_1_295' title='bbox 522 3131 599 3187; x_wconf 90' lang='lat' dir='ltr'><strong>dicta</strong></span> <span class='ocrx_word' id='word_1_296' title='bbox 615 3139 671 3198; x_wconf 90' lang='lat' dir='ltr'><strong>est,</strong></span> <span class='ocrx_word' id='word_1_297' title='bbox 683 3147 741 3202; x_wconf 89' lang='lat' dir='ltr'><strong>que</strong></span> <span class='ocrx_word' id='word_1_298' title='bbox 757 3129 817 3186; x_wconf 87' lang='lat' dir='ltr'><strong>lilia</strong></span> <span class='ocrx_word' id='word_1_299' title='bbox 836 3129 889 3186; x_wconf 84' lang='lat' dir='ltr'><strong>tuit</strong></span> <span class='ocrx_word' id='word_1_300' title='bbox 903 3128 1061 3186; x_wconf 88' lang='lat' dir='ltr'><strong>Harderici</strong></span> <span class='ocrx_word' id='word_1_301' title='bbox 1078 3127 1272 3185; x_wconf 89' lang='lat' dir='ltr'><strong>illustrissimi</strong></span> 
     </span>
     <span class='ocr_line' id='line_1_34' title="bbox 123 3215 1273 3293; baseline -0.003 -18"><span class='ocrx_word' id='word_1_302' title='bbox 123 3217 257 3276; x_wconf 91' lang='lat' dir='ltr'><strong>Comitis.</strong></span> <span class='ocrx_word' id='word_1_303' title='bbox 296 3217 494 3293; x_wconf 83' lang='lat' dir='ltr'><strong>Mortuoque⁸</strong></span> <span class='ocrx_word' id='word_1_304' title='bbox 517 3218 650 3289; x_wconf 83' lang='lat' dir='ltr'><strong>Quirino,</strong></span> <span class='ocrx_word' id='word_1_305' title='bbox 672 3217 757 3274; x_wconf 82' lang='lat' dir='ltr'><strong>duxit</strong></span> <span class='ocrx_word' id='word_1_306' title='bbox 782 3234 849 3274; x_wconf 89' lang='lat' dir='ltr'><strong>eam</strong></span> <span class='ocrx_word' id='word_1_307' title='bbox 872 3216 1036 3274; x_wconf 89' lang='lat' dir='ltr'><strong>Helindius</strong></span> <span class='ocrx_word' id='word_1_308' title='bbox 1057 3216 1149 3272; x_wconf 83' lang='lat' dir='ltr'><strong>irater</strong></span> <span class='ocrx_word' id='word_1_309' title='bbox 1173 3215 1273 3288; x_wconf 77' lang='lat' dir='ltr'><strong>regis⁹</strong></span> 
     </span>
     <span class='ocr_line' id='line_1_35' title="bbox 121 3303 1271 3378; baseline 0 -18"><span class='ocrx_word' id='word_1_310' title='bbox 121 3314 246 3378; x_wconf 90' lang='lat' dir='ltr'><strong>patruus</strong></span> <span class='ocrx_word' id='word_1_311' title='bbox 264 3307 351 3362; x_wconf 89' lang='lat' dir='ltr'><strong>beate</strong></span> <span class='ocrx_word' id='word_1_312' title='bbox 363 3305 473 3363; x_wconf 89' lang='lat' dir='ltr'><strong>Vrsule</strong></span> <span class='ocrx_word' id='word_1_313' title='bbox 493 3307 524 3362; x_wconf 90' lang='lat' dir='ltr'><strong>in</strong></span> <span class='ocrx_word' id='word_1_314' title='bbox 536 3321 670 3362; x_wconf 85' lang='lat' dir='ltr'><strong>vxorem.</strong></span> <span class='ocrx_word' id='word_1_315' title='bbox 708 3304 893 3362; x_wconf 88' lang='lat' dir='ltr'><strong>Hardericus</strong></span> <span class='ocrx_word' id='word_1_316' title='bbox 905 3322 977 3360; x_wconf 90' lang='lat' dir='ltr'><strong>vero</strong></span> <span class='ocrx_word' id='word_1_317' title='bbox 990 3321 1101 3372; x_wconf 90' lang='lat' dir='ltr'><strong>comes,</strong></span> <span class='ocrx_word' id='word_1_318' title='bbox 1114 3303 1161 3360; x_wconf 87' lang='lat' dir='ltr'><strong>vir</strong></span> <span class='ocrx_word' id='word_1_319' title='bbox 1179 3304 1271 3360; x_wconf 88' lang='lat' dir='ltr'><strong>multe</strong></span> 
     </span>
     <span class='ocr_line' id='line_1_36' title="bbox 120 3390 1272 3466; baseline -0.002 -17"><span class='ocrx_word' id='word_1_320' title='bbox 120 3391 285 3466; x_wconf 87' lang='lat' dir='ltr'><strong>probitatis,</strong></span> <span class='ocrx_word' id='word_1_321' title='bbox 298 3393 464 3450; x_wconf 90' lang='lat' dir='ltr'><strong>auunculus</strong></span> <span class='ocrx_word' id='word_1_322' title='bbox 473 3393 495 3426; x_wconf 83' lang='lat'><strong>¹⁰</strong></span> <span class='ocrx_word' id='word_1_323' title='bbox 507 3401 571 3450; x_wconf 87' lang='lat' dir='ltr'><strong>erat</strong></span> <span class='ocrx_word' id='word_1_324' title='bbox 584 3392 633 3466; x_wconf 88' lang='lat' dir='ltr'><strong>pie</strong></span> <span class='ocrx_word' id='word_1_325' title='bbox 650 3392 754 3465; x_wconf 84' lang='lat' dir='ltr'><strong>regine</strong></span> <span class='ocrx_word' id='word_1_326' title='bbox 771 3391 875 3448; x_wconf 88' lang='lat' dir='ltr'><strong>matris</strong></span> <span class='ocrx_word' id='word_1_327' title='bbox 887 3391 997 3448; x_wconf 89' lang='lat' dir='ltr'><strong>Vrsule</strong></span> <span class='ocrx_word' id='word_1_328' title='bbox 1009 3391 1143 3465; x_wconf 86' lang='lat' dir='ltr'><strong>virginis.</strong></span> <span class='ocrx_word' id='word_1_329' title='bbox 1179 3390 1272 3447; x_wconf 87' lang='lat' dir='ltr'><strong>Cuius</strong></span> 
     </span>
     <span class='ocr_line' id='line_1_37' title="bbox 120 3477 1315 3552; baseline -0.002 -15"><span class='ocrx_word' id='word_1_330' title='bbox 120 3498 198 3537; x_wconf 80' lang='lat' dir='ltr'><strong>vxor</strong></span> <span class='ocrx_word' id='word_1_331' title='bbox 209 3480 320 3538; x_wconf 88' lang='lat' dir='ltr'><strong>Vrsula</strong></span> <span class='ocrx_word' id='word_1_332' title='bbox 338 3480 500 3549; x_wconf 88' lang='lat' dir='ltr'><strong>dicebatur,</strong></span> <span class='ocrx_word' id='word_1_333' title='bbox 519 3489 549 3538; x_wconf 91' lang='lat' dir='ltr'><strong>et</strong></span> <span class='ocrx_word' id='word_1_334' title='bbox 568 3488 632 3537; x_wconf 89' lang='lat' dir='ltr'><strong>erat</strong></span> <span class='ocrx_word' id='word_1_335' title='bbox 648 3481 687 3537; x_wconf 90' lang='lat' dir='ltr'><strong>de</strong></span> <span class='ocrx_word' id='word_1_336' title='bbox 706 3479 802 3536; x_wconf 87' lang='lat' dir='ltr'><strong>Dania</strong></span> <span class='ocrx_word' id='word_1_337' title='bbox 820 3477 997 3536; x_wconf 90' lang='lat' dir='ltr'><strong>nobilissimi</strong></span> <span class='ocrx_word' id='word_1_338' title='bbox 1014 3479 1170 3536; x_wconf 88' lang='lat' dir='ltr'><strong>cuiusdam</strong></span> <span class='ocrx_word' id='word_1_339' title='bbox 1188 3479 1271 3552; x_wconf 91' lang='lat' dir='ltr'><strong>prin·</strong></span> <span class='ocrx_word' id='word_1_340' title='bbox 1284 3499 1315 3550; x_wconf 79' lang='lat'><strong>35</strong></span> 
     </span>
     <span class='ocr_line' id='line_1_38' title="bbox 120 3565 1272 3642; baseline 0.001 -19"><span class='ocrx_word' id='word_1_341' title='bbox 120 3567 197 3641; x_wconf 92' lang='lat' dir='ltr'><strong>cipis</strong></span> <span class='ocrx_word' id='word_1_342' title='bbox 216 3567 276 3624; x_wconf 87' lang='lat' dir='ltr'><strong>filia</strong></span> <span class='ocrx_word' id='word_1_343' title='bbox 294 3569 332 3626; x_wconf 90' lang='lat' dir='ltr'><strong>de</strong></span> <span class='ocrx_word' id='word_1_344' title='bbox 354 3567 445 3642; x_wconf 83' lang='lat' dir='ltr'><strong>regali</strong></span> <span class='ocrx_word' id='word_1_345' title='bbox 465 3569 612 3640; x_wconf 85' lang='lat' dir='ltr'><strong>prosapia,</strong></span> <span class='ocrx_word' id='word_1_346' title='bbox 634 3566 685 3640; x_wconf 92' lang='lat' dir='ltr'><strong>qui</strong></span> <span class='ocrx_word' id='word_1_347' title='bbox 705 3568 828 3639; x_wconf 90' lang='lat' dir='ltr'><strong>proprio</strong></span> <span class='ocrx_word' id='word_1_348' title='bbox 849 3565 970 3623; x_wconf 90' lang='lat' dir='ltr'><strong>nomine</strong></span> <span class='ocrx_word' id='word_1_349' title='bbox 992 3566 1077 3622; x_wconf 85' lang='lat' dir='ltr'><strong>Ebbo</strong></span> <span class='ocrx_word' id='word_1_350' title='bbox 1101 3567 1198 3623; x_wconf 86' lang='lat' dir='ltr'><strong>dictus</strong></span> <span class='ocrx_word' id='word_1_351' title='bbox 1216 3576 1272 3624; x_wconf 91' lang='lat' dir='ltr'><strong>est.</strong></span> 
     </span>
     <span class='ocr_line' id='line_1_39' title="bbox 123 3653 1271 3729; baseline 0 -17"><span class='ocrx_word' id='word_1_352' title='bbox 123 3653 207 3712; x_wconf 84' lang='lat' dir='ltr'><strong>Duas</strong></span> <span class='ocrx_word' id='word_1_353' title='bbox 225 3655 325 3729; x_wconf 88' lang='lat' dir='ltr'><strong>itaque</strong></span> <span class='ocrx_word' id='word_1_354' title='bbox 344 3655 421 3712; x_wconf 87' lang='lat' dir='ltr'><strong>filias</strong></span> <span class='ocrx_word' id='word_1_355' title='bbox 433 3655 566 3728; x_wconf 84' lang='lat' dir='ltr'><strong>virgines</strong></span> <span class='ocrx_word' id='word_1_356' title='bbox 582 3654 797 3711; x_wconf 89' lang='lat' dir='ltr'><strong>illustrissimas</strong></span> <span class='ocrx_word' id='word_1_357' title='bbox 814 3653 844 3710; x_wconf 92' lang='lat' dir='ltr'><strong>in</strong></span> <span class='ocrx_word' id='word_1_358' title='bbox 858 3655 914 3710; x_wconf 92' lang='lat' dir='ltr'><strong>hoc</strong></span> <span class='ocrx_word' id='word_1_359' title='bbox 928 3663 994 3711; x_wconf 89' lang='lat' dir='ltr'><strong>cetu</strong></span> <span class='ocrx_word' id='word_1_360' title='bbox 1011 3671 1098 3710; x_wconf 89' lang='lat' dir='ltr'><strong>sacro</strong></span> <span class='ocrx_word' id='word_1_361' title='bbox 1111 3655 1271 3726; x_wconf 88' lang='lat' dir='ltr'><strong>habebant,</strong></span> 
     </span>
     <span class='ocr_line' id='line_1_40' title="bbox 123 3741 1206 3816; baseline 0 -16"><span class='ocrx_word' id='word_1_362' title='bbox 123 3741 270 3800; x_wconf 88' lang='lat' dir='ltr'><strong>lulianam</strong></span> <span class='ocrx_word' id='word_1_363' title='bbox 278 3743 297 3776; x_wconf 83' lang='lat'><strong>¹¹</strong></span> <span class='ocrx_word' id='word_1_364' title='bbox 310 3751 341 3800; x_wconf 90' lang='lat' dir='ltr'><strong>et</strong></span> <span class='ocrx_word' id='word_1_365' title='bbox 354 3743 511 3812; x_wconf 84' lang='lat' dir='ltr'><strong>Ebbinam,</strong></span> <span class='ocrx_word' id='word_1_366' title='bbox 524 3759 633 3816; x_wconf 81' lang='lat' dir='ltr'><strong>magne</strong></span> <span class='ocrx_word' id='word_1_367' title='bbox 645 3741 761 3800; x_wconf 78' lang='lat' dir='ltr'><strong>virtutis</strong></span> <span class='ocrx_word' id='word_1_368' title='bbox 773 3751 804 3800; x_wconf 90' lang='lat' dir='ltr'><strong>et</strong></span> <span class='ocrx_word' id='word_1_369' title='bbox 816 3741 981 3798; x_wconf 88' lang='lat' dir='ltr'><strong>honestatis</strong></span> <span class='ocrx_word' id='word_1_370' title='bbox 992 3742 1012 3774; x_wconf 80' lang='lat'><strong>¹²</strong></span> <span class='ocrx_word' id='word_1_371' title='bbox 1024 3742 1206 3800; x_wconf 89' lang='lat' dir='ltr'><strong>domicellas.</strong></span> 
     </span>
    </p>
   </div>
   <div class='ocr_carea' id='block_1_4' title="bbox 182 3861 1212 4024">
    <p class='ocr_par' dir='ltr' id='par_1_4' title="bbox 182 3861 1212 4024">
     <span class='ocr_line' id='line_1_41' title="bbox 182 3861 1212 3939; baseline -0.004 -13"><span class='ocrx_word' id='word_1_372' title='bbox 182 3865 206 3926; x_wconf 80' lang='lat' dir='ltr'><strong>tl</strong></span> <span class='ocrx_word' id='word_1_373' title='bbox 221 3863 308 3936; x_wconf 87' lang='lat' dir='ltr'><strong>Quod</strong></span> <span class='ocrx_word' id='word_1_374' title='bbox 322 3881 423 3922; x_wconf 90' lang='lat' dir='ltr'><strong>comes</strong></span> <span class='ocrx_word' id='word_1_375' title='bbox 437 3865 558 3939; x_wconf 89' lang='lat' dir='ltr'><strong>quidam</strong></span> <span class='ocrx_word' id='word_1_376' title='bbox 570 3881 638 3921; x_wconf 92' lang='lat' dir='ltr'><strong>cum</strong></span> <span class='ocrx_word' id='word_1_377' title='bbox 651 3881 746 3921; x_wconf 87' lang='lat' dir='ltr'><strong>vxore</strong></span> <span class='ocrx_word' id='word_1_378' title='bbox 759 3872 789 3920; x_wconf 94' lang='lat' dir='ltr'><strong>et</strong></span> <span class='ocrx_word' id='word_1_379' title='bbox 801 3879 857 3920; x_wconf 87' lang='lat' dir='ltr'><strong>sex</strong></span> <span class='ocrx_word' id='word_1_380' title='bbox 870 3861 987 3920; x_wconf 88' lang='lat' dir='ltr'><strong>filiabus</strong></span> <span class='ocrx_word' id='word_1_381' title='bbox 999 3863 1152 3937; x_wconf 86' lang='lat' dir='ltr'><strong>profectus</strong></span> <span class='ocrx_word' id='word_1_382' title='bbox 1164 3874 1212 3922; x_wconf 91' lang='lat' dir='ltr'><strong>est</strong></span> 
     </span>
     <span class='ocr_line' id='line_1_42' title="bbox 511 3949 873 4024; baseline -0.006 -15"><span class='ocrx_word' id='word_1_383' title='bbox 511 3969 578 4009; x_wconf 90' lang='lat' dir='ltr'><strong>cum</strong></span> <span class='ocrx_word' id='word_1_384' title='bbox 592 3951 756 4024; x_wconf 86' lang='lat' dir='ltr'><strong>virginibus</strong></span> <span class='ocrx_word' id='word_1_385' title='bbox 770 3949 873 4008; x_wconf 87' lang='lat' dir='ltr'><strong>sacris.</strong></span> 
     </span>
    </p>
   </div>
   <div class='ocr_carea' id='block_1_5' title="bbox 119 4043 1317 4220">
    <p class='ocr_par' dir='ltr' id='par_1_5' title="bbox 119 4043 1317 4220">
     <span class='ocr_line' id='line_1_43' title="bbox 158 4043 1269 4130; baseline 0.001 -16"><span class='ocrx_word' id='word_1_386' title='bbox 158 4043 258 4114; x_wconf 90' lang='lat' dir='ltr'><strong>Beata</strong></span> <span class='ocrx_word' id='word_1_387' title='bbox 280 4055 380 4126; x_wconf 86' lang='lat' dir='ltr'><strong>Lucia,</strong></span> <span class='ocrx_word' id='word_1_388' title='bbox 392 4055 476 4129; x_wconf 82' lang='lat' dir='ltr'><strong>virgo</strong></span> <span class='ocrx_word' id='word_1_389' title='bbox 494 4055 728 4130; x_wconf 88' lang='lat' dir='ltr'><strong>prudentissima</strong></span> <span class='ocrx_word' id='word_1_390' title='bbox 748 4065 778 4112; x_wconf 91' lang='lat' dir='ltr'><strong>et</strong></span> <span class='ocrx_word' id='word_1_391' title='bbox 797 4055 919 4112; x_wconf 89' lang='lat' dir='ltr'><strong>illustris</strong></span> <span class='ocrx_word' id='word_1_392' title='bbox 938 4073 1051 4128; x_wconf 81' lang='lat' dir='ltr'><strong>genere</strong></span> <span class='ocrx_word' id='word_1_393' title='bbox 1070 4073 1104 4114; x_wconf 89' lang='lat' dir='ltr'><strong>ac</strong></span> <span class='ocrx_word' id='word_1_394' title='bbox 1123 4055 1269 4130; x_wconf 89' lang='lat' dir='ltr'><strong>moribus,</strong></span> 
     </span>
     <span class='ocr_line' id='line_1_44' title="bbox 119 4143 1317 4220; baseline -0.003 -17"><span class='ocrx_word' id='word_1_395' title='bbox 119 4153 246 4220; x_wconf 81' lang='lat' dir='ltr'><strong>cognata</strong></span> <span class='ocrx_word' id='word_1_396' title='bbox 259 4143 314 4200; x_wconf 83' lang='lat' dir='ltr'><strong>suit</strong></span> <span class='ocrx_word' id='word_1_397' title='bbox 325 4153 428 4201; x_wconf 86' lang='lat' dir='ltr'><strong>sancte</strong></span> <span class='ocrx_word' id='word_1_398' title='bbox 441 4143 580 4215; x_wconf 89' lang='lat' dir='ltr'><strong>Cordule,</strong></span> <span class='ocrx_word' id='word_1_399' title='bbox 597 4153 627 4202; x_wconf 90' lang='lat' dir='ltr'><strong>et</strong></span> <span class='ocrx_word' id='word_1_400' title='bbox 647 4144 702 4202; x_wconf 91' lang='lat' dir='ltr'><strong>hec</strong></span> <span class='ocrx_word' id='word_1_401' title='bbox 721 4160 825 4201; x_wconf 85' lang='lat' dir='ltr'><strong>secum</strong></span> <span class='ocrx_word' id='word_1_402' title='bbox 846 4143 974 4200; x_wconf 89' lang='lat' dir='ltr'><strong>habebat</strong></span> <span class='ocrx_word' id='word_1_403' title='bbox 993 4161 1128 4200; x_wconf 90' lang='lat' dir='ltr'><strong>sororem</strong></span> <span class='ocrx_word' id='word_1_404' title='bbox 1147 4145 1270 4204; x_wconf 90' lang='lat' dir='ltr'><strong>nomine</strong></span> <span class='ocrx_word' id='word_1_405' title='bbox 1283 4164 1317 4216; x_wconf 83' lang='lat'><strong>40</strong></span> 
     </span>
    </p>
   </div>
   <div class='ocr_carea' id='block_1_6' title="bbox 118 4247 1270 4444">
    <p class='ocr_par' dir='ltr' id='par_1_6' title="bbox 118 4247 1270 4444">
     <span class='ocr_line' id='line_1_45' title="bbox 185 4247 1267 4312; baseline 0.001 -13"><span class='ocrx_word' id='word_1_406' title='bbox 185 4249 243 4299; x_wconf 74' lang='grc' dir='ltr'><strong>ιΒ.</strong></span> <span class='ocrx_word' id='word_1_407' title='bbox 256 4258 404 4312; x_wconf 82' lang='lat' dir='ltr'><strong>posteaque.</strong></span> <span class='ocrx_word' id='word_1_408' title='bbox 471 4248 528 4298; x_wconf 81' lang='lat'><strong>¹13.</strong></span> <span class='ocrx_word' id='word_1_409' title='bbox 543 4249 619 4300; x_wconf 86' lang='lat' dir='ltr'><strong>idem.</strong></span> <span class='ocrx_word' id='word_1_410' title='bbox 696 4249 755 4298; x_wconf 64' lang='grc' dir='ltr'><strong>1Β.</strong></span> <span class='ocrx_word' id='word_1_411' title='bbox 768 4249 920 4298; x_wconf 77' lang='lat' dir='ltr'><strong>constantia.</strong></span> <span class='ocrx_word' id='word_1_412' title='bbox 986 4247 1063 4298; x_wconf 69' lang='lat' dir='ltr'><strong>‘om</strong></span> <span class='ocrx_word' id='word_1_413' title='bbox 1075 4249 1101 4297; x_wconf 91' lang='lat' dir='ltr'><strong>in</strong></span> <span class='ocrx_word' id='word_1_414' title='bbox 1115 4249 1145 4298; x_wconf 90' lang='lat' dir='ltr'><strong>B.</strong></span> <span class='ocrx_word' id='word_1_415' title='bbox 1210 4248 1267 4300; x_wconf 61' lang='lat'><strong>⁸12.</strong></span> 
     </span>
     <span class='ocr_line' id='line_1_46' title="bbox 118 4313 1270 4378; baseline 0.001 -13"><span class='ocrx_word' id='word_1_416' title='bbox 118 4315 258 4366; x_wconf 78' lang='lat' dir='ltr'><strong>adiunctis.</strong></span> <span class='ocrx_word' id='word_1_417' title='bbox 323 4315 381 4364; x_wconf 80' lang='lat'><strong>⁸13.</strong></span> <span class='ocrx_word' id='word_1_418' title='bbox 393 4315 548 4365; x_wconf 85' lang='lat' dir='ltr'><strong>Thelindris.</strong></span> <span class='ocrx_word' id='word_1_419' title='bbox 612 4313 670 4366; x_wconf 70' lang='grc' dir='ltr'><strong>1Β.</strong></span> <span class='ocrx_word' id='word_1_420' title='bbox 683 4315 818 4364; x_wconf 86' lang='lat' dir='ltr'><strong>Celindris.</strong></span> <span class='ocrx_word' id='word_1_421' title='bbox 875 4313 1144 4378; x_wconf 69' lang='lat' dir='ltr'><strong>&#39;Rhionuoitaqun</strong></span> <span class='ocrx_word' id='word_1_422' title='bbox 1209 4314 1270 4370; x_wconf 75' lang='lat'><strong>⁸3.</strong></span> 
     </span>
     <span class='ocr_line' id='line_1_47' title="bbox 118 4379 990 4444; baseline 0 -12"><span class='ocrx_word' id='word_1_423' title='bbox 118 4382 183 4433; x_wconf 77' lang='lat' dir='ltr'><strong>eius.</strong></span> <span class='ocrx_word' id='word_1_424' title='bbox 267 4379 286 4412; x_wconf 58' lang='grc' dir='ltr'><strong>ι*</strong></span> <span class='ocrx_word' id='word_1_425' title='bbox 302 4379 464 4433; x_wconf 81' lang='lat' dir='ltr'><strong>Eamiculus.</strong></span> <span class='ocrx_word' id='word_1_426' title='bbox 530 4381 549 4412; x_wconf 84' lang='lat'><strong>¹¹</strong></span> <span class='ocrx_word' id='word_1_427' title='bbox 566 4380 597 4430; x_wconf 86' lang='lat' dir='ltr'><strong>B.</strong></span> <span class='ocrx_word' id='word_1_428' title='bbox 610 4380 707 4432; x_wconf 79' lang='lat' dir='ltr'><strong>Iuliam.</strong></span> <span class='ocrx_word' id='word_1_429' title='bbox 772 4382 790 4411; x_wconf 80' lang='lat'><strong>¹²</strong></span> <span class='ocrx_word' id='word_1_430' title='bbox 807 4379 838 4430; x_wconf 92' lang='grc' dir='ltr'><strong>Β.</strong></span> <span class='ocrx_word' id='word_1_431' title='bbox 850 4379 990 4444; x_wconf 74' lang='lat' dir='ltr'><strong>probitatis.</strong></span> 
     </span>
    </p>
   </div>
   <div class='ocr_carea' id='block_1_7' title="bbox 0 0 1518 4894">
    <p class='ocr_par' dir='ltr' id='par_1_7' title="bbox 0 0 1518 4894">
     <span class='ocr_line' id='line_1_48' title="bbox 0 0 1518 4894; baseline 0 0"><span class='ocrx_word' id='word_1_432' title='bbox 0 0 1518 4894; x_wconf 95' lang='lat' dir='ltr'><strong> </strong></span> 
     </span>
    </p>
   </div>
  </div>
 </body>
</html>
