3012 4898
282 317 357 413 Dr
381 315 546 410 sautu
570 317 740 416 chama
764 318 1007 422 [ascutula
1148 345 1218 419 371

223 561 247 621 ll
266 547 341 618 ¹Da
359 576 476 618 sancro
493 547 616 618 Tuoun
636 575 780 618 eriscoro
801 547 1066 636 Hsa[r]roan1r¹.

63 679 383 812 SAnctus'l'homas
393 681 627 740 Herefordensis
638 684 809 756 episcopus,
817 683 938 740 natione
946 683 1100 757 Anglicus,
1108 700 1221 756 genere

160 769 277 840 nobilis,
291 787 330 826 ex
349 779 433 843 patre
447 769 602 827 Willelrno
620 772 659 828 de
677 770 845 842 Cantilupo,
862 780 959 829 matre
977 789 1050 829 vero
1070 771 1223 828 Milicenta

60 857 222 916 comitissa
251 857 419 916 ebroicensi
444 857 591 931 originem
616 859 709 915 duxit.
757 857 828 931 lpse
857 868 958 915 autem
981 858 1115 916 Thomas
1145 877 1224 934 puer

61 945 184 1014 docilis,
197 954 307 1002 etatem
326 947 461 1003 moribus
479 945 637 1015 transiens,
650 945 783 1002 animum
803 945 876 1002 nulli
895 946 976 1003 dedit
994 946 1147 1020 voluptati,
1166 949 1221 1006 sed

61 1034 103 1088 ab
120 1032 212 1090 annis
228 1034 393 1106 puerilibus
406 1035 496 1091 deum
508 1033 607 1090 colere
625 1033 737 1106 pariter
755 1042 785 1091 et
801 1033 909 1091 timere
927 1033 1014 1107 cepit.
1051 1034 1127 1091 Cum
1140 1036 1249 1105 enim5

63 1119 223 1176 literarum
244 1121 350 1178 studiis
371 1120 578 1178 informandus
598 1122 774 1186 traderetur,
793 1121 926 1194 quotidie
948 1123 1039 1179 horas
1061 1123 1222 1182 canonicas

64 1208 171 1264 dicere
195 1216 225 1265 et
248 1210 371 1266 missam
393 1209 497 1266 audire
521 1209 644 1265 solebat.
680 1208 769 1265 Vnde
793 1211 832 1266 ad
854 1209 1081 1267 uniuersitatem
1103 1210 1224 1268 Oxonie

66 1294 178 1367 primo,
202 1297 394 1368 postmodum
420 1295 553 1352 Parisius
581 1314 615 1352 se
638 1296 834 1366 transferens,
859 1297 1035 1355 rationalem
1066 1298 1222 1356 scientiam

66 1381 244 1454 aggreditur
265 1391 296 1442 et
320 1383 511 1457 philosophie
532 1393 650 1440 secreta
670 1383 803 1454 rimatur,
825 1385 1027 1458 magistralem
1049 1385 1223 1443 cathedram

66 1471 247 1528 ascendens.
285 1470 433 1528 Oxoniam
452 1472 574 1527 demum
594 1471 723 1540 rediens,
737 1470 810 1528 iuris
828 1471 964 1528 canonici
983 1473 1086 1529 doctor
1104 1482 1134 1530 et
1153 1491 1222 1530 can·
1237 1490 1269 1526 10

68 1557 208 1628 cellarius
225 1558 427 1616 uniuersitatis
445 1558 578 1617 efficitur.
617 1557 652 1614 ln
670 1576 731 1631 quo
749 1559 870 1631 quidem
892 1559 989 1616 officio
1010 1559 1041 1615 in
1064 1577 1222 1618 causarum

68 1645 309 1704 discussionibus
328 1647 463 1719 prudens
481 1645 678 1718 inuestigator
694 1646 799 1716 extitit,
812 1646 843 1702 in
860 1645 967 1703 iudicio
986 1643 1090 1718 iustus,
1104 1647 1134 1704 in
1152 1665 1223 1705 sen·

68 1732 174 1791 tentiis
189 1732 378 1807 proferendis
395 1735 552 1803 discretus,
565 1733 596 1788 in
613 1732 696 1790 omni
715 1733 831 1790 actione
848 1733 1042 1806 compositus,
1056 1743 1086 1790 et
1104 1752 1223 1793 morum

71 1821 230 1876 honestate
254 1821 417 1894 preclarus.
455 1820 547 1876 Fama
568 1837 641 1877 vero
666 1819 732 1876 eius
752 1821 862 1893 vbique
887 1821 1005 1891 diffusa,
1027 1822 1224 1880 cancellarius

71 1907 154 1980 regis
166 1907 290 1965 Henrici
303 1908 382 1965 tertii
391 1907 470 1980 (licet
482 1907 606 1978 inuitus)
616 1907 779 1980 preficitur.
811 1907 884 1964 Erat
895 1925 1026 1981 namque
1038 1910 1069 1964 in
1082 1927 1223 1968 sermone
1239 1929 1268 1980 ¹5

70 2011 175 2062 verax,
187 1994 218 2050 in
231 1996 353 2053 consilio
366 1995 518 2069 prouidus,
531 1995 561 2051 in
575 1995 741 2052 ministerio
759 1994 815 2051 sibi
834 1995 994 2052 commisso
1012 1995 1118 2053 fidelis.
1155 1997 1224 2054 Ce·⁸

70 2083 118 2155 pit
130 2081 219 2155 igitur
230 2092 340 2140 extunc
353 2082 461 2139 cotidie
474 2082 504 2139 in
518 2082 605 2139 bonis
619 2099 764 2152 crescere,
775 2091 805 2140 et
816 2082 847 2138 in
861 2081 942 2139 omni
955 2083 1081 2156 negocio
1091 2093 1120 2141 et
1132 2101 1224 2142 causa

71 2187 90 2226 a
102 2187 262 2228 munerum
274 2169 447 2244 acceptione
460 2187 568 2227 manus
580 2170 701 2243 penitus
713 2169 882 2227 excuciens.
906 2170 1099 2228 Tumcntium
1112 2171 1224 2228 fastum

71 2257 199 2314 diuitum
214 2259 381 2326 attendens,
393 2276 412 2314 a
423 2257 546 2316 veritate
565 2274 625 2314 non
642 2257 812 2327 declinauit,
825 2266 855 2314 et
871 2257 952 2314 auris
969 2258 1070 2315 auditu
1084 2259 1225 2318 omnibus

72 2345 257 2418 pauperibus
272 2345 428 2414 inclinans,
442 2362 564 2402 manum
576 2345 780 2403 misericordie
794 2345 937 2402 extendit.
1011 2333 1138 2404 Mortuo
1150 2364 1222 2420 rege
1238 2365 1271 2403 πο

74 2431 217 2504 Henrico,
230 2442 353 2490 sanctus
365 2433 498 2490 Thomas
511 2433 660 2490 Oxoniam
674 2434 850 2507 regreditur,
863 2441 893 2490 et
910 2433 1058 2507 theologie
1071 2435 1177 2491 studiis
1190 2452 1224 2494 se

73 2520 236 2594 applicans,
248 2523 374 2596 gradum
387 2521 590 2594 magistralem
601 2520 712 2577 habere
724 2520 841 2578 meruit.
862 2520 959 2577 Tante
970 2539 1099 2596 namque
1110 2522 1225 2580 sobrie·

72 2609 144 2664 tatis
162 2618 234 2678 erat,
247 2619 278 2666 vt
293 2627 446 2682 nunquam
463 2609 571 2682 aliquis
588 2607 740 2665 familiaris
756 2609 822 2666 eius
833 2609 882 2666 vel
898 2619 1059 2667 extraneus
1076 2613 1175 2683 ipsum
1191 2611 1224 2667 in

73 2697 142 2753 cibo
158 2697 206 2753 vel
224 2707 296 2770 potu
314 2697 422 2754 viderit
440 2696 628 2766 excessisse;
656 2696 748 2753 immo
766 2705 848 2753 tante
870 2697 1051 2754 abstinentie
1070 2699 1174 2768 extitit,
1193 2707 1225 2756 vt

72 2785 254 2858 quandoque
272 2801 340 2842 cum
360 2785 465 2842 maiori
489 2784 624 2858 appetitu
643 2785 681 2841 de
701 2801 806 2840 mensa
827 2785 958 2840 surrexit
978 2802 1067 2857 quarn
1086 2785 1155 2841 illuc
1176 2803 1224 2842 ac·
1239 2801 1270 2853 ²5

73 2871 175 2930 cessit.
211 2871 286 2930 Cum
304 2883 386 2930 tanta
404 2874 563 2930 deuotione
581 2872 691 2929 diuinis
709 2889 742 2930 se
761 2871 930 2941 immiscuit,
948 2873 1029 2944 quod
1045 2873 1223 2931 intuentium

74 2961 167 3017 fidem
186 2969 216 3017 et
235 2977 335 3018 mores
354 2960 548 3030 informarem
573 2969 689 3017 tantam
710 2961 741 3015 in
764 2959 857 3015 missa
878 2959 1090 3017 lachrimarum
1109 2961 1225 3017 habun-

75 3047 207 3105 dantiam
226 3048 334 3116 emisit,
347 3050 432 3121 quasi
451 3046 673 3122 presentialiter
691 3046 722 3102 in
741 3064 832 3103 carne
851 3047 1030 3104 dominicam
1050 3049 1225 3120 passionem

73 3136 198 3194 videret.
235 3135 434 3194 Detractionis
445 3135 549 3192 vitium
567 3135 597 3192 in
616 3143 730 3191 tantum
748 3134 817 3190 odio
835 3133 944 3202 habuit,
956 3142 988 3190 vt
1006 3134 1078 3190 nulli
1093 3152 1224 3208 unquam

75 3224 266 3292 detraheret;
285 3240 341 3280 nec
360 3225 398 3279 ab
417 3223 491 3294 aliis,
509 3233 653 3296 quantum
672 3222 702 3279 in
722 3223 788 3295 ipso
807 3221 869 3292 suit,
889 3221 1004 3278 detrahi
1024 3222 1224 3295 permittebat,
1239 3243 1271 3292 30

75 3309 268 3368 detrahentes
281 3313 427 3384 castigarc
439 3320 469 3367 et
482 3311 635 3384 corripere
647 3309 788 3366 atrociter
805 3309 968 3366 consueuit.
1000 3308 1131 3366 Mundus
1143 3310 1224 3368 enim

76 3407 178 3455 mente
196 3407 226 3455 et
244 3415 370 3471 corpore
389 3397 507 3455 extitit:
528 3399 608 3470 quod
627 3407 657 3455 et
676 3398 755 3453 bone
774 3399 917 3452 memorie
936 3397 1087 3454 Robertus
1106 3399 1144 3454 de
1160 3397 1225 3454 Kil-

76 3484 227 3558 wardby⁴,
246 3487 398 3559 quondam
419 3485 637 3543 cantuariensis
664 3484 916 3558 archiepiscopus,
939 3493 1043 3556 postea
1061 3503 1133 3542 vero
1155 3503 1225 3558 por·

76 3572 192 3630 tuensis
210 3573 368 3646 episcopus
384 3573 552 3642 cardinalis,
565 3573 729 3630 testabatur
745 3572 776 3629 in
792 3571 987 3646 ‘vesperiis'⁶
1006 3571 1112 3644 prelati
1130 3573 1226 3630 sancti

77 3678 145 3717 curn
158 3659 276 3718 Oxonie
294 3663 350 3718 sub
363 3661 429 3734 ipso
441 3661 471 3717 in
486 3660 634 3734 theologia
648 3661 801 3733 inciperet,
814 3662 854 3717 ita
866 3661 987 3718 dicens:
1008 3661 1069 3716 ‘lta
1082 3678 1131 3717 me
1142 3661 1225 3718 iuuet
1238 3683 1270 3734 35

77 3749 153 3805 deus
169 3749 244 3804 sicut
259 3748 350 3805 homo
362 3749 419 3806 iste
437 3749 477 3805 ita
494 3750 625 3805 mundus
643 3758 689 3805 est
707 3747 795 3805 hodie
808 3749 906 3821 quoad
919 3749 1028 3805 mentis
1045 3759 1074 3806 et
1090 3767 1225 3821 corporis

77 3834 250 3906 castitatem,
260 3835 335 3893 sicut
348 3835 416 3909 ipso
428 3837 477 3895 die
489 3855 549 3909 quo
562 3838 600 3894 de
614 3845 710 3892 matre
723 3853 778 3892 sua
790 3838 820 3893 in
834 3837 980 3892 mundum
993 3846 1081 3893 natus
1094 3847 1150 3892 est.
1188 3837 1225 3895 Et

77 3923 105 3982 si
123 3923 252 3996 queratis
270 3941 289 3980 a
307 3941 357 3980 me
375 3924 502 3997 qualiter
520 3925 575 3980 hoc
595 3925 706 3994 sciam;
728 3941 828 3980 coram
847 3925 904 3980 deo
925 3923 1027 3994 fateor,
1042 3923 1082 3980 ita
1100 3941 1176 3996 pure
1194 3933 1225 3982 et

111 4069 119 4098 ¹
137 4071 194 4130 Ed,
205 4071 270 4120 with
282 4085 298 4120 a
309 4071 431 4120 modified
449 4077 514 4133 text,
525 4071 561 4133 by
573 4071 679 4130 Surius;
702 4073 834 4121 extracted
846 4071 911 4121 from
923 4071 1053 4122 materials
1065 4073 1128 4122 used
1141 4073 1167 4120 in
1180 4073 1225 4122 the

78 4137 217 4188 Processus
229 4137 438 4200 canonizationis,
451 4153 473 4187 a.
489 4153 558 4200 1307,
571 4139 612 4187 ed.
624 4139 650 4185 in
662 4138 693 4187 A.
708 4137 756 4187 SS.
770 4137 835 4187 Boll.
849 4139 905 4189 Oct.
922 4139 941 4188 1.
955 4154 979 4201 p.
992 4141 1049 4186 600.

112 4202 121 4231 ¹
138 4202 227 4252 Heres.
240 4217 289 4252 om.
302 4203 328 4252 in
340 4203 369 4252 T.
489 4204 499 4232 ¹
518 4203 548 4252 ln
559 4205 603 4253 the
617 4202 680 4253 Brit.
693 4203 758 4252 Maur.
770 4219 837 4267 copy
849 4204 879 4253 os
886 4205 931 4254 the
943 4203 1050 4264 edition,
1063 4205 1106 4252 the
1118 4212 1181 4253 next
1194 4219 1223 4254 ιι

78 4268 130 4319 loll.
142 4283 185 4316 are
196 4276 255 4317 torn
267 4276 327 4326 out;
346 4269 357 4318 1
369 4268 463 4332 supply
474 4269 519 4318 the
531 4270 621 4318 lacuna
632 4269 697 4318 l'rcm
708 4284 725 4319 a
736 4269 809 4318 Bodl.
822 4285 897 4333 copy.
1011 4269 1021 4298 ¹
1039 4269 1068 4318 E.
1082 4269 1224 4332 Kilwarby.

77 4333 208 4383 ‘Tanner
226 4334 351 4396 vesperis.
398 4335 466 4386 Boll.
491 4335 690 4400 disputationem
711 4335 890 4402 [doctorandi]
908 4373 916 4387 .
933 4373 939 4386 .
957 4371 964 4386 .
984 4335 1071 4385 solent
1092 4336 1226 4386 scholares

77 4399 366 4464 Vesperiasappellare.

615 4493 697 4553 aba
