3062 4888
126 321 359 390 irs-soum]
536 307 610 401 Dc
626 305 683 396 m.
703 307 875 395 burano.
1206 332 1277 406 549

127 508 278 580 prosiliens
291 509 335 564 vel
347 511 502 578 retardans,
512 510 566 565 hoc
578 526 690 580 semper
701 508 846 581 proposuit
859 519 887 566 et
900 510 994 582 quoad
1006 509 1097 581 potuit
1109 511 1279 580 obseruauit,

125 609 164 648 ne
174 592 202 647 in
212 593 307 664 aliquo
319 592 417 663 prelati
428 603 591 663 preceptum
600 594 644 648 vel
653 594 800 649 excederet
812 592 897 648 nimis
908 593 1028 664 agendo,
1037 595 1081 648 vel
1094 593 1278 664 debi[li]taret

126 675 257 732 faciendo
286 677 399 742 minus;
431 677 537 730 nullam
565 692 684 746 moram,
713 676 821 730 nullum
849 675 947 747 tipum,
975 677 1082 732 nullum
1110 677 1277 732 renitentem

126 759 260 814 affectum
283 759 468 829 pretendebat
492 759 521 814 in
546 758 693 815 cuiuslibet
718 758 842 814 accionis
866 775 1007 829 aggressu
1052 762 1085 816 ln
1114 761 1277 830 cognicione

124 851 155 898 et
181 842 391 898 examinacione
416 858 563 897 causarum
587 841 822 912 prudentissimus
846 852 907 898 erat
931 842 1135 912 interpretator,
1160 853 1188 898 et
1213 843 1305 910 licets

126 925 186 980 vim
204 924 384 980 consiliorum
401 935 429 980 et
441 924 572 980 virtutem
590 943 674 980 sensu
686 925 865 996 percepisset,
878 943 1023 996 nunquam
1037 936 1133 982 tamen
1150 925 1277 996 improbe

126 1008 204 1079 quod
228 1007 254 1062 ei
274 1007 422 1063 videbatur
444 1008 593 1064 defendere
614 1008 794 1079 presumpsit,
816 1019 858 1064 set
883 1025 993 1078 semper
1016 1008 1114 1063 humili
1137 1007 1277 1064 relacione

126 1091 204 1146 verbi
222 1091 298 1161 quod
313 1091 453 1146 humiliter
471 1090 559 1146 sensit
575 1090 738 1162 simpliciter
754 1091 901 1147 intimauit.
937 1091 1104 1150 ilTandem
1119 1093 1155 1146 ab
1173 1092 1276 1146 abbate

126 1268 155 1313 et
176 1275 293 1329 persepe
310 1259 347 1312 ad
370 1257 483 1314 diuersa
500 1258 648 1326 titubabat,
665 1267 694 1312 et
712 1274 788 1313 nunc
805 1258 860 1314 buc
877 1275 952 1313 nunc
971 1257 1036 1313 illuc
1051 1269 1080 1314 vt
1098 1259 1207 1313 arundo
1225 1275 1276 1328 pro
1292 1277 1321 1314 ιο

125 1357 197 1397 aura
220 1340 361 1396 mutabilis
381 1341 533 1397 voluntatis
557 1340 705 1396 serebatur.
748 1342 838 1410 Super
866 1358 922 1412 quo
951 1351 1044 1396 motus
1072 1352 1101 1396 et
1129 1341 1276 1396 miseratus

126 1424 265 1480 Aelredus
289 1423 358 1479 dixit
377 1424 431 1480 deo
450 1424 478 1478 in
497 1425 582 1479 corde
607 1439 676 1479 suo:
703 1424 766 1479 ‘Da
784 1423 879 1492 michi,
901 1424 1023 1492 domine,
1045 1425 1170 1481 animam
1194 1424 1276 1479 huius

126 1505 240 1572 nouicii,
252 1517 280 1562 et
292 1506 368 1578 quod
381 1506 441 1577 ipse
456 1505 550 1561 minus
567 1507 653 1562 habet
670 1507 776 1576 salutis,
789 1507 854 1563 licet
870 1507 987 1578 indigno
1002 1508 1098 1578 gracia
1113 1517 1163 1563 tua
1177 1524 1275 1562 conce·

126 1589 195 1644 dere
215 1588 354 1659 digneris?
392 1592 458 1644 Non
478 1590 567 1646 multo
589 1601 653 1660 post
675 1590 720 1646 ille
744 1590 871 1646 nouicius
897 1591 926 1646 in
947 1591 1108 1663 probatorio
1132 1591 1276 1661 improbus

124 1673 218 1728 iactus
236 1672 370 1742 magistro
387 1689 439 1728 suo
458 1671 562 1728 indicat
581 1689 611 1728 se
628 1673 699 1728 velle
716 1673 807 1729 redire
825 1674 862 1728 ad
882 1675 1015 1728 seculum.
1053 1673 1104 1729 Cui
1119 1675 1274 1730 Aelredus:
1291 1697 1320 1747 ¹⁵

126 1755 222 1825 ‘Noli,
243 1756 336 1824 frater,
360 1756 418 1811 noli
442 1755 550 1826 perire:
581 1755 637 1810 iam
668 1773 724 1810 non
754 1756 868 1826 poteris,
893 1773 1065 1828 quamquam
1092 1767 1120 1812 et
1143 1756 1223 1825 velis,
1247 1769 1275 1812 et

125 1837 322 1894 stultissimum
333 1849 376 1894 est
392 1840 446 1894 boc
461 1839 552 1910 ipsum
563 1839 635 1895 velle
651 1839 730 1895 cuius
746 1838 915 1894 contrarium
929 1839 1044 1911 cupiunt
1057 1857 1156 1894 omnes
1169 1839 1275 1907 sancti;

125 1938 227 1978 omnes
247 1920 323 1977 enirn
345 1922 446 1978 saluari
471 1922 648 1978 desiderant.¹
684 1923 734 1978 Set
758 1922 804 1977 ille
825 1939 881 1978 non
903 1923 1019 1978 audiens
1041 1923 1147 1978 monita
1168 1923 1277 1993 salutis,

125 2005 242 2062 recessit
254 2022 272 2061 a
284 2005 461 2062 monasterio.
488 2007 537 2062 Set
548 2023 598 2077 per
610 2005 693 2062 deuia
705 2006 794 2060 saltus
806 2015 866 2061 tota
877 2005 924 2062 die
936 2007 1119 2077 vagabundus
1132 2007 1276 2072 oberrans,

125 2098 156 2143 et
174 2105 274 2160 parum
292 2099 358 2144 ante
376 2089 442 2145 solis
460 2105 591 2144 occasum
609 2090 646 2144 ad
667 2089 743 2144 viam
765 2087 879 2144 veniens
899 2107 949 2160 per
970 2105 1054 2160 quarn
1075 2089 1178 2144 exitum
1200 2089 1274 2156 iecit,
1290 2111 1320 2147 20

125 2172 221 2227 subito
249 2172 319 2228 inira
347 2189 443 2227 muros
472 2172 581 2228 cenobii
613 2189 644 2228 se
675 2173 765 2228 sensit
795 2172 1005 2243 transpositum.
1042 2173 1134 2242 Quem
1160 2183 1275 2228 sanctus

124 2255 264 2310 Aelredus
282 2254 466 2326 conspiciens,
486 2255 605 2311 occurrit
623 2255 648 2310 ei
668 2256 783 2311 dicens:
809 2255 889 2323 ‘Fut
910 2255 979 2328 quid
995 2255 1086 2312 fecisti
1107 2255 1193 2310 michi
1215 2256 1275 2311 sic?

126 2341 203 2394 Ecce
222 2339 286 2394 fleui
304 2355 356 2409 pro
375 2349 402 2394 te
420 2339 504 2394 bodie
522 2339 618 2394 multis
634 2338 767 2394 lacrimis
804 2340 843 2394 Et
859 2340 945 2395 credo
960 2338 988 2394 in
1006 2339 1090 2394 deum
1109 2340 1186 2410 quod
1203 2338 1275 2394 sicut

123 2421 228 2493 expetii
248 2439 266 2478 a
287 2422 409 2488 domino,
428 2433 456 2478 et
475 2423 547 2478 sicut
566 2423 616 2478 tibi
634 2422 761 2494 promisi,
780 2440 839 2478 non
858 2423 977 2493 peribis!
1013 2425 1090 2479 Nam
1109 2440 1162 2478 nec
1180 2423 1275 2478 abbati

124 2505 240 2577 quidem
261 2523 407 2562 excessum
428 2505 530 2560 nouicii
552 2505 694 2574 reuelauit,
716 2505 817 2562 timeus
841 2506 1019 2562 seueritatem
1039 2506 1111 2562 illius
1130 2523 1275 2563 reuersuro
1289 2524 1319 2575 ²5

124 2589 291 2644 nocituram.
327 2589 350 2649 ii
372 2591 426 2643 Per
450 2587 525 2644 idern
550 2599 661 2659 ternpus
684 2591 759 2659 cepit
784 2589 904 2646 scribere
928 2590 966 2645 ad
990 2590 1118 2646 diuersas
1139 2607 1275 2661 personas

123 2672 260 2743 epistolas
281 2689 364 2728 sensu
389 2671 580 2728 serenissimae
599 2681 627 2726 et
648 2671 728 2727 litera
750 2673 914 2729 luculentas.
952 2673 1069 2744 Scripsit
1093 2675 1183 2729 eciam
1207 2683 1274 2732 tunc

123 2766 182 2812 tres
201 2755 288 2812 libros
308 2755 463 2810 laudabiles
484 2772 556 2826 quos
577 2755 689 2810 vocauit
709 2756 875 2826 ‘Speculum
895 2757 1037 2826 caritatis,’
1055 2775 1090 2812 eo
1108 2758 1183 2827 quod
1203 2773 1274 2827 opus

124 2839 193 2895 illud
206 2838 246 2894 sic
259 2837 287 2893 in
300 2855 330 2894 se
349 2839 473 2894 continet
488 2837 647 2909 ymaginem
662 2839 707 2894 dei
723 2839 828 2894 amoris
845 2851 872 2895 et
889 2841 1007 2911 proximi
1024 2841 1096 2896 sicut
1114 2841 1143 2895 in
1161 2841 1274 2910 speculo

123 2939 229 2994 ymago
245 2922 448 2978 considerantis
462 2932 573 2978 constat
589 2922 739 2993 prouideri.
777 2925 887 2978 Domus
900 2939 966 2992 ergo
978 2923 1113 2978 Rieuallis
1125 2922 1273 2978 abbaciam
1288 2941 1319 2992 30

124 3006 180 3062 sibi
199 3006 344 3074 creditam,
354 3006 432 3076 apud
451 3007 582 3075 Reuesby
595 3007 749 3062 construxit
768 3007 797 3061 in
818 3006 958 3077 prouincia
979 3007 1015 3062 de
1035 3007 1207 3076 Lyndeseye,
1226 3006 1272 3076 qui

124 3091 204 3145 locus
221 3107 239 3144 a
259 3089 402 3144 Lincolnia
419 3087 474 3144 xxi¹
492 3088 578 3144 distat
596 3089 726 3145 milibus:
755 3090 793 3145 ad
811 3105 897 3160 quam
914 3099 994 3160 pater
1012 3089 1150 3144 Aelredus
1168 3089 1274 3144 electus

122 3183 152 3230 et
164 3171 275 3241 missus,
288 3172 361 3242 cepit
373 3172 470 3228 florere
486 3171 636 3227 miraculis.
674 3172 766 3228 Currit
780 3189 830 3243 per
841 3183 928 3227 totam
940 3172 1082 3242 regionem
1094 3172 1171 3227 sama
1183 3170 1287 3240 illius;·

123 3256 260 3328 episcopi,
272 3255 388 3311 comites
399 3265 427 3310 et
441 3272 569 3325 proceres
581 3255 674 3311 locum
688 3254 779 3326 ipsum
792 3273 843 3326 pro
855 3255 914 3310 eius
931 3253 1030 3326 [fama]
1046 3254 1273 3325 possessionibus

123 3339 276 3407 cumulant,
289 3338 431 3394 beneficiis
446 3337 641 3410 multiplicant,
654 3357 724 3410 pace
738 3349 766 3396 et
782 3339 959 3410 proteccione
976 3357 1027 3394 sua
1044 3339 1202 3395 defensant.
1238 3339 1272 3394 ln
1286 3361 1318 3412 35

123 3423 242 3493 synodis
263 3423 339 3478 iubet
361 3422 440 3478 illum
460 3421 577 3478 antistes
597 3439 756 3480 sermonem
777 3423 869 3478 iacere
888 3423 925 3478 ad
942 3421 1066 3488 clericos,
1086 3422 1163 3493 quod
1181 3422 1272 3478 eciam

122 3506 206 3574 sacit3
235 3507 396 3562 sacerdotes
414 3504 563 3575 corrigere,
583 3505 659 3576 quod
679 3522 736 3560 non
758 3505 878 3574 omittit;
906 3505 1025 3562 militum
1046 3515 1135 3562 terras
1149 3499 1193 3562 ¹ex
1216 3506 1273 3562 ele-

123 3589 234 3646 mosine
251 3589 379 3658 largitate
399 3588 544 3658 possidere
564 3589 602 3644 ad
623 3588 779 3644 subsidium
799 3591 1009 3658 monachorum,
1030 3598 1058 3644 et
1079 3589 1185 3658 obedit,
1206 3589 1273 3661 quia

123 3682 242 3729 nouerat
259 3674 314 3728 hoc
328 3671 376 3728 illo
394 3671 422 3726 in
442 3682 568 3742 tempore
584 3670 719 3727 militibus
739 3673 873 3742 prodesse
889 3683 918 3728 et
932 3672 1088 3728 monacbis.
1124 3673 1179 3727 Vix
1196 3672 1271 3727 enim

123 3756 153 3812 in
176 3755 230 3811 illis
251 3755 336 3826 aliqui
363 3756 434 3810 bene
454 3754 581 3810 vixerunt
604 3765 671 3810 tunc
693 3755 826 3826 temporis
852 3755 906 3812 nisi
931 3758 975 3812 vei
998 3754 1129 3812 monachi
1154 3755 1198 3810 vel
1223 3755 1271 3810 alii
1283 3775 1317 3826 40

122 3839 245 3912 religiosi
267 3839 327 3907 viri,
348 3839 414 3910 quia
437 3839 530 3894 omnis
555 3848 628 3894 terra
652 3841 790 3894 malorum
815 3839 936 3907 malicia,
959 3840 1029 3894 cede
1053 3856 1088 3894 ac
1109 3837 1272 3894 vastacione

122 3925 235 3982 turbata
254 3933 282 3978 et
300 3922 415 3978 confusa
437 3921 641 3992 propemodum
662 3921 777 3977 redacta
797 3922 887 3978 iuerat
910 3921 938 3976 in
962 3923 1113 3977 desertum.
1149 3921 1271 3976 Volebat

121 4023 190 4078 ergo
203 4003 350 4061 monacbis
361 4005 462 4061 cedere
473 4005 511 4060 ad
523 4003 679 4072 utilitatem,
692 4021 744 4075 pro
763 4021 820 4076 quo
836 4021 908 4075 pene
921 4003 1042 4060 uniuersi
1054 4003 1221 4075 pugnabant
1233 4004 1271 4058 ad

122 4099 263 4158 mortem;
290 4099 319 4145 et
336 4087 443 4144 sciebat
462 4088 672 4157 possessoribus
687 4087 725 4142 ad
743 4089 868 4144 seculum
886 4088 1020 4159 proficere
1039 4088 1093 4143 deo
1111 4086 1178 4142 dare
1195 4087 1270 4157 quod

122 4174 285 4230 habebant:
307 4171 354 4243 qui
371 4171 426 4226 nisi
443 4172 497 4226 hoc
510 4169 651 4239 iecissent,
663 4171 780 4228 forsitan
799 4171 889 4227 eciam
908 4171 968 4226 sine
984 4169 1112 4225 mercede
1129 4187 1194 4225 cum
1212 4170 1269 4226 vita
1282 4195 1314 4245 45

120 4267 150 4314 et
169 4256 237 4312 illud
261 4253 458 4325 perdidissent.
495 4254 616 4310 Multum
637 4271 706 4324 ergo
729 4253 847 4310 dilectus
869 4253 972 4309 Christi
992 4252 1129 4309 Aelredus
1153 4253 1191 4307 ab
1210 4253 1269 4307 vni-

123 4340 211 4399 uersis
224 4337 450 4412 prouincialibus,
460 4354 557 4395 verum
568 4347 597 4395 et
608 4354 628 4391 a
638 4347 698 4394 toto
709 4355 804 4408 regno,
813 4347 841 4394 et
853 4336 1022 4408 permaxime
1034 4355 1053 4394 a
1064 4353 1141 4408 rege,
1152 4337 1269 4392 domum
