3028 4894
276 313 348 384 44²
585 286 932 392 menatenam
956 287 1106 393 annue.

277 490 466 550 reuocaberis
484 509 518 550 ac
530 490 590 549 vite
604 492 751 568 salutique
767 493 952 552 restitueris:
972 493 1026 550 sed
1043 501 1165 566 paratus
1182 499 1265 562 esto,
1278 491 1354 566 quia
1368 501 1428 564 post

276 579 506 653 quadriennium
521 581 666 653 [rediens]
684 581 812 639 visitabo
831 591 869 640 te.
908 581 1037 638 Patriam
1051 597 1124 636 vero
1141 579 1346 653 perueniens,
1366 597 1429 652 pos-

276 666 429 724 sessiones
441 667 493 724 tibi
506 668 619 726 ablatas
632 669 769 742 recipies,
782 681 813 726 et
826 669 855 727 in
866 687 941 743 pace
949 668 1107 742 tranquilla
1119 667 1212 724 finies
1224 667 1325 724 vitam
1338 667 1430 723 tuam*

276 753 486 826 Quibusdictis
495 756 618 828 angelus
626 757 830 829 disparuit:et
838 757 887 814 ille
896 756 1040 831 protinus,
1048 754 1133 829 quasi
1142 756 1181 812 de
1190 755 1282 826 graui
1292 772 1428 826 sompno,

246 855 261 904 t
276 841 413 910 surrexit,
428 843 573 915 [re]sedit,
586 845 758 918 apertisque
774 845 868 902 oculis
886 844 964 901 circa
977 861 1011 901 se
1023 844 1131 900 choros
1144 843 1350 915 psallentium
1363 841 1431 898 flen-

275 929 409 1004 tiumque
419 929 544 988 fratrum
557 931 675 1005 aspexit
686 951 693 1002 ;
713 949 747 988 ac
761 931 912 989 modicum
926 931 1092 1004 suspirans,
1104 929 1230 986 ubinam
1241 941 1329 986 esset
1337 928 1431 986 Acca¹

276 1017 424 1091 presbiter
442 1018 643 1092 interrogauit
689 1019 748 1090 Qui
768 1021 867 1076 statim
888 1029 1011 1076 vocatus
1032 1017 1160 1088 intrauit,
1181 1025 1213 1073 et
1232 1017 1350 1074 videns
1369 1033 1433 1073 eum

277 1106 385 1162 melius
406 1106 566 1163 habentem
588 1123 622 1163 ac
643 1107 724 1181 loqui
743 1108 904 1186 valentem,
925 1107 1013 1164 flexis
1034 1104 1172 1178 genibus,
1192 1121 1267 1161 cum
1295 1103 1434 1161 omnibus

276 1193 327 1266 qui
351 1194 476 1250 aderant
495 1193 644 1262 fratribus,
662 1195 720 1251 deo
743 1194 854 1268 gratias
879 1194 947 1267 egit
983 1193 1068 1250 Tunc
1091 1191 1231 1265 pontifex
1256 1193 1299 1249 ad
1323 1195 1434 1250 Accam

233 1297 262 1332 ιο
276 1281 475 1353 presbiterum
500 1299 674 1350 conuersus,
698 1298 875 1356 quecunque
899 1281 1015 1338 viderat
1034 1280 1142 1350 retulit,
1162 1281 1332 1336 tremenda
1356 1279 1434 1336 illum

275 1367 459 1426 adiuratione
471 1369 681 1442 constringens
696 1387 734 1428 ne
749 1369 891 1443 quamdiu
904 1369 1019 1426 viueret
1035 1369 1110 1424 hanc
1124 1366 1279 1424 visionem
1294 1369 1434 1441 cuiquam

275 1456 429 1512 reuelarct.
504 1443 595 1513 Tunc
614 1456 774 1514 wilfridus
799 1457 984 1513 Britanniam
1010 1455 1125 1512 intrans
1134 1453 1154 1524 ²,
1173 1463 1205 1512 ct
1230 1456 1383 1527 perlectis
1407 1454 1434 1510 in

275 1542 458 1616 conspectu⁸
476 1543 619 1601 nobilium
638 1543 745 1602 litteris
763 1544 928 1619 papalibus,
940 1562 959 1600 a
978 1542 1181 1599 Brithwaldo⁴
1198 1542 1435 1616 archiepiscopo

275 1639 305 1688 et
324 1630 486 1688 Ethelredo
504 1633 656 1705 quondam
673 1650 753 1705 rege,
765 1641 836 1689 tunc
853 1649 926 1689 vero
942 1630 1108 1688 Bardeneie
1126 1630 1247 1696 abbate,
1267 1629 1435 1687 honorilice

233 1737 261 1787 ¹5
276 1727 434 1793 susceptus
452 1728 508 1777 est
554 1719 735 1778 Ethelredus
753 1720 835 1778 enim
854 1719 980 1777 accitum
1000 1718 1181 1788 Conredum,
1202 1735 1300 1790 quem
1327 1735 1387 1792 pro
1405 1737 1435 1774 se

276 1823 379 1882 regem
410 1805 528 1877 fecerat,
559 1807 713 1865 hortatur⁸
741 1817 773 1865 vt
803 1823 926 1865 seruum
957 1805 1070 1863 domini
1101 1823 1141 1862 ex
1169 1805 1276 1861 animo
1309 1822 1436 1879 semper

276 1895 387 1953 coleret
399 1903 429 1952 ct
441 1895 576 1968 diligeret
588 1913 623 1952 ac
636 1895 759 1966 foueret,
771 1903 800 1951 et
813 1903 916 1953 contra
928 1911 1035 1951 omnes
1051 1893 1243 1950 aduersarios
1256 1892 1435 1950 indefessus

274 1983 303 2040 ei
321 1994 527 2057 propugnator
540 1984 691 2042 existeret.
732 1983 866 2041 Alfridus
877 1991 978 2040 autem
991 1998 1046 2038 rex
1058 1979 1234 2053 ambagibus
1247 1980 1433 2052 quibusdam

275 2069 399 2128 obiectis
421 2071 570 2128 nitebatur
593 2071 760 2141 ostendere,
782 2070 838 2128 sibi
863 2070 985 2144 penitus
1006 2087 1066 2126 non
1088 2085 1157 2126 esse
1176 2067 1329 2140 possibile
1356 2069 1433 2142 quod

232 2177 263 2214 ιο
274 2157 512 2232 precipiebatur·
529 2159 661 2232 explere.
697 2157 811 2215 Verum
828 2165 946 2215 secreta
960 2155 1094 2213 cordium
1109 2155 1158 2212 dei
1175 2153 1332 2229 sapientia
1352 2173 1434 2213 scru-

275 2255 352 2314 tans,
373 2245 536 2320 nequitiam
555 2246 621 2304 eius
637 2246 828 2316 examinauit,
847 2253 878 2303 et
897 2261 1007 2318 corpus
1025 2243 1104 2301 illius
1119 2241 1181 2300 acri
1199 2242 1318 2300 doloris
1339 2245 1434 2300 mole·

276 2333 421 2391 statione⁷
441 2333 484 2391 sic
497 2333 661 2391 debilitauit
674 2342 704 2390 vt
720 2333 854 2390 omnium
870 2335 1073 2390 membrorum
1091 2329 1189 2388 officio
1202 2330 1434 2388 destitueretur.

275 2419 334 2492 Qui
355 2438 423 2479 cum
446 2439 479 2478 se
505 2421 581 2478 mori
599 2429 802 2495 cognosceret,
824 2419 964 2478 adhibitis
987 2419 1115 2476 testibus
1133 2417 1273 2491 promisit
1293 2419 1391 2490 quod,
1409 2418 1434 2474 si

275 2509 350 2566 deus
367 2508 423 2565 sibi
436 2509 528 2566 vitam
545 2511 732 2580 concederet,
745 2519 775 2566 et
791 2508 882 2565 iussis
899 2507 1069 2582 apostolicis
1086 2503 1222 2562 obediret
1239 2513 1270 2562 et
1286 2505 1434 2562 Wilfrido

232 2617 261 2667 ²t
275 2595 358 2652 omni
375 2605 512 2669 tempore
531 2595 686 2656 inclinaret
706 2615 741 2654 se
762 2605 792 2654 et
812 2613 882 2652 eum
903 2595 1049 2668 diligeret
1093 2593 1155 2650 Sed
1177 2592 1243 2664 ipse
1265 2591 1396 2666 quidem
1417 2613 1434 2649 a

274 2683 335 2742 vita
347 2685 480 2754 recessit,
494 2693 523 2741 et
541 2685 717 2758 Eadulphus
735 2684 856 2758 quidam
875 2683 906 2739 in
926 2699 1053 2756 regnum
1068 2681 1224 2751 successit,
1236 2681 1288 2752 qui
1309 2682 1433 2738 nunciis

275 2769 407 2828 Wilfridi
427 2771 484 2828 sibi
503 2771 605 2828 missis
623 2771 664 2828 ita
683 2772 858 2846 respondit:
878 2771 955 2828 ‘Per
973 2787 1080 2839 meam,
1096 2768 1200 2842 inquit,
1211 2768 1345 2826 salutem
1364 2769 1432 2825 iuro

275 2860 344 2933 quia
365 2858 423 2916 nisi
443 2859 520 2916 infra
540 2860 641 2933 spacia
662 2877 717 2916 sex
740 2859 856 2916 dierum
882 2875 901 2914 a
926 2875 1020 2930 regno
1044 2873 1112 2913 meo
1133 2856 1318 2926 discesserit,
1338 2874 1432 2929 quos-

275 2965 394 3020 cunque
406 2948 444 3004 de
463 2947 526 3004 suis
541 2946 677 3004 inuenire
694 2955 829 3021 potuero,
841 2944 903 3004 vita
919 2945 1062 3019 priuabo.'
1100 2944 1191 3000 Facta
1208 2953 1311 3000 autem
1323 2953 1432 3000 eontra
1498 2953 1499 2958 ’

231 3053 262 3102 30
276 3051 379 3109 regem
396 3033 607 3102 coniuratione,
621 3051 724 3107 regno,
737 3035 817 3108 quod
837 3035 954 3090 duobus
970 3031 1124 3090 mensibus
1139 3031 1245 3100 tenuit,
1257 3031 1430 3104 depellitur.
1498 3089 1499 3096 χ

277 3123 349 3180 Post
367 3139 456 3196 quem
476 3131 621 3196 regnante
635 3121 762 3192 Osredo,
775 3121 836 3178 filio
855 3119 972 3191 Allridi,
985 3119 1144 3177 Willridus
1163 3119 1194 3174 in
1213 3119 1322 3175 sedern
1339 3136 1430 3175 suam
1498 3103 1499 3124 ¹

276 3219 417 3284 receptus
436 3219 501 3268 est:
524 3210 608 3266 cuius
628 3209 764 3266 familiari
782 3207 912 3266 amicitia
930 3226 986 3265 rex
1003 3225 1115 3281 magno
1133 3206 1240 3264 affectu
1259 3205 1430 3279 copulatus,
1498 3203 1499 3262 i

276 3315 330 3372 per
348 3307 443 3355 totum
462 3315 587 3371 regnum
606 3297 740 3370 precepit
758 3296 898 3369 quatinus
917 3313 1008 3353 nemo
1024 3303 1128 3352 sancto
1145 3293 1290 3366 episcopo
1306 3293 1430 3366 inquo

275 3403 393 3459 cunque
410 3383 543 3456 (etiarn)⁸
562 3383 680 3459 negotio
697 3383 866 3454 contrairet,
885 3385 940 3440 sed
959 3383 1035 3439 sicut
1053 3382 1165 3439 famulo
1183 3380 1233 3438 dei
1252 3397 1309 3454 per
1327 3381 1430 3437 omnia

230 3491 261 3542 ³5
276 3491 383 3531 omnes
406 3473 570 3530 obedirent.
616 3471 654 3528 Et
679 3471 789 3529 factum
813 3481 859 3530 est
884 3471 932 3527 ita.
969 3457 1150 3528 Transactis
1173 3477 1276 3526 autem
1301 3477 1430 3542 quatuor

275 3561 364 3619 annis
391 3560 475 3635 graui
494 3560 629 3634 corporis
648 3560 793 3632 languore
812 3569 934 3616 sanctus
953 3558 1114 3631 episcopus
1133 3556 1292 3624 inuaditur,
1313 3565 1345 3612 et
1365 3555 1428 3612 fati-

275 3660 360 3724 gatus
382 3650 458 3706 lecto
479 3647 630 3721 recipitur.
668 3647 796 3704 Difficile
818 3655 865 3704 est
886 3645 967 3703 enim
988 3644 1124 3718 proferre
1145 3652 1217 3717 quot
1238 3643 1351 3700 infirmi
1373 3660 1429 3716 per

275 3755 345 3796 eum
358 3737 510 3794 infirmum
523 3737 583 3793 sint
593 3736 631 3792 ab
645 3734 726 3792 omni
739 3735 911 3791 infirmitate
924 3733 1029 3803 sanati,
1040 3741 1112 3805 quot
1122 3730 1288 3788 demoniaci
1300 3730 1428 3797 liberati,

276 3825 418 3900 paralitici
442 3824 569 3892 solidati,
594 3823 656 3880 ceci
681 3821 846 3891 illuminati,
870 3821 953 3878 surdi
978 3820 1111 3893 mutique
1136 3818 1240 3887 curati,
1264 3827 1338 3891 quot
1361 3818 1427 3873 aliis

230 3937 262 3986 40
275 3912 490 3972 calamitatibus
501 3910 601 3968 afflicti
614 3919 759 3984 operante
776 3910 834 3966 deo
853 3927 910 3982 per
923 3926 993 3966 eurn
1013 3907 1171 3981 magnifice
1187 3905 1277 3963 saluti
1290 3905 1426 3962 restituti.

276 4000 475 4076 Congregatis
492 3999 615 4056 tandem
634 3997 774 4054 fratribus
792 3997 848 4054 ait:
868 3995 991 4054 ‘Gratia
1008 3994 1102 4051 diuini
1120 3993 1276 4052 amorisvt
1294 3993 1326 4049 in
1342 3993 1426 4048 vobis

276 4090 383 4164 iugiter
401 4095 528 4157 maneat,
548 4085 657 4143 fratres
676 4083 854 4154 charissimi,
872 4093 935 4140 tota
952 4083 1060 4140 virtute
1079 4098 1202 4156 operam
1220 4082 1309 4138 date:
1336 4097 1425 4154 quam
1498 4129 1499 4138 ,

275 4179 401 4254 gratiam
412 4186 444 4236 vt
463 4174 589 4234 feliciter
604 4171 780 4231 mereamini
800 4172 945 4242 obtinere,
958 4170 1122 4228 fraternum
1140 4185 1274 4226 amorem
1293 4168 1425 4225 studiose

307 4310 439 4360 ¹E.aeta.
507 4305 557 4356 ¹13.
571 4307 659 4356 intras.
726 4303 839 4356 ’Eadm
851 4309 991 4354 conuentu.
1057 4299 1266 4352 ‘Ebritwaldo
1332 4299 1423 4348 ‘ML

275 4378 471 4425 hortatureum.
529 4371 775 4436 ⁸E.preclpibatur.
837 4369 948 4420 'Eadm
956 4368 1111 4419 invectione.
1172 4365 1325 4418 ⁸0m.inT.
1338 4365 1424 4416 Eadm.
