<?xml version="1.0" encoding="UTF-8"?>
<!DOCTYPE html PUBLIC "-//W3C//DTD XHTML 1.0 Transitional//EN"
    "http://www.w3.org/TR/xhtml1/DTD/xhtml1-transitional.dtd">
<html xmlns="http://www.w3.org/1999/xhtml" xml:lang="en" lang="en">
 <head>
  <title>
</title>
<meta http-equiv="Content-Type" content="text/html;charset=utf-8" />
  <meta name='ocr-system' content='tesseract 3.04.00' />
  <meta name='ocr-capabilities' content='ocr_page ocr_carea ocr_par ocr_line ocrx_word'/>
</head>
<body>
  <div class='ocr_page' id='page_1' title='image "./novalegendaangl00wordgoog/novalegendaangl00wordgoog_0223.png"; bbox 0 0 3008 4904; ppageno 0'>
   <div class='ocr_carea' id='block_1_1' title="bbox 295 333 1132 437">
    <p class='ocr_par' dir='ltr' id='par_1_1' title="bbox 295 333 1132 437">
     <span class='ocr_line' id='line_1_1' title="bbox 295 333 1132 437; baseline 0.006 -23"><span class='ocrx_word' id='word_1_1' title='bbox 295 361 368 431; x_wconf 87' lang='lat'><strong>²14</strong></span> <span class='ocrx_word' id='word_1_2' title='bbox 609 335 739 422; x_wconf 63' lang='lat' dir='ltr'><strong>ilium</strong></span> <span class='ocrx_word' id='word_1_3' title='bbox 765 333 956 437; x_wconf 60' lang='lat' dir='ltr'><strong>[futtilia</strong></span> <span class='ocrx_word' id='word_1_4' title='bbox 980 333 1132 436; x_wconf 62' lang='lat' dir='ltr'><strong>annu.</strong></span> 
     </span>
    </p>
   </div>
   <div class='ocr_carea' id='block_1_2' title="bbox 252 533 1457 4026">
    <p class='ocr_par' dir='ltr' id='par_1_2' title="bbox 252 533 1457 4026">
     <span class='ocr_line' id='line_1_2' title="bbox 293 533 1451 610; baseline 0 -18"><span class='ocrx_word' id='word_1_5' title='bbox 293 545 403 610; x_wconf 88' lang='lat' dir='ltr'><strong>potens</strong></span> <span class='ocrx_word' id='word_1_6' title='bbox 421 533 567 591; x_wconf 76' lang='lat' dir='ltr'><strong>instanter</strong></span> <span class='ocrx_word' id='word_1_7' title='bbox 585 535 622 592; x_wconf 92' lang='lat' dir='ltr'><strong>ad</strong></span> <span class='ocrx_word' id='word_1_8' title='bbox 641 533 751 591; x_wconf 87' lang='lat' dir='ltr'><strong>ostium</strong></span> <span class='ocrx_word' id='word_1_9' title='bbox 771 535 914 607; x_wconf 88' lang='lat' dir='ltr'><strong>pulsaret,</strong></span> <span class='ocrx_word' id='word_1_10' title='bbox 927 533 1102 592; x_wconf 83' lang='lat' dir='ltr'>festinanter</span> <span class='ocrx_word' id='word_1_11' title='bbox 1120 535 1246 593; x_wconf 90' lang='lat' dir='ltr'><strong>accessit</strong></span> <span class='ocrx_word' id='word_1_12' title='bbox 1264 545 1297 592; x_wconf 86' lang='lat' dir='ltr'><strong>vt</strong></span> <span class='ocrx_word' id='word_1_13' title='bbox 1318 537 1451 610; x_wconf 82' lang='lat' dir='ltr'>pulsanti</span> 
     </span>
     <span class='ocr_line' id='line_1_3' title="bbox 293 621 1452 698; baseline 0 -18"><span class='ocrx_word' id='word_1_14' title='bbox 293 623 432 680; x_wconf 87' lang='lat' dir='ltr'><strong>celeriter</strong></span> <span class='ocrx_word' id='word_1_15' title='bbox 454 621 604 694; x_wconf 82' lang='lat' dir='ltr'><strong>apetiret:</strong></span> <span class='ocrx_word' id='word_1_16' title='bbox 635 639 691 678; x_wconf 92' lang='lat' dir='ltr'><strong>nec</strong></span> <span class='ocrx_word' id='word_1_17' title='bbox 716 631 818 678; x_wconf 89' lang='lat' dir='ltr'><strong>tamen</strong></span> <span class='ocrx_word' id='word_1_18' title='bbox 843 624 881 678; x_wconf 85' lang='lat' dir='ltr'><strong>ad</strong></span> <span class='ocrx_word' id='word_1_19' title='bbox 906 641 1005 680; x_wconf 90' lang='lat' dir='ltr'><strong>seram</strong></span> <span class='ocrx_word' id='word_1_20' title='bbox 1031 623 1062 679; x_wconf 90' lang='lat' dir='ltr'><strong>in</strong></span> <span class='ocrx_word' id='word_1_21' title='bbox 1088 623 1209 680; x_wconf 82' lang='lat' dir='ltr'>sublimi</span> <span class='ocrx_word' id='word_1_22' title='bbox 1233 625 1371 697; x_wconf 78' lang='lat' dir='ltr'><strong>positam</strong></span> <span class='ocrx_word' id='word_1_23' title='bbox 1401 645 1452 698; x_wconf 91' lang='lat' dir='ltr'><strong>pro</strong></span> 
     </span>
     <span class='ocr_line' id='line_1_4' title="bbox 293 709 1452 782; baseline 0.003 -16"><span class='ocrx_word' id='word_1_24' title='bbox 293 720 407 768; x_wconf 88' lang='lat' dir='ltr'><strong>stature</strong></span> <span class='ocrx_word' id='word_1_25' title='bbox 425 710 573 766; x_wconf 88' lang='lat' dir='ltr'><strong>breuitate</strong></span> <span class='ocrx_word' id='word_1_26' title='bbox 591 718 707 781; x_wconf 88' lang='lat' dir='ltr'><strong>poterat</strong></span> <span class='ocrx_word' id='word_1_27' title='bbox 724 709 880 782; x_wconf 83' lang='lat' dir='ltr'><strong>attingere.</strong></span> <span class='ocrx_word' id='word_1_28' title='bbox 919 709 956 766; x_wconf 86' lang='lat' dir='ltr'><strong>Et</strong></span> <span class='ocrx_word' id='word_1_29' title='bbox 975 729 1045 766; x_wconf 89' lang='lat' dir='ltr'><strong>ecce</strong></span> <span class='ocrx_word' id='word_1_30' title='bbox 1064 727 1133 767; x_wconf 90' lang='lat' dir='ltr'><strong>sera</strong></span> <span class='ocrx_word' id='word_1_31' title='bbox 1150 711 1253 768; x_wconf 88' lang='lat' dir='ltr'><strong>diuina</strong></span> <span class='ocrx_word' id='word_1_32' title='bbox 1265 715 1384 769; x_wconf 81' lang='lat' dir='ltr'><strong>virtute</strong></span> <span class='ocrx_word' id='word_1_33' title='bbox 1403 716 1452 769; x_wconf 92' lang='lat' dir='ltr'><strong>de·</strong></span> 
     </span>
     <span class='ocr_line' id='line_1_5' title="bbox 293 796 1452 872; baseline 0.002 -18"><span class='ocrx_word' id='word_1_34' title='bbox 293 799 395 865; x_wconf 89' lang='lat' dir='ltr'><strong>missa,</strong></span> <span class='ocrx_word' id='word_1_35' title='bbox 412 815 508 871; x_wconf 88' lang='lat' dir='ltr'><strong>vsque</strong></span> <span class='ocrx_word' id='word_1_36' title='bbox 528 799 565 853; x_wconf 83' lang='lat' dir='ltr'><strong>ad</strong></span> <span class='ocrx_word' id='word_1_37' title='bbox 585 796 814 854; x_wconf 86' lang='lat' dir='ltr'><strong>succinctorium</strong></span> <span class='ocrx_word' id='word_1_38' title='bbox 833 798 970 870; x_wconf 87' lang='lat' dir='ltr'><strong>deposita</strong></span> <span class='ocrx_word' id='word_1_39' title='bbox 988 809 1052 854; x_wconf 90' lang='lat' dir='ltr'><strong>est:</strong></span> <span class='ocrx_word' id='word_1_40' title='bbox 1073 798 1176 872; x_wconf 89' lang='lat' dir='ltr'><strong>sicque</strong></span> <span class='ocrx_word' id='word_1_41' title='bbox 1202 799 1315 856; x_wconf 88' lang='lat' dir='ltr'><strong>intrare</strong></span> <span class='ocrx_word' id='word_1_42' title='bbox 1338 801 1452 858; x_wconf 89' lang='lat' dir='ltr'><strong>volenti</strong></span> 
     </span>
     <span class='ocr_line' id='line_1_6' title="bbox 265 884 1453 960; baseline 0 -16"><span class='ocrx_word' id='word_1_43' title='bbox 265 905 279 952; x_wconf 84' lang='lat'><strong>5</strong></span> <span class='ocrx_word' id='word_1_44' title='bbox 293 887 418 960; x_wconf 89' lang='lat' dir='ltr'><strong>aperuit,</strong></span> <span class='ocrx_word' id='word_1_45' title='bbox 431 885 601 958; x_wconf 83' lang='lat' dir='ltr'><strong>glorificans</strong></span> <span class='ocrx_word' id='word_1_46' title='bbox 619 885 709 942; x_wconf 89' lang='lat' dir='ltr'><strong>deum</strong></span> <span class='ocrx_word' id='word_1_47' title='bbox 723 884 773 957; x_wconf 91' lang='lat' dir='ltr'><strong>qui</strong></span> <span class='ocrx_word' id='word_1_48' title='bbox 792 885 888 958; x_wconf 85' lang='lat' dir='ltr'><strong>aperit</strong></span> <span class='ocrx_word' id='word_1_49' title='bbox 905 895 936 942; x_wconf 90' lang='lat' dir='ltr'><strong>et</strong></span> <span class='ocrx_word' id='word_1_50' title='bbox 955 903 1045 942; x_wconf 90' lang='lat' dir='ltr'><strong>nemo</strong></span> <span class='ocrx_word' id='word_1_51' title='bbox 1057 887 1175 958; x_wconf 82' lang='lat' dir='ltr'><strong>claudit,</strong></span> <span class='ocrx_word' id='word_1_52' title='bbox 1192 887 1302 943; x_wconf 85' lang='lat' dir='ltr'><strong>claudit</strong></span> <span class='ocrx_word' id='word_1_53' title='bbox 1316 899 1350 946; x_wconf 91' lang='lat' dir='ltr'><strong>et</strong></span> <span class='ocrx_word' id='word_1_54' title='bbox 1364 907 1453 945; x_wconf 89' lang='lat' dir='ltr'><strong>nemo</strong></span> 
     </span>
     <span class='ocr_line' id='line_1_7' title="bbox 294 971 1453 1048; baseline 0.003 -18"><span class='ocrx_word' id='word_1_55' title='bbox 294 974 398 1048; x_wconf 88' lang='lat' dir='ltr'><strong>aperit,</strong></span> <span class='ocrx_word' id='word_1_56' title='bbox 408 975 457 1046; x_wconf 93' lang='lat' dir='ltr'><strong>qui</strong></span> <span class='ocrx_word' id='word_1_57' title='bbox 468 973 497 1029; x_wconf 92' lang='lat' dir='ltr'><strong>in</strong></span> <span class='ocrx_word' id='word_1_58' title='bbox 507 975 569 1028; x_wconf 90' lang='lat' dir='ltr'><strong>suis</strong></span> <span class='ocrx_word' id='word_1_59' title='bbox 577 971 586 1004; x_wconf 89' lang='lat'>¹</span> <span class='ocrx_word' id='word_1_60' title='bbox 595 971 735 1045; x_wconf 86' lang='lat' dir='ltr'><strong>operibus</strong></span> <span class='ocrx_word' id='word_1_61' title='bbox 745 989 868 1044; x_wconf 85' lang='lat' dir='ltr'>semper</span> <span class='ocrx_word' id='word_1_62' title='bbox 877 974 946 1046; x_wconf 86' lang='lat' dir='ltr'><strong>[est]</strong></span> <span class='ocrx_word' id='word_1_63' title='bbox 955 973 966 1006; x_wconf 90' lang='lat'><strong>¹</strong></span> <span class='ocrx_word' id='word_1_64' title='bbox 974 974 1012 1030; x_wconf 88' lang='lat' dir='ltr'><strong>ab</strong></span> <span class='ocrx_word' id='word_1_65' title='bbox 1022 974 1163 1030; x_wconf 90' lang='lat' dir='ltr'><strong>omnibus</strong></span> <span class='ocrx_word' id='word_1_66' title='bbox 1175 983 1204 1030; x_wconf 92' lang='lat' dir='ltr'><strong>et</strong></span> <span class='ocrx_word' id='word_1_67' title='bbox 1213 975 1325 1048; x_wconf 90' lang='lat' dir='ltr'><strong>vbique</strong></span> <span class='ocrx_word' id='word_1_68' title='bbox 1339 977 1453 1048; x_wconf 83' lang='lat' dir='ltr'><strong>glorifi-</strong></span> 
     </span>
     <span class='ocr_line' id='line_1_8' title="bbox 293 1048 1454 1134; baseline 0.002 -16"><span class='ocrx_word' id='word_1_69' title='bbox 293 1063 417 1118; x_wconf 76' lang='lat' dir='ltr'><strong>candus</strong></span> <span class='ocrx_word' id='word_1_70' title='bbox 491 1048 600 1134; x_wconf 89' lang='lat' dir='ltr'><strong>Populi</strong></span> <span class='ocrx_word' id='word_1_71' title='bbox 624 1061 746 1116; x_wconf 88' lang='lat' dir='ltr'><strong>tandem</strong></span> <span class='ocrx_word' id='word_1_72' title='bbox 772 1060 971 1132; x_wconf 79' lang='lat' dir='ltr'><strong>frequentiam</strong></span> <span class='ocrx_word' id='word_1_73' title='bbox 996 1078 1031 1117; x_wconf 89' lang='lat' dir='ltr'><strong>ac</strong></span> <span class='ocrx_word' id='word_1_74' title='bbox 1056 1061 1191 1118; x_wconf 87' lang='lat' dir='ltr'><strong>fauorem</strong></span> <span class='ocrx_word' id='word_1_75' title='bbox 1222 1063 1383 1120; x_wconf 85' lang='lat' dir='ltr'><strong>declinare</strong></span> <span class='ocrx_word' id='word_1_76' title='bbox 1414 1065 1454 1120; x_wconf 85' lang='lat' dir='ltr'><strong>af·</strong></span> 
     </span>
     <span class='ocr_line' id='line_1_9' title="bbox 293 1145 1454 1221; baseline 0.003 -17"><span class='ocrx_word' id='word_1_77' title='bbox 293 1148 418 1218; x_wconf 88' lang='lat' dir='ltr'><strong>fectans,</strong></span> <span class='ocrx_word' id='word_1_78' title='bbox 431 1147 533 1204; x_wconf 90' lang='lat' dir='ltr'><strong>diuino</strong></span> <span class='ocrx_word' id='word_1_79' title='bbox 546 1145 751 1221; x_wconf 80' lang='lat' dir='ltr'><strong>premonitus&#39;</strong></span> <span class='ocrx_word' id='word_1_80' title='bbox 764 1148 892 1216; x_wconf 87' lang='lat' dir='ltr'><strong>oraculo,</strong></span> <span class='ocrx_word' id='word_1_81' title='bbox 906 1147 985 1204; x_wconf 92' lang='lat' dir='ltr'><strong>intra</strong></span> <span class='ocrx_word' id='word_1_82' title='bbox 998 1147 1169 1205; x_wconf 86' lang='lat' dir='ltr'><strong>Comubie⁴</strong></span> <span class='ocrx_word' id='word_1_83' title='bbox 1182 1149 1321 1214; x_wconf 84' lang='lat' dir='ltr'><strong>confinia,</strong></span> <span class='ocrx_word' id='word_1_84' title='bbox 1336 1163 1454 1208; x_wconf 85' lang='lat' dir='ltr'><strong>remota</strong></span> 
     </span>
     <span class='ocr_line' id='line_1_10' title="bbox 295 1235 1454 1309; baseline 0.002 -18"><span class='ocrx_word' id='word_1_85' title='bbox 295 1235 462 1293; x_wconf 87' lang='lat' dir='ltr'><strong>solitudinis</strong></span> <span class='ocrx_word' id='word_1_86' title='bbox 472 1237 536 1292; x_wconf 88' lang='lat' dir='ltr'><strong>loca</strong></span> <span class='ocrx_word' id='word_1_87' title='bbox 543 1235 680 1309; x_wconf 88' lang='lat' dir='ltr'><strong>quesiuit‚</strong></span> <span class='ocrx_word' id='word_1_88' title='bbox 688 1235 777 1291; x_wconf 90' lang='lat' dir='ltr'><strong>vnius</strong></span> <span class='ocrx_word' id='word_1_89' title='bbox 785 1235 901 1292; x_wconf 87' lang='lat' dir='ltr'><strong>clientis</strong></span> <span class='ocrx_word' id='word_1_90' title='bbox 909 1236 1030 1292; x_wconf 91' lang='lat' dir='ltr'><strong>nomine</strong></span> <span class='ocrx_word' id='word_1_91' title='bbox 1042 1235 1174 1308; x_wconf 85' lang='lat' dir='ltr'><strong>Bar[r]ii,</strong></span> <span class='ocrx_word' id='word_1_92' title='bbox 1183 1254 1273 1309; x_wconf 91' lang='lat' dir='ltr'><strong>quern</strong></span> <span class='ocrx_word' id='word_1_93' title='bbox 1283 1239 1332 1294; x_wconf 92' lang='lat' dir='ltr'><strong>sui</strong></span> <span class='ocrx_word' id='word_1_94' title='bbox 1341 1238 1454 1296; x_wconf 87' lang='lat' dir='ltr'><strong>fecerat</strong></span> 
     </span>
     <span class='ocr_line' id='line_1_11' title="bbox 253 1323 1453 1396; baseline 0.003 -16"><span class='ocrx_word' id='word_1_95' title='bbox 253 1345 281 1380; x_wconf 84' lang='lat' dir='ltr'><strong>ro</strong></span> <span class='ocrx_word' id='word_1_96' title='bbox 295 1323 404 1381; x_wconf 89' lang='lat' dir='ltr'><strong>secreti</strong></span> <span class='ocrx_word' id='word_1_97' title='bbox 412 1325 573 1392; x_wconf 91' lang='lat' dir='ltr'><strong>conscium,</strong></span> <span class='ocrx_word' id='word_1_98' title='bbox 584 1323 722 1379; x_wconf 90' lang='lat' dir='ltr'><strong>comitatu</strong></span> <span class='ocrx_word' id='word_1_99' title='bbox 732 1330 899 1390; x_wconf 91' lang='lat' dir='ltr'><strong>contentus,</strong></span> <span class='ocrx_word' id='word_1_100' title='bbox 907 1323 957 1396; x_wconf 93' lang='lat' dir='ltr'><strong>qui</strong></span> <span class='ocrx_word' id='word_1_101' title='bbox 970 1341 1039 1378; x_wconf 91' lang='lat' dir='ltr'><strong>eum</strong></span> <span class='ocrx_word' id='word_1_102' title='bbox 1051 1341 1106 1379; x_wconf 89' lang='lat' dir='ltr'><strong>nec</strong></span> <span class='ocrx_word' id='word_1_103' title='bbox 1119 1323 1148 1379; x_wconf 91' lang='lat' dir='ltr'><strong>in</strong></span> <span class='ocrx_word' id='word_1_104' title='bbox 1158 1323 1218 1380; x_wconf 88' lang='lat' dir='ltr'><strong>vita</strong></span> <span class='ocrx_word' id='word_1_105' title='bbox 1228 1342 1284 1380; x_wconf 90' lang='lat' dir='ltr'><strong>nec</strong></span> <span class='ocrx_word' id='word_1_106' title='bbox 1298 1325 1331 1382; x_wconf 93' lang='lat' dir='ltr'><strong>in</strong></span> <span class='ocrx_word' id='word_1_107' title='bbox 1346 1337 1453 1394; x_wconf 81' lang='lat' dir='ltr'><strong>morte,</strong></span> 
     </span>
     <span class='ocr_line' id='line_1_12' title="bbox 295 1408 1454 1487; baseline 0.003 -21"><span class='ocrx_word' id='word_1_108' title='bbox 295 1411 393 1468; x_wconf 87' lang='lat' dir='ltr'><strong>fidelis</strong></span> <span class='ocrx_word' id='word_1_109' title='bbox 411 1427 533 1482; x_wconf 85' lang='lat' dir='ltr'><strong>semper</strong></span> <span class='ocrx_word' id='word_1_110' title='bbox 550 1426 758 1484; x_wconf 89' lang='lat' dir='ltr'><strong>perseuerans,</strong></span> <span class='ocrx_word' id='word_1_111' title='bbox 772 1408 852 1464; x_wconf 78' lang='lat' dir='ltr'><strong>non⁸</strong></span> <span class='ocrx_word' id='word_1_112' title='bbox 863 1411 1013 1478; x_wconf 82' lang='lat' dir='ltr'><strong>deseruit;</strong></span> <span class='ocrx_word' id='word_1_113' title='bbox 1033 1419 1063 1466; x_wconf 90' lang='lat' dir='ltr'><strong>et</strong></span> <span class='ocrx_word' id='word_1_114' title='bbox 1076 1411 1143 1482; x_wconf 90' lang='lat' dir='ltr'><strong>ipso</strong></span> <span class='ocrx_word' id='word_1_115' title='bbox 1157 1411 1289 1469; x_wconf 88' lang='lat' dir='ltr'><strong>ducente</strong></span> <span class='ocrx_word' id='word_1_116' title='bbox 1303 1431 1367 1486; x_wconf 91' lang='lat' dir='ltr'><strong>quo</strong></span> <span class='ocrx_word' id='word_1_117' title='bbox 1389 1433 1454 1487; x_wconf 86' lang='lat' dir='ltr'><strong>pne·</strong></span> 
     </span>
     <span class='ocr_line' id='line_1_13' title="bbox 296 1497 1453 1570; baseline 0.003 -16"><span class='ocrx_word' id='word_1_118' title='bbox 296 1498 461 1568; x_wconf 84' lang='lat' dir='ltr'><strong>monente⁸,</strong></span> <span class='ocrx_word' id='word_1_119' title='bbox 478 1499 515 1554; x_wconf 90' lang='lat' dir='ltr'><strong>ad</strong></span> <span class='ocrx_word' id='word_1_120' title='bbox 536 1497 634 1554; x_wconf 91' lang='lat' dir='ltr'><strong>locum</strong></span> <span class='ocrx_word' id='word_1_121' title='bbox 654 1497 709 1553; x_wconf 91' lang='lat' dir='ltr'><strong>sibi</strong></span> <span class='ocrx_word' id='word_1_122' title='bbox 730 1514 747 1552; x_wconf 89' lang='lat' dir='ltr'><strong>a</strong></span> <span class='ocrx_word' id='word_1_123' title='bbox 772 1497 830 1554; x_wconf 89' lang='lat' dir='ltr'><strong>deo</strong></span> <span class='ocrx_word' id='word_1_124' title='bbox 850 1506 1042 1570; x_wconf 85' lang='lat' dir='ltr'><strong>preparatum</strong></span> <span class='ocrx_word' id='word_1_125' title='bbox 1064 1497 1352 1557; x_wconf 75' lang='lat' dir='ltr'><strong>deuenit-&#39;Distat</strong></span> <span class='ocrx_word' id='word_1_126' title='bbox 1373 1503 1453 1557; x_wconf 89' lang='lat' dir='ltr'><strong>enim</strong></span> 
     </span>
     <span class='ocr_line' id='line_1_14' title="bbox 296 1583 1454 1646; baseline 0.003 -5"><span class='ocrx_word' id='word_1_127' title='bbox 296 1587 437 1642; x_wconf 88' lang='lat' dir='ltr'><strong>heremus</strong></span> <span class='ocrx_word' id='word_1_128' title='bbox 450 1585 500 1642; x_wconf 86' lang='lat' dir='ltr'><strong>illa</strong></span> <span class='ocrx_word' id='word_1_129' title='bbox 517 1602 535 1640; x_wconf 86' lang='lat' dir='ltr'><strong>a</strong></span> <span class='ocrx_word' id='word_1_130' title='bbox 551 1584 645 1642; x_wconf 87' lang='lat' dir='ltr'><strong>sancti</strong></span> <span class='ocrx_word' id='word_1_131' title='bbox 664 1584 781 1640; x_wconf 89' lang='lat' dir='ltr'><strong>Petroci</strong></span> <span class='ocrx_word' id='word_1_132' title='bbox 796 1583 827 1640; x_wconf 93' lang='lat' dir='ltr'><strong>in</strong></span> <span class='ocrx_word' id='word_1_133' title='bbox 844 1585 994 1640; x_wconf 89' lang='lat' dir='ltr'><strong>Cornubia</strong></span> <span class='ocrx_word' id='word_1_134' title='bbox 1007 1585 1189 1642; x_wconf 87' lang='lat' dir='ltr'><strong>monasterio</strong></span> <span class='ocrx_word' id='word_1_135' title='bbox 1202 1586 1374 1646; x_wconf 87' lang='lat' dir='ltr'><strong>miliaribus</strong></span> <span class='ocrx_word' id='word_1_136' title='bbox 1393 1589 1454 1646; x_wconf 92' lang='lat' dir='ltr'><strong>fere</strong></span> 
     </span>
     <span class='ocr_line' id='line_1_15' title="bbox 295 1671 1454 1744; baseline 0.002 -15"><span class='ocrx_word' id='word_1_137' title='bbox 295 1674 409 1740; x_wconf 90' lang='lat' dir='ltr'><strong>decem,</strong></span> <span class='ocrx_word' id='word_1_138' title='bbox 423 1683 453 1730; x_wconf 89' lang='lat' dir='ltr'><strong>et</strong></span> <span class='ocrx_word' id='word_1_139' title='bbox 465 1683 558 1730; x_wconf 88' lang='lat' dir='ltr'><strong>tracto</strong></span> <span class='ocrx_word' id='word_1_140' title='bbox 575 1673 613 1728; x_wconf 89' lang='lat' dir='ltr'><strong>ab</strong></span> <span class='ocrx_word' id='word_1_141' title='bbox 630 1674 696 1744; x_wconf 86' lang='lat' dir='ltr'><strong>ipso</strong></span> <span class='ocrx_word' id='word_1_142' title='bbox 714 1671 779 1728; x_wconf 88' lang='lat' dir='ltr'><strong>viro</strong></span> <span class='ocrx_word' id='word_1_143' title='bbox 798 1671 846 1728; x_wconf 91' lang='lat' dir='ltr'><strong>dei</strong></span> <span class='ocrx_word' id='word_1_144' title='bbox 862 1671 984 1728; x_wconf 91' lang='lat' dir='ltr'><strong>nomine</strong></span> <span class='ocrx_word' id='word_1_145' title='bbox 1000 1674 1037 1728; x_wconf 87' lang='lat' dir='ltr'><strong>ab</strong></span> <span class='ocrx_word' id='word_1_146' title='bbox 1054 1673 1159 1730; x_wconf 90' lang='lat' dir='ltr'><strong>ineolis</strong></span> <span class='ocrx_word' id='word_1_147' title='bbox 1176 1674 1259 1730; x_wconf 90' lang='lat' dir='ltr'><strong>locus</strong></span> <span class='ocrx_word' id='word_1_148' title='bbox 1279 1675 1331 1732; x_wconf 90' lang='lat' dir='ltr'><strong>ille</strong></span> <span class='ocrx_word' id='word_1_149' title='bbox 1348 1677 1454 1733; x_wconf 80' lang='lat' dir='ltr'><strong>‘Nect-</strong></span> 
     </span>
     <span class='ocr_line' id='line_1_16' title="bbox 253 1758 1454 1838; baseline 0 -18"><span class='ocrx_word' id='word_1_150' title='bbox 253 1785 281 1836; x_wconf 78' lang='lat'><strong>¹5</strong></span> <span class='ocrx_word' id='word_1_151' title='bbox 296 1761 398 1816; x_wconf 87' lang='lat' dir='ltr'><strong>stoke&#39;</strong></span> <span class='ocrx_word' id='word_1_152' title='bbox 412 1760 627 1833; x_wconf 85' lang='lat' dir='ltr'><strong>appellatur.⁷—</strong></span> <span class='ocrx_word' id='word_1_153' title='bbox 634 1759 705 1816; x_wconf 82' lang='lat' dir='ltr'><strong>Erat</strong></span> <span class='ocrx_word' id='word_1_154' title='bbox 722 1768 822 1815; x_wconf 88' lang='lat' dir='ltr'><strong>autem</strong></span> <span class='ocrx_word' id='word_1_155' title='bbox 841 1758 925 1816; x_wconf 89' lang='lat' dir='ltr'><strong>locus</strong></span> <span class='ocrx_word' id='word_1_156' title='bbox 944 1759 993 1816; x_wconf 93' lang='lat' dir='ltr'><strong>ille</strong></span> <span class='ocrx_word' id='word_1_157' title='bbox 1012 1777 1199 1829; x_wconf 90' lang='lat' dir='ltr'><strong>nemorosus,</strong></span> <span class='ocrx_word' id='word_1_158' title='bbox 1212 1759 1317 1820; x_wconf 89' lang='lat' dir='ltr'><strong>ssuuiis</strong></span> <span class='ocrx_word' id='word_1_159' title='bbox 1335 1764 1454 1838; x_wconf 80' lang='lat' dir='ltr'><strong>perspi·</strong></span> 
     </span>
     <span class='ocr_line' id='line_1_17' title="bbox 295 1832 1455 1923; baseline 0.002 -19"><span class='ocrx_word' id='word_1_160' title='bbox 295 1865 378 1918; x_wconf 90' lang='lat' dir='ltr'><strong>cuus,</strong></span> <span class='ocrx_word' id='word_1_161' title='bbox 392 1856 421 1904; x_wconf 95' lang='lat' dir='ltr'><strong>et</strong></span> <span class='ocrx_word' id='word_1_162' title='bbox 438 1849 512 1903; x_wconf 86' lang='lat' dir='ltr'><strong>mari</strong></span> <span class='ocrx_word' id='word_1_163' title='bbox 529 1845 637 1903; x_wconf 86' lang='lat' dir='ltr'><strong>affinis.</strong></span> <span class='ocrx_word' id='word_1_164' title='bbox 710 1832 889 1904; x_wconf 79' lang='lat' dir='ltr'><strong>Transactis</strong></span> <span class='ocrx_word' id='word_1_165' title='bbox 906 1857 1007 1903; x_wconf 88' lang='lat' dir='ltr'><strong>autem</strong></span> <span class='ocrx_word' id='word_1_166' title='bbox 1026 1847 1056 1902; x_wconf 91' lang='lat' dir='ltr'><strong>in</strong></span> <span class='ocrx_word' id='word_1_167' title='bbox 1075 1848 1140 1903; x_wconf 91' lang='lat' dir='ltr'><strong>loco</strong></span> <span class='ocrx_word' id='word_1_168' title='bbox 1156 1848 1206 1903; x_wconf 91' lang='lat' dir='ltr'><strong>illo</strong></span> <span class='ocrx_word' id='word_1_169' title='bbox 1218 1847 1249 1904; x_wconf 93' lang='lat' dir='ltr'><strong>in</strong></span> <span class='ocrx_word' id='word_1_170' title='bbox 1263 1866 1378 1923; x_wconf 84' lang='lat' dir='ltr'><strong>magna</strong></span> <span class='ocrx_word' id='word_1_171' title='bbox 1397 1853 1455 1908; x_wconf 85' lang='lat' dir='ltr'><strong>vite</strong></span> 
     </span>
     <span class='ocr_line' id='line_1_18' title="bbox 295 1933 1454 2010; baseline 0.003 -17"><span class='ocrx_word' id='word_1_172' title='bbox 295 1935 478 2010; x_wconf 85' lang='lat' dir='ltr'><strong>perfectione</strong></span> <span class='ocrx_word' id='word_1_173' title='bbox 488 1944 604 2008; x_wconf 87' lang='lat' dir='ltr'><strong>septem</strong></span> <span class='ocrx_word' id='word_1_174' title='bbox 613 1933 711 2000; x_wconf 89' lang='lat' dir='ltr'><strong>annis,</strong></span> <span class='ocrx_word' id='word_1_175' title='bbox 723 1933 849 1990; x_wconf 88' lang='lat' dir='ltr'><strong>Romam</strong></span> <span class='ocrx_word' id='word_1_176' title='bbox 860 1935 1021 2008; x_wconf 89' lang='lat' dir='ltr'><strong>profectus,</strong></span> <span class='ocrx_word' id='word_1_177' title='bbox 1031 1953 1049 1990; x_wconf 89' lang='lat' dir='ltr'><strong>a</strong></span> <span class='ocrx_word' id='word_1_178' title='bbox 1059 1953 1137 2008; x_wconf 91' lang='lat' dir='ltr'><strong>papa</strong></span> <span class='ocrx_word' id='word_1_179' title='bbox 1147 1935 1277 1993; x_wconf 89' lang='lat' dir='ltr'><strong>Martino</strong></span> <span class='ocrx_word' id='word_1_180' title='bbox 1286 1937 1454 1996; x_wconf 87' lang='lat' dir='ltr'><strong>honorilice</strong></span> 
     </span>
     <span class='ocr_line' id='line_1_19' title="bbox 297 2022 1454 2097; baseline -0.001 -16"><span class='ocrx_word' id='word_1_181' title='bbox 297 2025 468 2097; x_wconf 90' lang='lat' dir='ltr'><strong>suscipitur.</strong></span> <span class='ocrx_word' id='word_1_182' title='bbox 495 2023 632 2095; x_wconf 89' lang='lat' dir='ltr'><strong>Vtroque</strong></span> <span class='ocrx_word' id='word_1_183' title='bbox 650 2022 774 2079; x_wconf 86' lang='lat' dir='ltr'><strong>alterius</strong></span> <span class='ocrx_word' id='word_1_184' title='bbox 789 2031 922 2079; x_wconf 88' lang='lat' dir='ltr'><strong>recreato</strong></span> <span class='ocrx_word' id='word_1_185' title='bbox 938 2023 1093 2092; x_wconf 90' lang='lat' dir='ltr'><strong>solamine,</strong></span> <span class='ocrx_word' id='word_1_186' title='bbox 1106 2023 1254 2096; x_wconf 89' lang='lat' dir='ltr'><strong>postulata</strong></span> <span class='ocrx_word' id='word_1_187' title='bbox 1273 2043 1347 2081; x_wconf 90' lang='lat' dir='ltr'><strong>cum</strong></span> <span class='ocrx_word' id='word_1_188' title='bbox 1365 2028 1454 2082; x_wconf 81' lang='lat' dir='ltr'><strong>bene</strong></span> 
     </span>
     <span class='ocr_line' id='line_1_20' title="bbox 296 2110 1454 2184; baseline -0.002 -15"><span class='ocrx_word' id='word_1_189' title='bbox 296 2113 424 2170; x_wconf 87' lang='lat' dir='ltr'><strong>dictione</strong></span> <span class='ocrx_word' id='word_1_190' title='bbox 443 2119 623 2184; x_wconf 84' lang='lat' dir='ltr'><strong>assequutus</strong></span> <span class='ocrx_word' id='word_1_191' title='bbox 640 2111 761 2166; x_wconf 87' lang='lat' dir='ltr'><strong>domurn</strong></span> <span class='ocrx_word' id='word_1_192' title='bbox 784 2110 889 2178; x_wconf 87' lang='lat' dir='ltr'><strong>rediit;</strong></span> <span class='ocrx_word' id='word_1_193' title='bbox 909 2118 939 2166; x_wconf 89' lang='lat' dir='ltr'><strong>et</strong></span> <span class='ocrx_word' id='word_1_194' title='bbox 955 2120 1125 2166; x_wconf 90' lang='lat' dir='ltr'><strong>constructo</strong></span> <span class='ocrx_word' id='word_1_195' title='bbox 1144 2112 1330 2168; x_wconf 85' lang='lat' dir='ltr'><strong>monasterio</strong></span> <span class='ocrx_word' id='word_1_196' title='bbox 1351 2130 1454 2170; x_wconf 91' lang='lat' dir='ltr'><strong>mona·</strong></span> 
     </span>
     <span class='ocr_line' id='line_1_21' title="bbox 252 2196 1453 2272; baseline -0.003 -14"><span class='ocrx_word' id='word_1_197' title='bbox 252 2226 283 2262; x_wconf 67' lang='grc' dir='ltr'><strong>πο</strong></span> <span class='ocrx_word' id='word_1_198' title='bbox 297 2201 369 2257; x_wconf 90' lang='lat' dir='ltr'><strong>chos</strong></span> <span class='ocrx_word' id='word_1_199' title='bbox 382 2199 585 2272; x_wconf 79' lang='lat' dir='ltr'><strong>congregauit,</strong></span> <span class='ocrx_word' id='word_1_200' title='bbox 596 2206 625 2254; x_wconf 92' lang='lat' dir='ltr'><strong>et</strong></span> <span class='ocrx_word' id='word_1_201' title='bbox 638 2197 787 2270; x_wconf 82' lang='lat' dir='ltr'><strong>frequenti</strong></span> <span class='ocrx_word' id='word_1_202' title='bbox 800 2196 976 2270; x_wconf 77' lang='lat' dir='ltr'><strong>angelorum</strong></span> <span class='ocrx_word' id='word_1_203' title='bbox 989 2197 1158 2254; x_wconf 88' lang='lat' dir='ltr'><strong>visitatione</strong></span> <span class='ocrx_word' id='word_1_204' title='bbox 1171 2199 1321 2254; x_wconf 90' lang='lat' dir='ltr'><strong>consolari</strong></span> <span class='ocrx_word' id='word_1_205' title='bbox 1336 2201 1453 2257; x_wconf 87' lang='lat' dir='ltr'><strong>meruit.</strong></span> 
     </span>
     <span class='ocr_line' id='line_1_22' title="bbox 299 2277 1454 2359; baseline -0.002 -15"><span class='ocrx_word' id='word_1_206' title='bbox 299 2277 377 2344; x_wconf 86' lang='lat' dir='ltr'><strong>Erat</strong></span> <span class='ocrx_word' id='word_1_207' title='bbox 390 2287 495 2358; x_wconf 89' lang='lat' dir='ltr'><strong>[enirn]</strong></span> <span class='ocrx_word' id='word_1_208' title='bbox 505 2289 515 2318; x_wconf 78' lang='lat'>⁸</span> <span class='ocrx_word' id='word_1_209' title='bbox 527 2285 556 2342; x_wconf 93' lang='lat' dir='ltr'><strong>in</strong></span> <span class='ocrx_word' id='word_1_210' title='bbox 571 2285 620 2342; x_wconf 92' lang='lat' dir='ltr'><strong>illo</strong></span> <span class='ocrx_word' id='word_1_211' title='bbox 637 2285 702 2340; x_wconf 90' lang='lat' dir='ltr'><strong>loco</strong></span> <span class='ocrx_word' id='word_1_212' title='bbox 717 2285 785 2341; x_wconf 91' lang='lat' dir='ltr'><strong>fons</strong></span> <span class='ocrx_word' id='word_1_213' title='bbox 802 2285 940 2358; x_wconf 85' lang='lat' dir='ltr'><strong>irriguus,</strong></span> <span class='ocrx_word' id='word_1_214' title='bbox 959 2285 989 2340; x_wconf 94' lang='lat' dir='ltr'><strong>in</strong></span> <span class='ocrx_word' id='word_1_215' title='bbox 1006 2303 1066 2358; x_wconf 93' lang='lat' dir='ltr'><strong>quo</strong></span> <span class='ocrx_word' id='word_1_216' title='bbox 1080 2285 1127 2340; x_wconf 89' lang='lat' dir='ltr'><strong>vir</strong></span> <span class='ocrx_word' id='word_1_217' title='bbox 1145 2285 1194 2342; x_wconf 92' lang='lat' dir='ltr'><strong>dei</strong></span> <span class='ocrx_word' id='word_1_218' title='bbox 1212 2293 1276 2342; x_wconf 88' lang='lat' dir='ltr'><strong>tres</strong></span> <span class='ocrx_word' id='word_1_219' title='bbox 1293 2288 1454 2359; x_wconf 87' lang='lat' dir='ltr'><strong>pisciculos</strong></span> 
     </span>
     <span class='ocr_line' id='line_1_23' title="bbox 297 2372 1453 2448; baseline -0.003 -15"><span class='ocrx_word' id='word_1_220' title='bbox 297 2376 464 2444; x_wconf 89' lang='lat' dir='ltr'><strong>inueniens,</strong></span> <span class='ocrx_word' id='word_1_221' title='bbox 477 2384 602 2447; x_wconf 79' lang='lat' dir='ltr'><strong>tangere</strong></span> <span class='ocrx_word' id='word_1_222' title='bbox 615 2391 675 2430; x_wconf 89' lang='lat' dir='ltr'><strong>non</strong></span> <span class='ocrx_word' id='word_1_223' title='bbox 689 2373 882 2446; x_wconf 84' lang='lat' dir='ltr'><strong>presumpsit,</strong></span> <span class='ocrx_word' id='word_1_224' title='bbox 896 2373 991 2430; x_wconf 91' lang='lat' dir='ltr'><strong>donec</strong></span> <span class='ocrx_word' id='word_1_225' title='bbox 1004 2372 1187 2429; x_wconf 88' lang='lat' dir='ltr'><strong>reuelatione</strong></span> <span class='ocrx_word' id='word_1_226' title='bbox 1206 2372 1309 2430; x_wconf 88' lang='lat' dir='ltr'><strong>diuina</strong></span> <span class='ocrx_word' id='word_1_227' title='bbox 1321 2377 1399 2448; x_wconf 91' lang='lat' dir='ltr'><strong>quid</strong></span> <span class='ocrx_word' id='word_1_228' title='bbox 1419 2378 1453 2431; x_wconf 91' lang='lat' dir='ltr'><strong>de</strong></span> 
     </span>
     <span class='ocr_line' id='line_1_24' title="bbox 296 2460 1454 2537; baseline -0.003 -16"><span class='ocrx_word' id='word_1_229' title='bbox 296 2465 340 2522; x_wconf 91' lang='lat' dir='ltr'><strong>eis</strong></span> <span class='ocrx_word' id='word_1_230' title='bbox 360 2464 509 2537; x_wconf 80' lang='lat' dir='ltr'><strong>agendum</strong></span> <span class='ocrx_word' id='word_1_231' title='bbox 528 2462 605 2518; x_wconf 92' lang='lat' dir='ltr'><strong>foret</strong></span> <span class='ocrx_word' id='word_1_232' title='bbox 624 2471 810 2534; x_wconf 82' lang='lat' dir='ltr'><strong>agnosceret.</strong></span> <span class='ocrx_word' id='word_1_233' title='bbox 847 2461 974 2533; x_wconf 84' lang='lat' dir='ltr'><strong>Accepit</strong></span> <span class='ocrx_word' id='word_1_234' title='bbox 992 2477 1122 2533; x_wconf 88' lang='lat' dir='ltr'><strong>namque</strong></span> <span class='ocrx_word' id='word_1_235' title='bbox 1141 2461 1178 2516; x_wconf 88' lang='lat' dir='ltr'><strong>ab</strong></span> <span class='ocrx_word' id='word_1_236' title='bbox 1196 2460 1306 2534; x_wconf 81' lang='lat' dir='ltr'><strong>angelo</strong></span> <span class='ocrx_word' id='word_1_237' title='bbox 1327 2466 1390 2533; x_wconf 89' lang='lat' dir='ltr'><strong>(vir</strong></span> <span class='ocrx_word' id='word_1_238' title='bbox 1410 2464 1454 2520; x_wconf 89' lang='lat' dir='ltr'><strong>ille</strong></span> 
     </span>
     <span class='ocr_line' id='line_1_25' title="bbox 296 2548 1454 2622; baseline -0.003 -14"><span class='ocrx_word' id='word_1_239' title='bbox 296 2553 412 2622; x_wconf 89' lang='lat' dir='ltr'><strong>beatus)</strong></span> <span class='ocrx_word' id='word_1_240' title='bbox 422 2552 432 2583; x_wconf 78' lang='lat'><strong>⁹</strong></span> <span class='ocrx_word' id='word_1_241' title='bbox 444 2550 586 2606; x_wconf 87' lang='lat' dir='ltr'><strong>diuinitus</strong></span> <span class='ocrx_word' id='word_1_242' title='bbox 596 2565 778 2622; x_wconf 88' lang='lat' dir='ltr'><strong>responsum</strong></span> <span class='ocrx_word' id='word_1_243' title='bbox 792 2557 822 2604; x_wconf 93' lang='lat' dir='ltr'><strong>et</strong></span> <span class='ocrx_word' id='word_1_244' title='bbox 835 2548 1078 2616; x_wconf 83' lang='lat' dir='ltr'><strong>admonitionem,</strong></span> <span class='ocrx_word' id='word_1_245' title='bbox 1091 2557 1122 2604; x_wconf 88' lang='lat' dir='ltr'><strong>vt</strong></span> <span class='ocrx_word' id='word_1_246' title='bbox 1134 2548 1260 2620; x_wconf 86' lang='lat' dir='ltr'><strong>singulis</strong></span> <span class='ocrx_word' id='word_1_247' title='bbox 1273 2549 1398 2618; x_wconf 91' lang='lat' dir='ltr'><strong>diebus,</strong></span> <span class='ocrx_word' id='word_1_248' title='bbox 1411 2551 1454 2606; x_wconf 83' lang='lat' dir='ltr'><strong>vel</strong></span> 
     </span>
     <span class='ocr_line' id='line_1_26' title="bbox 253 2635 1456 2714; baseline -0.002 -16"><span class='ocrx_word' id='word_1_249' title='bbox 253 2665 282 2714; x_wconf 79' lang='lat'><strong>²5</strong></span> <span class='ocrx_word' id='word_1_250' title='bbox 296 2637 608 2713; x_wconf 85' lang='lat' dir='ltr'><strong>quotiensexpediens</strong></span> <span class='ocrx_word' id='word_1_251' title='bbox 620 2636 697 2692; x_wconf 88' lang='lat' dir='ltr'><strong>foret</strong></span> <span class='ocrx_word' id='word_1_252' title='bbox 705 2637 735 2706; x_wconf 83' lang='lat'><strong>¹⁰,</strong></span> <span class='ocrx_word' id='word_1_253' title='bbox 743 2653 836 2691; x_wconf 88' lang='lat' dir='ltr'><strong>vnum</strong></span> <span class='ocrx_word' id='word_1_254' title='bbox 848 2637 975 2706; x_wconf 88' lang='lat' dir='ltr'><strong>(tanturn</strong></span> <span class='ocrx_word' id='word_1_255' title='bbox 985 2635 1173 2709; x_wconf 89' lang='lat' dir='ltr'><strong>pisciculum)</strong></span> <span class='ocrx_word' id='word_1_256' title='bbox 1185 2635 1204 2668; x_wconf 83' lang='lat'><strong>¹¹</strong></span> <span class='ocrx_word' id='word_1_257' title='bbox 1214 2636 1381 2709; x_wconf 88' lang='lat' dir='ltr'><strong>accipiens,</strong></span> <span class='ocrx_word' id='word_1_258' title='bbox 1390 2639 1456 2695; x_wconf 89' lang='lat' dir='ltr'><strong>reli·</strong></span> 
     </span>
     <span class='ocr_line' id='line_1_27' title="bbox 296 2723 1455 2800; baseline 0.001 -17"><span class='ocrx_word' id='word_1_259' title='bbox 296 2744 372 2800; x_wconf 90' lang='lat' dir='ltr'><strong>quos</strong></span> <span class='ocrx_word' id='word_1_260' title='bbox 380 2726 484 2783; x_wconf 80' lang='lat' dir='ltr'><strong>¹¹duos</strong></span> <span class='ocrx_word' id='word_1_261' title='bbox 497 2741 620 2796; x_wconf 89' lang='lat' dir='ltr'><strong>semper</strong></span> <span class='ocrx_word' id='word_1_262' title='bbox 632 2733 826 2780; x_wconf 89' lang='lat' dir='ltr'><strong>conseruaret</strong></span> <span class='ocrx_word' id='word_1_263' title='bbox 838 2723 973 2780; x_wconf 86' lang='lat' dir='ltr'><strong>intactos.</strong></span> <span class='ocrx_word' id='word_1_264' title='bbox 1004 2724 1140 2796; x_wconf 89' lang='lat' dir='ltr'><strong>Cumque</strong></span> <span class='ocrx_word' id='word_1_265' title='bbox 1148 2741 1207 2780; x_wconf 88' lang='lat' dir='ltr'><strong>vno</strong></span> <span class='ocrx_word' id='word_1_266' title='bbox 1215 2724 1334 2780; x_wconf 87' lang='lat' dir='ltr'><strong>sublato</strong></span> <span class='ocrx_word' id='word_1_267' title='bbox 1344 2726 1369 2758; x_wconf 81' lang='lat'><strong>¹³</strong></span> <span class='ocrx_word' id='word_1_268' title='bbox 1377 2745 1455 2784; x_wconf 88' lang='lat' dir='ltr'><strong>sem·</strong></span> 
     </span>
     <span class='ocr_line' id='line_1_28' title="bbox 296 2811 1455 2889; baseline 0.002 -19"><span class='ocrx_word' id='word_1_269' title='bbox 296 2832 353 2889; x_wconf 89' lang='lat' dir='ltr'><strong>per</strong></span> <span class='ocrx_word' id='word_1_270' title='bbox 366 2815 426 2870; x_wconf 91' lang='lat' dir='ltr'><strong>duo</strong></span> <span class='ocrx_word' id='word_1_271' title='bbox 435 2812 535 2869; x_wconf 89' lang='lat' dir='ltr'><strong>illibati</strong></span> <span class='ocrx_word' id='word_1_272' title='bbox 543 2811 792 2884; x_wconf 88' lang='lat' dir='ltr'><strong>permansissent,</strong></span> <span class='ocrx_word' id='word_1_273' title='bbox 800 2813 830 2867; x_wconf 95' lang='lat' dir='ltr'><strong>in</strong></span> <span class='ocrx_word' id='word_1_274' title='bbox 841 2811 970 2868; x_wconf 90' lang='lat' dir='ltr'><strong>crastino</strong></span> <span class='ocrx_word' id='word_1_275' title='bbox 983 2811 1084 2867; x_wconf 88' lang='lat' dir='ltr'><strong>diuina</strong></span> <span class='ocrx_word' id='word_1_276' title='bbox 1093 2811 1201 2868; x_wconf 88' lang='lat' dir='ltr'><strong>virtute</strong></span> <span class='ocrx_word' id='word_1_277' title='bbox 1211 2811 1430 2884; x_wconf 90' lang='lat' dir='ltr'><strong>pisciculorum</strong></span> <span class='ocrx_word' id='word_1_278' title='bbox 1439 2815 1455 2846; x_wconf 78' lang='lat'><strong>¹⁴</strong></span> 
     </span>
     <span class='ocr_line' id='line_1_29' title="bbox 298 2887 1456 2973; baseline -0.001 -14"><span class='ocrx_word' id='word_1_279' title='bbox 298 2919 441 2959; x_wconf 86' lang='lat' dir='ltr'><strong>numerus</strong></span> <span class='ocrx_word' id='word_1_280' title='bbox 456 2899 662 2973; x_wconf 88' lang='lat' dir='ltr'><strong>reperiebatur</strong></span> <span class='ocrx_word' id='word_1_281' title='bbox 679 2897 822 2972; x_wconf 87' lang='lat' dir='ltr'><strong>prefatus.</strong></span> <span class='ocrx_word' id='word_1_282' title='bbox 893 2887 1016 2955; x_wconf 88' lang='lat' dir='ltr'><strong>Accidit</strong></span> <span class='ocrx_word' id='word_1_283' title='bbox 1034 2899 1116 2954; x_wconf 91' lang='lat' dir='ltr'><strong>enim</strong></span> <span class='ocrx_word' id='word_1_284' title='bbox 1134 2909 1165 2956; x_wconf 90' lang='lat' dir='ltr'><strong>vt</strong></span> <span class='ocrx_word' id='word_1_285' title='bbox 1182 2899 1228 2956; x_wconf 86' lang='lat' dir='ltr'><strong>vir</strong></span> <span class='ocrx_word' id='word_1_286' title='bbox 1247 2900 1295 2956; x_wconf 89' lang='lat' dir='ltr'><strong>dei</strong></span> <span class='ocrx_word' id='word_1_287' title='bbox 1316 2904 1456 2960; x_wconf 86' lang='lat' dir='ltr'><strong>molestia</strong></span> 
     </span>
     <span class='ocr_line' id='line_1_30' title="bbox 296 2986 1456 3064; baseline 0.002 -18"><span class='ocrx_word' id='word_1_288' title='bbox 296 2989 430 3064; x_wconf 76' lang='lat' dir='ltr'><strong>corporIs</strong></span> <span class='ocrx_word' id='word_1_289' title='bbox 443 2990 583 3045; x_wconf 89' lang='lat' dir='ltr'><strong>detentus</strong></span> <span class='ocrx_word' id='word_1_290' title='bbox 595 2987 646 3043; x_wconf 83' lang='lat' dir='ltr'><strong>vix</strong></span> <span class='ocrx_word' id='word_1_291' title='bbox 659 2986 759 3059; x_wconf 89' lang='lat' dir='ltr'><strong>aliquo</strong></span> <span class='ocrx_word' id='word_1_292' title='bbox 770 2995 945 3044; x_wconf 86' lang='lat' dir='ltr'><strong>vesceretur</strong></span> <span class='ocrx_word' id='word_1_293' title='bbox 962 2987 1078 3044; x_wconf 85' lang='lat' dir='ltr'><strong>edulio:</strong></span> <span class='ocrx_word' id='word_1_294' title='bbox 1099 2987 1227 3044; x_wconf 89' lang='lat' dir='ltr'><strong>famulus</strong></span> <span class='ocrx_word' id='word_1_295' title='bbox 1239 2988 1372 3060; x_wconf 86' lang='lat' dir='ltr'><strong>proinde</strong></span> <span class='ocrx_word' id='word_1_296' title='bbox 1393 2993 1456 3048; x_wconf 88' lang='lat' dir='ltr'><strong>eius</strong></span> 
     </span>
     <span class='ocr_line' id='line_1_31' title="bbox 253 3072 1455 3148; baseline 0.001 -14"><span class='ocrx_word' id='word_1_297' title='bbox 253 3100 283 3148; x_wconf 77' lang='lat'><strong>30</strong></span> <span class='ocrx_word' id='word_1_298' title='bbox 299 3077 421 3134; x_wconf 88' lang='lat' dir='ltr'><strong>Barrius</strong></span> <span class='ocrx_word' id='word_1_299' title='bbox 438 3075 601 3133; x_wconf 91' lang='lat' dir='ltr'><strong>condolens</strong></span> <span class='ocrx_word' id='word_1_300' title='bbox 617 3083 646 3130; x_wconf 91' lang='lat' dir='ltr'><strong>et</strong></span> <span class='ocrx_word' id='word_1_301' title='bbox 663 3073 857 3147; x_wconf 87' lang='lat' dir='ltr'><strong>compatiens,</strong></span> <span class='ocrx_word' id='word_1_302' title='bbox 876 3076 952 3131; x_wconf 89' lang='lat' dir='ltr'><strong>duos</strong></span> <span class='ocrx_word' id='word_1_303' title='bbox 970 3074 1007 3130; x_wconf 91' lang='lat' dir='ltr'><strong>de</strong></span> <span class='ocrx_word' id='word_1_304' title='bbox 1026 3072 1106 3130; x_wconf 89' lang='lat' dir='ltr'><strong>fonte</strong></span> <span class='ocrx_word' id='word_1_305' title='bbox 1122 3074 1262 3132; x_wconf 78' lang='lat' dir='ltr'><strong>auferens</strong></span> <span class='ocrx_word' id='word_1_306' title='bbox 1281 3076 1455 3148; x_wconf 80' lang='lat' dir='ltr'><strong>pisciculos,</strong></span> 
     </span>
     <span class='ocr_line' id='line_1_32' title="bbox 297 3161 1456 3239; baseline 0 -17"><span class='ocrx_word' id='word_1_307' title='bbox 297 3183 390 3222; x_wconf 88' lang='lat' dir='ltr'><strong>vnum</strong></span> <span class='ocrx_word' id='word_1_308' title='bbox 408 3173 550 3232; x_wconf 88' lang='lat' dir='ltr'><strong>assatum,</strong></span> <span class='ocrx_word' id='word_1_309' title='bbox 563 3162 691 3219; x_wconf 87' lang='lat' dir='ltr'><strong>aiterum</strong></span> <span class='ocrx_word' id='word_1_310' title='bbox 712 3163 823 3218; x_wconf 84' lang='lat' dir='ltr'><strong>elixum</strong></span> <span class='ocrx_word' id='word_1_311' title='bbox 842 3161 964 3218; x_wconf 90' lang='lat' dir='ltr'><strong>domino</strong></span> <span class='ocrx_word' id='word_1_312' title='bbox 983 3178 1039 3218; x_wconf 90' lang='lat' dir='ltr'><strong>suo</strong></span> <span class='ocrx_word' id='word_1_313' title='bbox 1058 3161 1089 3217; x_wconf 95' lang='lat' dir='ltr'><strong>in</strong></span> <span class='ocrx_word' id='word_1_314' title='bbox 1111 3161 1195 3218; x_wconf 91' lang='lat' dir='ltr'><strong>disco</strong></span> <span class='ocrx_word' id='word_1_315' title='bbox 1214 3163 1327 3226; x_wconf 90' lang='lat' dir='ltr'><strong>obtulit,</strong></span> <span class='ocrx_word' id='word_1_316' title='bbox 1340 3183 1456 3239; x_wconf 83' lang='lat' dir='ltr'><strong>rogans</strong></span> 
     </span>
     <span class='ocr_line' id='line_1_33' title="bbox 296 3249 1456 3324; baseline 0 -14"><span class='ocrx_word' id='word_1_317' title='bbox 296 3271 367 3310; x_wconf 90' lang='lat' dir='ltr'><strong>eum</strong></span> <span class='ocrx_word' id='word_1_318' title='bbox 388 3261 418 3308; x_wconf 88' lang='lat' dir='ltr'><strong>et</strong></span> <span class='ocrx_word' id='word_1_319' title='bbox 439 3251 572 3308; x_wconf 89' lang='lat' dir='ltr'><strong>excitans</strong></span> <span class='ocrx_word' id='word_1_320' title='bbox 592 3259 623 3306; x_wconf 89' lang='lat' dir='ltr'><strong>vt</strong></span> <span class='ocrx_word' id='word_1_321' title='bbox 644 3249 715 3306; x_wconf 91' lang='lat' dir='ltr'><strong>inde</strong></span> <span class='ocrx_word' id='word_1_322' title='bbox 736 3250 915 3306; x_wconf 89' lang='lat' dir='ltr'><strong>comederet.</strong></span> <span class='ocrx_word' id='word_1_323' title='bbox 952 3249 1088 3321; x_wconf 91' lang='lat' dir='ltr'><strong>Cumque</strong></span> <span class='ocrx_word' id='word_1_324' title='bbox 1109 3249 1155 3306; x_wconf 89' lang='lat' dir='ltr'><strong>vir</strong></span> <span class='ocrx_word' id='word_1_325' title='bbox 1176 3249 1224 3306; x_wconf 90' lang='lat' dir='ltr'><strong>dei</strong></span> <span class='ocrx_word' id='word_1_326' title='bbox 1246 3250 1327 3306; x_wconf 89' lang='lat' dir='ltr'><strong>vnde</strong></span> <span class='ocrx_word' id='word_1_327' title='bbox 1353 3254 1456 3324; x_wconf 89' lang='lat' dir='ltr'><strong>pisces</strong></span> 
     </span>
     <span class='ocr_line' id='line_1_34' title="bbox 298 3336 1457 3414; baseline 0 -18"><span class='ocrx_word' id='word_1_328' title='bbox 298 3340 377 3396; x_wconf 91' lang='lat' dir='ltr'><strong>allati</strong></span> <span class='ocrx_word' id='word_1_329' title='bbox 395 3339 522 3396; x_wconf 90' lang='lat' dir='ltr'><strong>fuissent</strong></span> <span class='ocrx_word' id='word_1_330' title='bbox 539 3337 722 3410; x_wconf 91' lang='lat' dir='ltr'><strong>requisisset,</strong></span> <span class='ocrx_word' id='word_1_331' title='bbox 737 3336 868 3405; x_wconf 89' lang='lat' dir='ltr'><strong>Barn&#39;us,</strong></span> <span class='ocrx_word' id='word_1_332' title='bbox 882 3337 1011 3409; x_wconf 86' lang='lat' dir='ltr'><strong>simplex</strong></span> <span class='ocrx_word' id='word_1_333' title='bbox 1027 3347 1056 3394; x_wconf 91' lang='lat' dir='ltr'><strong>et</strong></span> <span class='ocrx_word' id='word_1_334' title='bbox 1076 3336 1230 3402; x_wconf 91' lang='lat' dir='ltr'><strong>innocens,</strong></span> <span class='ocrx_word' id='word_1_335' title='bbox 1243 3339 1323 3410; x_wconf 92' lang='lat' dir='ltr'><strong>quod</strong></span> <span class='ocrx_word' id='word_1_336' title='bbox 1336 3340 1457 3414; x_wconf 90' lang='lat' dir='ltr'><strong>simpli-</strong></span> 
     </span>
     <span class='ocr_line' id='line_1_35' title="bbox 298 3423 1456 3498; baseline 0.002 -15"><span class='ocrx_word' id='word_1_337' title='bbox 298 3427 372 3484; x_wconf 88' lang='lat' dir='ltr'><strong>citer</strong></span> <span class='ocrx_word' id='word_1_338' title='bbox 384 3426 479 3483; x_wconf 88' lang='lat' dir='ltr'><strong>fuerat</strong></span> <span class='ocrx_word' id='word_1_339' title='bbox 492 3425 601 3482; x_wconf 90' lang='lat' dir='ltr'><strong>facturn</strong></span> <span class='ocrx_word' id='word_1_340' title='bbox 616 3441 836 3497; x_wconf 82' lang='lat' dir='ltr'><strong>recognoscens</strong></span> <span class='ocrx_word' id='word_1_341' title='bbox 848 3425 977 3481; x_wconf 90' lang='lat' dir='ltr'><strong>ostendit</strong></span> <span class='ocrx_word' id='word_1_342' title='bbox 986 3423 1014 3481; x_wconf 78' lang='lat'><strong>¹³.</strong></span> <span class='ocrx_word' id='word_1_343' title='bbox 1052 3423 1152 3495; x_wconf 86' lang='lat' dir='ltr'><strong>‘ldeo,</strong></span> <span class='ocrx_word' id='word_1_344' title='bbox 1161 3425 1262 3498; x_wconf 90' lang='lat' dir='ltr'><strong>inquit,</strong></span> <span class='ocrx_word' id='word_1_345' title='bbox 1271 3437 1368 3498; x_wconf 87' lang='lat' dir='ltr'><strong>pater,</strong></span> <span class='ocrx_word' id='word_1_346' title='bbox 1378 3429 1456 3485; x_wconf 89' lang='lat' dir='ltr'><strong>duos</strong></span> 
     </span>
     <span class='ocr_line' id='line_1_36' title="bbox 253 3511 1456 3586; baseline 0 -14"><span class='ocrx_word' id='word_1_347' title='bbox 253 3535 283 3584; x_wconf 78' lang='lat'><strong>35</strong></span> <span class='ocrx_word' id='word_1_348' title='bbox 298 3517 336 3572; x_wconf 90' lang='lat' dir='ltr'><strong>de</strong></span> <span class='ocrx_word' id='word_1_349' title='bbox 345 3515 425 3570; x_wconf 91' lang='lat' dir='ltr'><strong>fonte</strong></span> <span class='ocrx_word' id='word_1_350' title='bbox 438 3513 597 3586; x_wconf 90' lang='lat' dir='ltr'><strong>pisciculos</strong></span> <span class='ocrx_word' id='word_1_351' title='bbox 606 3513 627 3545; x_wconf 81' lang='lat'><strong>¹⁸</strong></span> <span class='ocrx_word' id='word_1_352' title='bbox 636 3512 743 3570; x_wconf 88' lang='lat' dir='ltr'><strong>sustuli</strong></span> <span class='ocrx_word' id='word_1_353' title='bbox 752 3522 783 3568; x_wconf 91' lang='lat' dir='ltr'><strong>et</strong></span> <span class='ocrx_word' id='word_1_354' title='bbox 792 3512 913 3568; x_wconf 90' lang='lat' dir='ltr'><strong>diuerso</strong></span> <span class='ocrx_word' id='word_1_355' title='bbox 923 3513 1013 3568; x_wconf 90' lang='lat' dir='ltr'><strong>modo</strong></span> <span class='ocrx_word' id='word_1_356' title='bbox 1025 3511 1078 3568; x_wconf 89' lang='lat' dir='ltr'><strong>tibi</strong></span> <span class='ocrx_word' id='word_1_357' title='bbox 1091 3512 1121 3567; x_wconf 96' lang='lat' dir='ltr'><strong>in</strong></span> <span class='ocrx_word' id='word_1_358' title='bbox 1135 3512 1266 3569; x_wconf 90' lang='lat' dir='ltr'><strong>edulium</strong></span> <span class='ocrx_word' id='word_1_359' title='bbox 1280 3519 1456 3586; x_wconf 84' lang='lat' dir='ltr'><strong>preparaui,</strong></span> 
     </span>
     <span class='ocr_line' id='line_1_37' title="bbox 299 3600 1456 3672; baseline 0.002 -12"><span class='ocrx_word' id='word_1_360' title='bbox 299 3613 329 3660; x_wconf 85' lang='lat' dir='ltr'><strong>vt</strong></span> <span class='ocrx_word' id='word_1_361' title='bbox 348 3601 374 3659; x_wconf 90' lang='lat' dir='ltr'><strong>si</strong></span> <span class='ocrx_word' id='word_1_362' title='bbox 393 3602 469 3658; x_wconf 89' lang='lat' dir='ltr'><strong>forte</strong></span> <span class='ocrx_word' id='word_1_363' title='bbox 488 3619 547 3657; x_wconf 89' lang='lat' dir='ltr'><strong>vno</strong></span> <span class='ocrx_word' id='word_1_364' title='bbox 566 3600 647 3657; x_wconf 88' lang='lat' dir='ltr'><strong>vesci</strong></span> <span class='ocrx_word' id='word_1_365' title='bbox 667 3617 727 3656; x_wconf 94' lang='lat' dir='ltr'><strong>non</strong></span> <span class='ocrx_word' id='word_1_366' title='bbox 743 3600 865 3672; x_wconf 89' lang='lat' dir='ltr'><strong>poteris,</strong></span> <span class='ocrx_word' id='word_1_367' title='bbox 880 3601 918 3656; x_wconf 87' lang='lat' dir='ltr'><strong>ab</strong></span> <span class='ocrx_word' id='word_1_368' title='bbox 937 3601 1031 3656; x_wconf 90' lang='lat' dir='ltr'><strong>altero</strong></span> <span class='ocrx_word' id='word_1_369' title='bbox 1047 3600 1154 3656; x_wconf 89' lang='lat' dir='ltr'><strong>saltem</strong></span> <span class='ocrx_word' id='word_1_370' title='bbox 1167 3601 1328 3658; x_wconf 71' lang='lat' dir='ltr'><strong>reficiaris!</strong></span> <span class='ocrx_word' id='word_1_371' title='bbox 1367 3603 1456 3662; x_wconf 87' lang='lat' dir='ltr'><strong>Tunc</strong></span> 
     </span>
     <span class='ocr_line' id='line_1_38' title="bbox 298 3687 1457 3758; baseline 0.001 -10"><span class='ocrx_word' id='word_1_372' title='bbox 298 3700 419 3748; x_wconf 86' lang='lat' dir='ltr'><strong>sanctus</strong></span> <span class='ocrx_word' id='word_1_373' title='bbox 438 3688 531 3746; x_wconf 82' lang='lat' dir='ltr'><strong>dixit:</strong></span> <span class='ocrx_word' id='word_1_374' title='bbox 561 3687 679 3758; x_wconf 87' lang='lat' dir='ltr'><strong>‘Quare</strong></span> <span class='ocrx_word' id='word_1_375' title='bbox 699 3687 754 3743; x_wconf 89' lang='lat' dir='ltr'><strong>hoc</strong></span> <span class='ocrx_word' id='word_1_376' title='bbox 774 3687 887 3744; x_wconf 79' lang='lat' dir='ltr'><strong>fecisti?</strong></span> <span class='ocrx_word' id='word_1_377' title='bbox 924 3687 1025 3758; x_wconf 86' lang='lat' dir='ltr'><strong>Quare</strong></span> <span class='ocrx_word' id='word_1_378' title='bbox 1043 3687 1153 3744; x_wconf 89' lang='lat' dir='ltr'><strong>victum</strong></span> <span class='ocrx_word' id='word_1_379' title='bbox 1172 3688 1258 3744; x_wconf 93' lang='lat' dir='ltr'><strong>nobis</strong></span> <span class='ocrx_word' id='word_1_380' title='bbox 1268 3687 1287 3720; x_wconf 68' lang='lat'><strong>¹²</strong></span> <span class='ocrx_word' id='word_1_381' title='bbox 1307 3689 1457 3748; x_wconf 88' lang='lat' dir='ltr'><strong>diuinitus</strong></span> 
     </span>
     <span class='ocr_line' id='line_1_39' title="bbox 298 3775 1457 3852; baseline -0.003 -16"><span class='ocrx_word' id='word_1_382' title='bbox 298 3780 437 3837; x_wconf 89' lang='lat' dir='ltr'><strong>collatum</strong></span> <span class='ocrx_word' id='word_1_383' title='bbox 451 3787 566 3834; x_wconf 88' lang='lat' dir='ltr'><strong>temere</strong></span> <span class='ocrx_word' id='word_1_384' title='bbox 579 3775 729 3842; x_wconf 89' lang='lat' dir='ltr'><strong>auferens,</strong></span> <span class='ocrx_word' id='word_1_385' title='bbox 742 3785 846 3831; x_wconf 93' lang='lat' dir='ltr'><strong>contra</strong></span> <span class='ocrx_word' id='word_1_386' title='bbox 863 3783 967 3832; x_wconf 90' lang='lat' dir='ltr'><strong>nutum</strong></span> <span class='ocrx_word' id='word_1_387' title='bbox 987 3775 1035 3833; x_wconf 93' lang='lat' dir='ltr'><strong>dei</strong></span> <span class='ocrx_word' id='word_1_388' title='bbox 1055 3785 1144 3848; x_wconf 86' lang='lat' dir='ltr'><strong>atque</strong></span> <span class='ocrx_word' id='word_1_389' title='bbox 1161 3777 1342 3832; x_wconf 86' lang='lat' dir='ltr'><strong>sententiam</strong></span> <span class='ocrx_word' id='word_1_390' title='bbox 1363 3797 1457 3852; x_wconf 79' lang='lat' dir='ltr'><strong>agere</strong></span> 
     </span>
     <span class='ocr_line' id='line_1_40' title="bbox 298 3863 1457 3944; baseline -0.001 -18"><span class='ocrx_word' id='word_1_391' title='bbox 298 3867 545 3944; x_wconf 82' lang='lat' dir='ltr'><strong>presumpsistit’</strong></span> <span class='ocrx_word' id='word_1_392' title='bbox 583 3865 621 3921; x_wconf 86' lang='lat' dir='ltr'><strong>Et</strong></span> <span class='ocrx_word' id='word_1_393' title='bbox 640 3864 771 3937; x_wconf 91' lang='lat' dir='ltr'><strong>piscibus</strong></span> <span class='ocrx_word' id='word_1_394' title='bbox 791 3863 917 3937; x_wconf 88' lang='lat' dir='ltr'><strong>imperio</strong></span> <span class='ocrx_word' id='word_1_395' title='bbox 935 3865 1001 3921; x_wconf 88' lang='lat' dir='ltr'><strong>eius</strong></span> <span class='ocrx_word' id='word_1_396' title='bbox 1020 3863 1051 3919; x_wconf 94' lang='lat' dir='ltr'><strong>in</strong></span> <span class='ocrx_word' id='word_1_397' title='bbox 1071 3864 1151 3920; x_wconf 92' lang='lat' dir='ltr'><strong>fonte</strong></span> <span class='ocrx_word' id='word_1_398' title='bbox 1171 3863 1318 3937; x_wconf 88' lang='lat' dir='ltr'><strong>repositis,</strong></span> <span class='ocrx_word' id='word_1_399' title='bbox 1337 3883 1457 3938; x_wconf 89' lang='lat' dir='ltr'><strong>pronus</strong></span> 
     </span>
     <span class='ocr_line' id='line_1_41' title="bbox 253 3951 1454 4026; baseline 0.002 -16"><span class='ocrx_word' id='word_1_400' title='bbox 253 3976 286 4023; x_wconf 81' lang='lat'><strong>40</strong></span> <span class='ocrx_word' id='word_1_401' title='bbox 299 3957 363 4016; x_wconf 91' lang='lat' dir='ltr'><strong>solo</strong></span> <span class='ocrx_word' id='word_1_402' title='bbox 387 3957 565 4014; x_wconf 89' lang='lat' dir='ltr'><strong>incumbens</strong></span> <span class='ocrx_word' id='word_1_403' title='bbox 592 3954 630 4009; x_wconf 87' lang='lat' dir='ltr'><strong>ab</strong></span> <span class='ocrx_word' id='word_1_404' title='bbox 660 3952 794 4009; x_wconf 87' lang='lat' dir='ltr'><strong>oratione</strong></span> <span class='ocrx_word' id='word_1_405' title='bbox 826 3969 1016 4026; x_wconf 86' lang='lat' dir='ltr'><strong>nequaquam</strong></span> <span class='ocrx_word' id='word_1_406' title='bbox 1044 3951 1174 4009; x_wconf 87' lang='lat' dir='ltr'><strong>surrexit</strong></span> <span class='ocrx_word' id='word_1_407' title='bbox 1201 3954 1296 4009; x_wconf 93' lang='lat' dir='ltr'><strong>donec</strong></span> <span class='ocrx_word' id='word_1_408' title='bbox 1323 3955 1352 4010; x_wconf 92' lang='lat' dir='ltr'><strong>ei</strong></span> <span class='ocrx_word' id='word_1_409' title='bbox 1380 3973 1454 4012; x_wconf 89' lang='lat' dir='ltr'><strong>nun-</strong></span> 
     </span>
    </p>
   </div>
   <div class='ocr_carea' id='block_1_3' title="bbox 299 4133 1455 4464">
    <p class='ocr_par' dir='ltr' id='par_1_3' title="bbox 299 4133 1455 4464">
     <span class='ocr_line' id='line_1_42' title="bbox 331 4133 1455 4198; baseline -0.001 -9"><span class='ocrx_word' id='word_1_410' title='bbox 331 4139 406 4190; x_wconf 89' lang='lat' dir='ltr'><strong>¹om.</strong></span> <span class='ocrx_word' id='word_1_411' title='bbox 416 4140 443 4188; x_wconf 91' lang='lat' dir='ltr'><strong>in</strong></span> <span class='ocrx_word' id='word_1_412' title='bbox 455 4139 484 4189; x_wconf 85' lang='lat' dir='ltr'><strong>T.</strong></span> <span class='ocrx_word' id='word_1_413' title='bbox 597 4135 673 4185; x_wconf 89' lang='lat' dir='ltr'><strong>¹om.</strong></span> <span class='ocrx_word' id='word_1_414' title='bbox 687 4136 713 4184; x_wconf 91' lang='lat' dir='ltr'><strong>in</strong></span> <span class='ocrx_word' id='word_1_415' title='bbox 727 4135 755 4186; x_wconf 85' lang='lat' dir='ltr'><strong>E.</strong></span> <span class='ocrx_word' id='word_1_416' title='bbox 864 4134 922 4187; x_wconf 63' lang='grc' dir='ltr'><strong>’Β</strong></span> <span class='ocrx_word' id='word_1_417' title='bbox 934 4137 1017 4198; x_wconf 85' lang='lat' dir='ltr'><strong>primo</strong></span> <span class='ocrx_word' id='word_1_418' title='bbox 1029 4134 1140 4198; x_wconf 81' lang='lat' dir='ltr'><strong>genitus.</strong></span> <span class='ocrx_word' id='word_1_419' title='bbox 1251 4133 1308 4184; x_wconf 75' lang='lat' dir='ltr'><strong>⁴E.</strong></span> <span class='ocrx_word' id='word_1_420' title='bbox 1321 4139 1455 4188; x_wconf 73' lang='lat' dir='ltr'><strong>cornubia</strong></span> 
     </span>
     <span class='ocr_line' id='line_1_43' title="bbox 299 4199 1454 4284; baseline -0.003 -29"><span class='ocrx_word' id='word_1_421' title='bbox 299 4205 357 4256; x_wconf 70' lang='lat' dir='ltr'><strong>⁵ol.</strong></span> <span class='ocrx_word' id='word_1_422' title='bbox 371 4222 421 4254; x_wconf 91' lang='lat' dir='ltr'><strong>orn.</strong></span> <span class='ocrx_word' id='word_1_423' title='bbox 520 4201 657 4280; x_wconf 63' lang='lat' dir='ltr'><strong>⁸Vit3quo</strong></span> <span class='ocrx_word' id='word_1_424' title='bbox 669 4218 705 4264; x_wconf 91' lang='lat' dir='ltr'><strong>pr.</strong></span> <span class='ocrx_word' id='word_1_425' title='bbox 715 4203 798 4251; x_wconf 90' lang='lat' dir='ltr'><strong>locum</strong></span> <span class='ocrx_word' id='word_1_426' title='bbox 810 4209 962 4280; x_wconf 80' lang='lat' dir='ltr'><strong>mutauerat.</strong></span> <span class='ocrx_word' id='word_1_427' title='bbox 1060 4199 1099 4228; x_wconf 59' lang='grc' dir='ltr'>Μ</span> <span class='ocrx_word' id='word_1_428' title='bbox 1111 4201 1203 4278; x_wconf 80' lang='lat' dir='ltr'><strong>added.</strong></span> <span class='ocrx_word' id='word_1_429' title='bbox 1302 4201 1454 4284; x_wconf 60' lang='lat' dir='ltr'><strong>&#39;fenim</strong></span> 
     </span>
     <span class='ocr_line' id='line_1_44' title="bbox 300 4264 1453 4381; baseline 0 -62"><span class='ocrx_word' id='word_1_430' title='bbox 300 4271 328 4348; x_wconf 53' lang='lat' dir='ltr'><strong>E:</strong></span> <span class='ocrx_word' id='word_1_431' title='bbox 343 4273 467 4348; x_wconf 76' lang='lat' dir='ltr'><strong>profecto.</strong></span> <span class='ocrx_word' id='word_1_432' title='bbox 525 4269 616 4348; x_wconf 31' lang='lat' dir='ltr'><strong>‘’vrr</strong></span> <span class='ocrx_word' id='word_1_433' title='bbox 628 4269 772 4362; x_wconf 49' lang='lat' dir='ltr'><strong>tilelpeatus</strong></span> <span class='ocrx_word' id='word_1_434' title='bbox 783 4285 832 4317; x_wconf 90' lang='lat' dir='ltr'><strong>orn.</strong></span> <span class='ocrx_word' id='word_1_435' title='bbox 845 4283 871 4316; x_wconf 85' lang='lat' dir='ltr'><strong>rn</strong></span> <span class='ocrx_word' id='word_1_436' title='bbox 882 4267 911 4316; x_wconf 88' lang='lat' dir='ltr'><strong>T.</strong></span> <span class='ocrx_word' id='word_1_437' title='bbox 951 4331 969 4362; x_wconf 57' lang='lat' dir='ltr'>n</span> <span class='ocrx_word' id='word_1_438' title='bbox 994 4264 1013 4296; x_wconf 85' lang='lat'><strong>¹⁰</strong></span> <span class='ocrx_word' id='word_1_439' title='bbox 1028 4265 1079 4317; x_wconf 88' lang='lat' dir='ltr'><strong>Vit.</strong></span> <span class='ocrx_word' id='word_1_440' title='bbox 1092 4267 1267 4381; x_wconf 58' lang='lat' dir='ltr'><strong>expedtrqt.E</strong></span> <span class='ocrx_word' id='word_1_441' title='bbox 1305 4267 1338 4344; x_wconf 32' lang='lat'><strong>‘¹¹</strong></span> <span class='ocrx_word' id='word_1_442' title='bbox 1355 4277 1453 4319; x_wconf 83' lang='lat' dir='ltr'><strong>tautum</strong></span> 
     </span>
     <span class='ocr_line' id='line_1_45' title="bbox 299 4332 1451 4464; baseline -0.001 -14"><span class='ocrx_word' id='word_1_443' title='bbox 299 4337 550 4464; x_wconf 48' lang='lat' dir='ltr'><strong>iimiiiiuiiffiriiicittii</strong></span> <span class='ocrx_word' id='word_1_444' title='bbox 561 4335 734 4464; x_wconf 53' lang='lat' dir='ltr'><strong>iecognovii&#39;</strong></span> <span class='ocrx_word' id='word_1_445' title='bbox 744 4333 789 4383; x_wconf 42' lang='lat' dir='ltr'>rel·</span> <span class='ocrx_word' id='word_1_446' title='bbox 802 4349 882 4448; x_wconf 49' lang='lat' dir='ltr'><strong>Vinii.</strong></span> <span class='ocrx_word' id='word_1_447' title='bbox 895 4332 1016 4462; x_wconf 53' lang='lat' dir='ltr'><strong>piaculo}</strong></span> <span class='ocrx_word' id='word_1_448' title='bbox 1028 4333 1131 4426; x_wconf 49' lang='lat' dir='ltr'><strong>muntii</strong></span> <span class='ocrx_word' id='word_1_449' title='bbox 1149 4397 1177 4449; x_wconf 87' lang='lat' dir='ltr'><strong>E.</strong></span> <span class='ocrx_word' id='word_1_450' title='bbox 1190 4369 1274 4449; x_wconf 59' lang='lat' dir='ltr'><strong>vobisc¹</strong></span> <span class='ocrx_word' id='word_1_451' title='bbox 1287 4335 1451 4396; x_wconf 53' lang='lat' dir='ltr'><strong>pwlomm</strong></span> 
     </span>
    </p>
   </div>
   <div class='ocr_carea' id='block_1_4' title="bbox 0 0 1510 4904">
    <p class='ocr_par' dir='ltr' id='par_1_4' title="bbox 0 0 1510 4904">
     <span class='ocr_line' id='line_1_46' title="bbox 0 0 1510 4904; baseline 0 0"><span class='ocrx_word' id='word_1_452' title='bbox 0 0 1510 4904; x_wconf 95' lang='lat' dir='ltr'><strong> </strong></span> 
     </span>
    </p>
   </div>
  </div>
 </body>
</html>
