3028 4894
304 327 380 400 434
618 303 748 392 tisun
773 301 965 408 tumne
988 301 1139 408 timia.

304 504 409 563 aedem
423 503 523 562 statim
536 503 696 580 appellauit
709 523 716 562 z
735 511 765 562 et
782 521 838 578 pro
856 521 960 562 eorum
982 505 1130 562 iniusticia
1145 504 1331 580 indignatus,
1345 505 1450 564 reflexo

303 609 411 665 gressu
432 593 530 650 aulam
555 592 658 665 egredi
682 593 771 666 cepit.
817 592 855 649 Et
879 592 1000 650 intuens
1024 594 1170 666 quosdam
1196 595 1271 652 satis
1296 594 1374 651 fedo
1398 593 1450 650 snis
1495 597 1496 640 l

304 679 423 736 casibus
434 680 579 737 insultare
592 679 745 750 cachinno,
759 679 812 750 ‘O,
825 679 929 754 inquit,
942 679 1022 750 filii¹,
1035 679 1113 738 felici
1125 681 1332 756 prosperitate
1346 681 1451 738 ducatis

304 775 441 840 tempora
462 767 568 842 longa:
596 768 651 826 sed
669 767 822 838 noueritis,
841 768 1013 842 quantotius
1031 785 1098 826 sors
1116 767 1226 826 infesta
1243 771 1384 826 resoluet
1404 769 1451 824 bec

275 873 290 924 5
305 854 412 927 gaudia
423 863 533 912 vestra
563 855 650 912 ΝοηΙ
661 855 746 928 prius
759 855 838 912 hunc
851 872 964 912 annum
976 855 1106 913 transire
1117 857 1267 926 videbitis,
1277 873 1374 930 quam
1388 857 1453 912 istas

304 959 379 1016 quas
393 959 486 1016 super
497 959 546 1000 me
559 942 726 1000 derisiones
740 942 865 1012 habetis,
878 944 987 1000 acerbo
1004 960 1122 1000 merore
1138 943 1246 1001 luatis!
1286 945 1328 1001 Et
1347 944 1452 1001 lactum

304 1038 351 1088 est
379 1031 428 1102 ita,
456 1047 526 1088 nam
545 1039 685 1088 conserto
703 1029 789 1104 graui
810 1029 905 1104 prelio
923 1030 1003 1088 inter
1024 1030 1179 1104 Egiridum
1201 1041 1232 1088 et
1255 1031 1452 1088 Ethelredum

303 1135 407 1191 regem
434 1117 615 1176 Merciorum
640 1117 723 1175 iuxta
748 1117 873 1175 lluuium
904 1117 1058 1188 Trentam,
1082 1119 1199 1176 occisus
1226 1128 1274 1176 est
1307 1119 1453 1176 Ellwinus

305 1203 396 1262 irater
409 1206 488 1278 regis
502 1205 624 1280 Eglridi,
635 1223 676 1263 ex
688 1207 773 1263 cuius
786 1215 882 1262 morte
895 1206 995 1264 omnis
1006 1205 1103 1263 leticia
1120 1224 1210 1280 quarn
1223 1209 1262 1264 de
1275 1208 1452 1280 expulsione

260 1307 292 1344 ro
305 1291 436 1350 Wilsridi
453 1293 629 1362 habuerant,
641 1293 720 1350 iusto
733 1293 782 1350 dei
795 1291 902 1350 iudicio
914 1295 945 1351 in
957 1293 1112 1352 tristiciam
1126 1311 1274 1352 conuersa
1287 1305 1348 1352 est.

341 1368 385 1438 Et
403 1397 470 1437 cum
488 1397 572 1439 mare
587 1382 737 1450 intrasset,
750 1390 864 1437 mutato
875 1391 966 1438 vento
986 1381 1010 1438 F
1011 1382 1112 1439 risiam
1131 1383 1247 1455 pulsus,
1259 1385 1394 1440 verbum
1409 1379 1452 1438 dei

304 1467 414 1526 ibidem
423 1469 583 1541 predicans
591 1467 683 1525 multa
691 1467 846 1526 hominum
856 1468 936 1526 milia
943 1469 982 1526 ad
990 1469 1080 1528 fidem
1087 1468 1197 1526 Christi
1206 1471 1371 1528 conuertit
1388 1469 1452 1526 Erat

303 1565 403 1613 autern
416 1564 497 1612 terra
508 1556 558 1613 illa
570 1573 678 1629 magne
691 1555 842 1626 salsitatis,
855 1555 1026 1628 sterilitatis,
1041 1565 1070 1614 et
1085 1557 1123 1613 ad
1138 1556 1334 1614 incolendum
1348 1573 1452 1630 magne

303 1641 595 1716 incom[m]0ditatis:
615 1660 720 1700 verum
729 1643 836 1700 eadem
846 1653 936 1717 gente
946 1644 1038 1701 fidem
1049 1643 1159 1702 Christi
1168 1644 1369 1717 suscipiente,
1377 1655 1452 1702 terre

260 1743 290 1795 ¹5
304 1729 421 1788 salsitas
434 1730 464 1788 in
477 1729 674 1801 dulcedinem,
690 1731 831 1788 sterilitas
843 1731 874 1788 in
886 1730 1068 1788 fertilitatem
1087 1741 1295 1789 commutatur.
1337 1733 1451 1790 Interea

303 1818 460 1876 mittuntur
471 1819 510 1876 de
518 1819 628 1892 Anglia
637 1817 738 1876 nuncii
748 1835 816 1876 cum
824 1820 1000 1876 muneribus
1012 1818 1284 1888 adseuerantis
1292 1819 1396 1878 virum
1408 1819 1451 1876 dei

303 1905 478 1964 Wilsridum
509 1906 739 1978 ser(ocissim)a⁴
769 1914 865 1963 morte
895 1907 1111 1977 interimerent,
1142 1923 1248 1964 venrm
1280 1904 1451 1965 Ebroinus'
1495 1895 1496 1908 ³

303 1993 466 2068 (quidam)·
479 1994 587 2068 regalis
604 1995 685 2051 curie
699 1995 850 2067 princeps,
863 1994 976 2052 litteras
991 2011 1059 2050 cum
1079 1993 1253 2051 muneribus
1271 1997 1339 2068 regi
1361 1995 1386 2052 F
1387 1993 1450 2051 risie

303 2081 419 2152 direxit,
433 2092 542 2154 petens
561 2091 592 2140 vt
606 2083 748 2152 (beatum)
758 2080 769 2114 ⁸
780 2080 953 2138 Wilsridum
974 2079 1192 2155 (episcopum)⁸
1206 2082 1352 2140 omnibus
1371 2081 1450 2139 bonis

259 2181 291 2218 ¹0
303 2169 462 2244 spoliatum
478 2168 590 2226 crudeli
606 2178 703 2228 morte
719 2176 850 2227 necaret.
887 2167 950 2226 Sed
965 2186 1030 2238 rex,
1042 2187 1102 2226 non
1121 2169 1329 2243 acquiescens,
1343 2171 1448 2228 litteras

302 2275 370 2315 cum
395 2257 598 2330 indignatione
622 2256 684 2330 igni
709 2256 816 2327 iniecit,
836 2265 866 2313 et
885 2255 1000 2330 legatos
1024 2257 1138 2330 absque
1159 2259 1274 2315 honore
1300 2259 1448 2322 dimissos
1495 2257 1496 2262 ’

302 2345 403 2402 statim
416 2361 552 2402 remeare
565 2345 707 2419 precepit
745 2343 883 2402 Perrexit
895 2353 965 2418 post
977 2344 1033 2402 hec
1044 2344 1205 2402 Wilsn'dus
1217 2345 1248 2402 in
1263 2345 1287 2402 F
1288 2347 1422 2404 rancianr
1433 2343 1447 2408 7,
1495 2349 1496 2407 l

302 2441 331 2488 et
361 2448 379 2488 a
408 2431 577 2506 Dagoberto
602 2449 674 2505 rege
698 2449 766 2490 cum
791 2433 922 2488 maximo
947 2432 1061 2490 honore
1085 2441 1244 2506 susceptus
1268 2443 1328 2502 est,
1354 2441 1448 2507 vrpote

301 2519 352 2592 qui
379 2519 479 2592 ipsum
505 2519 657 2593 quondam
686 2520 807 2576 exulem
832 2527 861 2576 et
886 2521 923 2576 ad
950 2518 1127 2577 Hiberniam
1152 2521 1244 2578 maris
1270 2529 1447 2596 tempestate

258 2619 288 2670 ¹5
303 2607 467 2680 proiectum
479 2617 509 2664 et
521 2609 558 2664 ad
576 2623 610 2664 se
623 2608 745 2664 demum
760 2607 930 2678 adductum,
943 2624 1051 2680 magna
1068 2607 1251 2681 benignitate
1269 2609 1446 2683 aliquamdiu

302 2711 405 2750 secum
427 2693 521 2751 tenuit
546 2703 576 2750 et
601 2694 639 2751 ab
664 2694 746 2752 omni
765 2693 898 2768 periculo
917 2694 1055 2768 protexit.
1090 2695 1250 2753 Will'ridus
1271 2696 1447 2756 necessariis
1494 2741 1495 2774 ,

302 2783 392 2839 rebus
429 2799 447 2838 a
485 2781 655 2856 Dagoberto
689 2800 761 2856 rege
794 2783 969 2856 assumptis,
1002 2801 1020 2840 a
1055 2782 1137 2840 curia
1174 2787 1308 2854 recessit,
1346 2785 1446 2848 ‘Cam-

302 2869 391 2944 panie
421 2871 547 2928 dnnem'
570 2870 675 2928 adiens
701 2869 839 2927 nobiliter
862 2879 1021 2944 susceptus
1044 2881 1098 2928 est
1137 2871 1204 2942 Qui,
1224 2881 1295 2946 post
1319 2871 1446 2930 exhibita

301 2975 373 3016 vere
396 2957 548 3016 charitatis
572 2965 602 3016 et
633 2958 824 3016 humanitatis
848 2958 944 3015 officia
970 2975 1038 3016 cum
1069 2958 1190 3015 homine
1222 2959 1271 3017 dei
1303 2963 1445 3026 residens

256 3061 288 3110 30
302 3063 423 3104 narrare
440 3045 519 3119 cepit
537 3045 565 3102 ei
589 3045 715 3119 qualiter
734 3045 845 3102 inimici
867 3047 1001 3103 eiusdem
1021 3045 1179 3104 voluerunt
1188 3047 1209 3080 ¹⁰
1230 3065 1300 3104 etun
1322 3050 1445 3122 perdere

300 3143 330 3190 et
362 3152 396 3192 se
429 3134 467 3191 ad
498 3133 726 3190 internicionem
755 3133 821 3190 eius
850 3133 957 3190 oblatis
987 3133 1163 3191 muneribus
1192 3134 1360 3194 inflectere„
1396 3135 1445 3191 ‘At

301 3239 365 3295 ego,
385 3221 489 3294 inquit,
509 3238 569 3278 non
594 3221 753 3278 immemor
778 3221 850 3294 quid
871 3221 1024 3279 fidelitatis
1041 3231 1072 3278 et
1093 3222 1221 3280 amicitie
1243 3226 1398 3296 quondam
1419 3222 1443 3276 in

301 3326 417 3382 pagano
442 3309 572 3382 quodam
596 3325 668 3381 rege
694 3310 857 3381 repererim
884 3325 952 3366 curn
971 3311 1010 3366 de
1031 3309 1127 3382 patria
1149 3327 1217 3367 mea
1240 3311 1350 3383 pulsus
1373 3307 1443 3383 apud

300 3412 369 3452 eum
389 3397 559 3466 exularem3
580 3395 691 3452 nolui¹¹
711 3395 811 3452 minus
830 3396 928 3453 fidelis
946 3395 1074 3454 inueniri
1087 3397 1267 3455 christianus
1283 3398 1338 3456 tibi
1359 3397 1444 3458 chris

256 3501 287 3552 ³5
301 3483 390 3552 tiano,
403 3501 492 3557 qnam
510 3483 600 3539 homo
617 3499 753 3556 paganus
765 3483 862 3541 extitit
870 3483 943 3540 mihi
955 3484 1068 3540 homini
1086 3485 1255 3542 christiano.
1294 3486 1443 3560 Siquidem

300 3587 355 3628 rex
377 3569 538 3627 Hunorum
559 3569 686 3644 gentilis,
706 3587 774 3627 cum
805 3589 895 3628 causa
916 3573 1028 3629 tuende
1049 3589 1118 3629 mee
1142 3572 1246 3630 salutis
1270 3590 1323 3632 me
1348 3587 1442 3632 secum

300 3659 459 3732 degentem
481 3659 632 3730 retineret,
651 3657 715 3714 iniit
737 3675 855 3716 mecum
876 3657 963 3716 sedus
982 3659 1013 3716 iu
1032 3659 1153 3718 nomine
1172 3662 1298 3717 deorum
1318 3677 1444 3726 suorum,

300 3747 379 3820 quod
401 3763 451 3804 me
472 3763 626 3820 nunquam
644 3745 773 3803 inimicis
791 3746 868 3804 meis
889 3745 995 3819 quauis
1013 3747 1169 3806 occasione
1187 3749 1340 3820 proderet
1380 3750 1441 3807 Post

299 3834 410 3908 aliquot
422 3851 495 3891 vero
507 3835 571 3890 dies
585 3834 700 3890 nunciis
716 3835 753 3891 ad
773 3851 806 3890 se
819 3851 858 3890 ex
871 3844 955 3908 parte
974 3833 1163 3892 inimicorum
1177 3852 1316 3893 meorum
1329 3837 1441 3895 venien·

254 3944 287 3993 40
299 3922 379 3979 tibus
390 3930 420 3979 et
433 3921 586 3996 ingentem
603 3921 761 3994 pecuniam
778 3938 833 3994 pro
848 3921 969 3979 interitu
987 3939 1055 3979 meo
1072 3921 1128 3979 sibi
1141 3921 1362 3996 pollicentibus,
1376 3923 1440 3985 “dii.

299 4009 404 4083 inquit,
415 4009 507 4067 vitam
520 4025 618 4065 meam
631 4009 794 4080 succidant,
806 4008 833 4066 si
850 4026 907 4082 ego
923 4025 979 4083 pro
992 4009 1100 4084 quouis
1112 4009 1218 4067 luchro
1229 4018 1353 4070 terreno
1366 4011 1440 4070 vobis

299 4099 420 4165 cedens,
444 4095 550 4153 initum
581 4095 668 4153 sedus
697 4114 818 4171 quoquo
846 4097 936 4154 modo
958 4097 1153 4155 dissoluero.''
1202 4098 1236 4156 Si
1262 4116 1337 4173 ergo
1361 4101 1439 4158 hono

331 4243 340 4273 ¹
358 4244 388 4294 E.
401 4244 444 4294 fili.
588 4240 599 4273 ¹
616 4244 644 4294 E.
658 4243 748 4303 Nunc:
763 4244 793 4294 T.
806 4243 883 4304 Non:
901 4244 991 4296 Eadm.
1004 4245 1067 4296 Nee.
1217 4245 1273 4298 ⁸se
1294 4247 1439 4300 Neustrian.

298 4310 348 4359 ‘T.
360 4311 427 4368 sera;
444 4310 473 4360 E.
486 4309 650 4360 ferocissima.
706 4311 717 4340 ⁸
735 4310 763 4360 E.
777 4310 914 4362 Ebrouius.
978 4311 1054 4361 ‘om
1067 4311 1094 4360 in
1106 4311 1136 4361 T.
1211 4309 1268 4364 'se
1279 4315 1438 4365 Austrasisn.

298 4375 308 4404 ⁸
325 4375 354 4424 E.
367 4381 393 4424 et
404 4376 433 4426 C.
501 4375 511 4405 ⁹
526 4375 616 4426 Eadm.
628 4377 732 4426 nomine
745 4376 907 4428 Bertherurn.
981 4377 1000 4407 ¹⁸
1018 4377 1047 4428 Ε.
1059 4377 1205 4428 uoluerunt.
1276 4377 1293 4409 ²¹
1313 4381 1344 4434 Ε,
1359 4379 1425 4433 volni
