3052 4896
278 319 350 410 516
593 313 724 400 motta
748 308 940 413 Mutum
963 307 1115 414 undu.

276 511 305 571 ei
324 511 492 571 destinauit
530 511 588 583 Qui
609 510 771 586 (quidem)¹
783 527 877 568 vnum
896 511 953 568 sibi
973 527 1136 570 meniana
1154 510 1318 583 (panem)¹
1332 519 1365 569 et
1384 511 1436 568 ab·

277 603 437 669 scondens,
450 602 525 657 duos
538 609 642 658 sancto
655 599 776 670 obtulit3
796 610 827 656 et
839 616 982 657 reuersus
995 607 1051 668 est,
1063 601 1309 672 productumque
1322 615 1436 673 panem

277 690 316 770 de
336 689 459 745 latibulo
479 688 610 746 incidere
632 687 816 744 moliebatur.
854 687 916 744 Sed
935 687 976 742 nil
996 687 1157 760 proficiens
1176 703 1290 759 panem
1311 689 1436 744 omnino
1513 745 1514 750 ,

277 774 481 834 inuiolabilem
500 776 722 850 comprobauit:
743 774 839 833 alure
854 775 935 833 enim
956 791 991 832 se
1007 774 1100 848 pollui
1117 775 1166 832 vel
1183 775 1245 832 ledi
1264 776 1358 848 panis
1374 792 1436 831 non

248 879 263 936 3
278 864 426 934 sustinuit,
441 865 496 922 sed
513 882 569 938 pro
589 879 670 937 pane
688 863 820 936 lapidem
841 862 872 920 in
889 879 998 920 manus
1015 863 1248 936 preuaricatoris
1268 863 1410 920 exhibuit
1419 859 1436 918 ¹.

278 950 346 1022 Quo
355 951 420 1009 viso
432 951 574 1009 advirum
586 951 635 1009 dei
648 952 770 1008 rediens
782 960 812 1008 et
824 967 889 1008 rem
903 959 1018 1024 gestam
1031 950 1181 1023 aperiens,
1191 950 1435 1008 misericordiaut

277 1039 455 1113 implorauit.
491 1038 587 1095 Venia
605 1047 707 1096 autem
725 1055 821 1111 puero
839 1039 917 1107 data,
936 1055 1045 1112 panem
1065 1037 1227 1106 benedixit,
1241 1047 1274 1094 et
1293 1037 1436 1096 facilitate

277 1143 396 1184 summa
409 1127 560 1199 frangens,
573 1127 611 1182 de
624 1143 703 1199 pane
716 1125 813 1181 calido
826 1133 855 1181 et
867 1133 1032 1198 vaporante
1051 1124 1190 1194 comedit,
1202 1134 1232 1180 et
1244 1143 1346 1198 puero
1358 1127 1436 1182 dans
1513 1137 1514 1140 ’

276 1215 455 1290 portionem,
475 1213 645 1271 edificatum
667 1229 735 1270 cum
758 1213 968 1270 benedictione
989 1213 1115 1269 remisit.
1200 1201 1286 1271 Cum
1308 1215 1435 1286 quidam

233 1321 266 1362 to
278 1319 388 1376 panem
407 1303 470 1358 viro
489 1310 593 1358 sancto
613 1301 740 1358 missum
759 1300 789 1356 in
807 1299 975 1372 dom[um]¹
991 1301 1134 1373 pauperis
1153 1300 1313 1357 cuiusdam
1330 1301 1436 1374 hospi-

277 1389 359 1446 tandi
372 1389 466 1462 gratia
478 1388 619 1446 deserens
631 1388 804 1456 diuerteret‚
815 1397 846 1444 et
858 1387 990 1460 paruulis
1003 1405 1115 1460 panem
1127 1388 1301 1460 petentibus
1315 1390 1435 1446 nullum

277 1475 506 1550 porrigentem]
516 1477 527 1508 ¹
538 1475 662 1544 uideret,
672 1475 710 1532 de
724 1475 863 1532 sacculo⁶
875 1475 1053 1548 productum
1067 1492 1177 1548 panem
1190 1475 1328 1532 incidere
1342 1487 1436 1548 parat

279 1561 316 1620 Et
338 1579 447 1635 panem
468 1561 590 1636 quidem
612 1561 723 1620 incidi·
741 1561 845 1630 sensit,
864 1563 918 1618 sed
938 1563 1008 1635 quia
1029 1581 1107 1635 opus
1130 1561 1341 1620 misericordie
1363 1564 1437 1620 citra

277 1659 439 1723 contraque
451 1649 651 1706 obedientiam
670 1649 911 1722 presumebatur,
922 1648 1067 1722 sanguine
1081 1667 1205 1707 manare
1219 1650 1320 1723 cepit;
1342 1669 1435 1724 quem

235 1757 264 1812 ¹⁵
278 1755 346 1796 cum
362 1747 493 1794 tremore
509 1746 539 1796 et
551 1737 659 1794 timore
674 1738 712 1793 ad
731 1745 867 1794 sanctum
886 1736 997 1793 detulit.
1034 1737 1154 1794 Auditis
1165 1747 1267 1794 autem
1281 1756 1345 1810 que
1358 1741 1436 1796 acci·

277 1826 392 1895 derant,
417 1833 539 1882 sanctus
562 1824 622 1883 ait:
654 1824 698 1880 ‘F
699 1824 739 1893 iti,
761 1841 822 1880 non
846 1824 975 1881 debuisti
999 1827 1089 1882 etiam
1114 1825 1197 1898 pium
1222 1843 1302 1898 opus
1329 1836 1436 1883 contra

277 1914 451 1970 mandatum
460 1915 651 1985 presumere.³
675 1911 903 1984 Acceptumque
917 1929 1026 1984 panem
1038 1913 1200 1982 benedixit,
1209 1921 1239 1970 et
1250 1930 1271 1968 a
1283 1915 1438 1986 sangiune

278 2001 456 2070 emundans,
474 1999 531 2057 ait:
550 1998 681 2071 ‘Accipe
701 2017 781 2056 nunc
800 2017 921 2072 panem,
939 2009 969 2056 et
988 1999 1073 2057 deser
1091 2000 1225 2074 paruulis
1243 2001 1304 2058 illis
1323 2002 1436 2074 quibus

277 2088 448 2161 preparasti
460 2090 547 2144 eum.’
586 2087 624 2144 Et
635 2087 676 2143 ita
688 2087 798 2144 sactum
814 2095 869 2144 est.
944 2075 1119 2145 Monachus
1128 2087 1248 2161 quidam
1262 2089 1303 2144 de
1317 2088 1435 2146 Monte
1513 2147 1514 2166 ,

234 2197 266 2237 eo
278 2185 364 2234 acuto
383 2175 554 2245 celerarius,
567 2190 662 2247 puero
677 2173 732 2232 viri
751 2173 799 2232 dei
811 2173 937 2230 erici⁷
950 2172 1087 2244 infestus,
1099 2183 1130 2230 et
1148 2174 1263 2232 iniuriis
1282 2175 1434 2246 alliciens,
1513 2175 1514 2228 ἐ

278 2265 407 2335 quadam
421 2261 485 2318 vice
504 2261 631 2319 accessit
649 2263 688 2318 ad
706 2263 829 2318 domum
848 2261 930 2318 serui
949 2262 1007 2319 dei.
1045 2262 1101 2319 Cui
1114 2261 1267 2320 ericus⁸
1278 2264 1340 2322 ait:
1362 2265 1434 2332 Ἥ,

277 2349 382 2424 inquit,
395 2351 540 2407 hactenus
558 2349 717 2407 ambulasti
735 2348 809 2406 mihi
827 2366 867 2406 ex
886 2351 1015 2406 aduerso
1034 2359 1065 2406 et
1083 2350 1271 2408 exacerbasti
1290 2351 1432 2424 spiritum

278 2453 401 2496 meum:
425 2447 454 2494 et
474 2455 555 2495 nunc
576 2437 686 2494 iudicet
706 2439 782 2494 deus
803 2436 883 2495 inter
902 2453 951 2495 me
972 2445 1003 2494 et
1023 2441 1069 2494 te.’
1107 2437 1161 2496 llle
1178 2456 1251 2496 vero
1270 2438 1383 2496 exiens
1405 2449 1435 2496 et

278 2525 514 2599 paruipendens‚
528 2525 641 2582 monita
654 2524 719 2582 eius
731 2534 761 2581 et
774 2525 867 2582 verba
887 2533 1103 2598 contempnere
1122 2543 1182 2583 non
1201 2526 1316 2582 metuit.
1354 2526 1434 2584 Con·

233 2633 264 2685 ¹5
279 2613 462 2669 sueuerant’
473 2611 555 2670 enim
569 2612 707 2670 monachi
720 2611 836 2670 erico
848 2611 1017 2686 portionem
1030 2615 1181 2686 quandam
1192 2613 1289 2670 victus
1302 2613 1433 2686 singulis

278 2699 456 2772 septimanis
479 2717 519 2758 ex
549 2700 767 2758 consuetudine
792 2701 919 2770 mittere,
944 2718 1034 2774 quam
1058 2701 1221 2758 celerarius
1245 2701 1295 2758 ille
1320 2701 1432 2758 auferri

278 2787 456 2860 procurauit
494 2785 532 2844 Et
550 2787 676 2845 audiens
690 2786 845 2845 wiricus·
862 2805 914 2844 cor
930 2788 996 2845 eius
1014 2787 1195 2858 induratum,
1207 2787 1266 2846 ait:
1287 2787 1433 2846 ‘Auferat

278 2873 317 2944 ei,
329 2875 434 2948 inquit,
447 2874 536 2932 hodie
549 2876 625 2932 deus
636 2875 748 2932 victum
761 2892 858 2944 suum,
871 2874 922 2947 qui
935 2891 1036 2931 meum
1053 2876 1175 2933 abstulit
1188 2876 1277 2932 mihi’
1316 2875 1432 2934 Eadem

279 2962 360 3020 enim
369 2962 390 2996 ¹⁰
402 2962 451 3020 die
468 2962 633 3019 monachus
651 2962 700 3021 ille
717 2965 754 3020 ab
770 2962 855 3036 aquis
873 2963 1057 3035 interceptus
1072 2972 1102 3020 et
1119 2965 1296 3020 submersus
1305 2963 1327 2997 ¹¹
1339 2964 1431 3020 vitam

231 3071 266 3124 ro
279 3049 382 3107 finiuit
454 3038 589 3125 Quidam
602 3067 730 3123 maginus
743 3050 915 3123 princeps¹²
927 3051 965 3106 de
980 3052 1071 3107 domo
1082 3051 1164 3123 regis
1183 3049 1319 3120 Henrici,
1331 3051 1433 3108 audita

278 3136 403 3196 erici⁷
416 3138 495 3195 l'atna
515 3137 572 3194 ait:
593 3137 695 3195 ‘Bene
714 3137 826 3196 laceret
844 3156 899 3195 rex
918 3137 943 3194 si
964 3138 1096 3195 mitteret
1114 3140 1152 3194 ad
1170 3138 1276 3196 cellam
1299 3138 1432 3196 illusoris
1513 3131 1514 3134 ’

278 3224 367 3282 huius
387 3227 426 3282 ad
447 3225 635 3298 accipiendas
657 3225 802 3298 pecunias
824 3224 898 3293 eius,
918 3225 988 3298 quia
1007 3225 1072 3282 fieri
1091 3243 1151 3282 non
1168 3233 1270 3298 potest
1287 3235 1321 3283 vt
1339 3227 1433 3282 multa

278 3311 336 3370 sibi
357 3330 418 3368 non
440 3311 697 3382 thezaurizauerit,
719 3314 758 3370 ad
779 3329 870 3385 quem
892 3322 953 3369 tam
973 3312 1058 3370 multi
1084 3313 1284 3370 conueniunt.¹
1322 3313 1433 3370 Adhuc

277 3401 370 3456 verba
395 3399 426 3455 in
451 3418 503 3457 ore
524 3399 590 3457 eius
611 3409 706 3468 erant,
728 3409 758 3457 et
777 3419 848 3457 ecce
873 3400 966 3457 elisus
988 3399 1018 3456 in
1042 3410 1165 3470 terram,
1186 3417 1240 3457 ore
1263 3402 1301 3457 ad
1327 3418 1433 3458 aurem
1513 3471 1514 3480 χ

232 3509 263 3560 35
279 3495 400 3556 retorto,
424 3487 613 3544 volutabatur
636 3505 792 3560 spumans.
840 3488 907 3559 Quo
937 3487 1046 3559 audito,
1069 3506 1125 3546 rex
1149 3489 1249 3546 habita
1273 3489 1432 3547 occasione

278 3573 439 3631 declinauit
462 3576 500 3632 ad
525 3576 630 3632 cellam
655 3576 737 3632 serui
758 3575 816 3646 dei,
838 3585 867 3632 et
889 3575 1023 3633 studiose
1046 3576 1186 3649 precibus
1203 3576 1269 3632 eius
1292 3594 1328 3634 se
1352 3593 1433 3634 com·

278 3663 434 3731 mendane,
453 3672 483 3719 et
500 3681 555 3736 pro
572 3663 672 3732 milite,
692 3672 798 3722 cuncta
812 3662 958 3732 reserens,
976 3663 1165 3736 supplicauit.
1201 3663 1290 3720 ‘Non
1307 3663 1433 3738 imputo,

277 3749 383 3823 inquit,
404 3749 432 3806 ei
458 3759 613 3822 peccatum
635 3751 701 3820 hoc,
723 3761 752 3808 ct
777 3760 879 3824 presto
900 3768 968 3808 sum
990 3751 1130 3824 quicquid
1156 3752 1291 3808 debuero
1315 3751 1433 3809 lacere!

278 3835 364 3894 Vnus
382 3837 481 3910 itaque
500 3837 704 3894 assistentium
723 3839 946 3911 apprehensam
959 3837 1083 3895 erici²
1096 3855 1218 3896 manum
1234 3839 1333 3911 egroti
1347 3839 1433 3898 faciei

231 3947 266 4000 40
278 3924 437 3998 applicuit:
457 3932 486 3981 et
504 3925 603 3983 statim
621 3941 776 3982 reuersum
795 3935 841 3982 est
860 3944 894 3983 os
914 3926 979 3982 eius
998 3925 1141 3984 inlocum
1159 3943 1261 3994 suum,
1281 3937 1312 3984 et
1330 3939 1434 3985 mente

279 4022 401 4085 recepta
425 4029 507 4081 sana,
531 4013 707 4086 loquebatur
731 4023 812 4070 recte
836 4014 1032 4086 magnificans
1056 4015 1156 4070 deum.
1230 4002 1319 4072 Dum
1339 4017 1432 4073 sacris

309 4158 318 4189 ¹
336 4176 385 4210 om.
398 4161 425 4209 in
437 4159 467 4212 T.
560 4162 571 4192 ¹
587 4159 637 4211 Vit.
650 4161 677 4210 in
689 4177 764 4210 manu
777 4176 800 4223 p.
813 4176 843 4210 se
855 4161 917 4210 exh.
1019 4161 1029 4189 ¹
1046 4177 1076 4210 so
1088 4160 1134 4216 T.;
1152 4159 1181 4210 E.
1194 4162 1280 4210 domo.
1376 4163 1386 4193 ¹
1404 4163 1425 4213 E

277 4229 434 4290 porrigente.
519 4225 530 4256 ⁸
547 4227 576 4276 T.
588 4227 684 4276 seculo.
769 4226 779 4255 ⁸
793 4242 825 4276 so
837 4227 867 4277 T.
876 4244 882 4286 ;
901 4227 929 4277 E.
943 4227 976 4275 Et
987 4243 1030 4289 qu.
1044 4227 1120 4276 incidi
1131 4242 1234 4290 panem.
1246 4227 1300 4278 Vit.
1312 4228 1347 4278 Et
1357 4233 1433 4293 panis

276 4307 319 4386 βυ.
331 4292 347 4340 i.
360 4291 501 4341 consensit.
595 4289 606 4318 ²
622 4293 650 4340 T.
664 4291 773 4343 Wlt'rici.
866 4291 876 4320 ⁸
892 4293 915 4341 T
934 4293 1067 4342 wlfricus.
1151 4292 1160 4321 ⁰
1178 4291 1207 4342 E.
1220 4291 1433 4346 Consueuerunt.

287 4359 298 4386 ⁰
315 4355 382 4408 Boll.
395 4373 465 4408 vero.
533 4356 551 4388 ¹¹
569 4357 597 4408 E.
609 4359 756 4409 submersis.
823 4357 844 4388 ¹²
859 4373 895 4408 sc.
910 4358 1000 4421 Drogo
1013 4358 1045 4407 de
1058 4355 1155 4408 Murci.

762 4605 831 4704 Χ

827 4726 845 4766 ‘t
