3008 4904
264 253 336 340 264
574 247 705 336 tamt
729 241 920 350 [tamus
943 243 1095 349 anolo.

261 447 383 522 quidem
396 449 472 506 oculi
484 447 558 516 eius,
572 447 648 506 sicut
664 447 758 506 sacris
774 445 926 522 episcopis
942 449 1134 522 postmodum
1151 447 1271 508 referre
1289 447 1416 513 solebat

260 553 320 594 vna
341 555 409 595 cum
429 537 643 611 corporalibus,
662 535 815 610 angelicos
833 537 979 610 quosdam
1001 536 1124 610 spiritus
1144 538 1287 611 preclaro
1310 539 1416 596 intuim

262 625 405 684 assistere
418 643 492 700 sepe
502 625 644 683 videbant
653 623 679 696 ¹3
699 627 737 682 de
747 641 875 698 quorum
888 641 1014 680 numero
1026 632 1088 680 tres
1100 626 1182 681 adse
1193 627 1416 683 consolandum

262 713 441 770 accedentes
453 713 611 770 dixemnt:
631 711 790 769 ‘Oswalde
803 729 857 768 rex
869 711 918 768 dei
931 711 1121 781 electissime,
1131 713 1239 770 mortis
1253 715 1416 770 horrorem

233 825 248 878 3
262 800 322 856 noli
336 803 458 859 timere:
479 811 582 858 noster
593 799 708 873 collega
725 807 754 856 et
771 817 896 856 consors
913 799 943 855 in
957 800 1021 856 celo
1036 809 1200 873 reputatus,
1213 813 1347 873 peracto
1360 803 1417 856 vite

261 887 391 946 termino
410 899 514 945 nostro
535 887 660 961 collegio
678 886 863 944 adiiciendus
881 887 949 943 eris
988 886 1056 944 Non
1074 897 1175 944 tamen
1195 889 1225 944 in
1246 889 1309 945 isto
1330 889 1417 946 mori·

261 985 346 1034 turus
363 993 398 1034 es
411 987 556 1051 tempore,
569 993 625 1033 nec
639 975 728 1032 huius
744 975 915 1049 pestilentie
931 977 1093 1033 acerbitate
1106 976 1228 1033 ulterius
1248 977 1418 1034 feriendus

261 1063 406 1134 Christus,
431 1073 482 1122 tue
506 1063 699 1121 desolationis
723 1064 875 1136 angustias
900 1062 1067 1132 miseratus,
1091 1080 1214 1120 omnem
1238 1065 1417 1138 Anglorum

260 1152 405 1225 populum
417 1169 435 1208 a
447 1161 533 1225 peste
546 1161 575 1208 et
589 1151 682 1219 clade,
690 1150 804 1208 meritis
816 1149 875 1206 tuis
887 1159 916 1206 ct
929 1151 1070 1223 precibus
1081 1151 1252 1208 absolutum
1268 1153 1418 1220 liberauit,

217 1265 248 1304 ιο
260 1239 380 1312 viteque
390 1248 439 1298 tue
449 1249 492 1296 tot
505 1256 601 1296 annos
614 1237 846 1295 misericorditer
858 1237 1009 1308 adiiciens,
1017 1247 1047 1294 te
1060 1239 1194 1296 martirio
1203 1244 1417 1298 coronandum

260 1326 395 1398 instituit,
408 1327 553 1400 nobisque
569 1327 678 1384 amodo
691 1335 752 1383 tam
765 1325 894 1383 viuentis
911 1341 1001 1397 quam
1018 1327 1174 1383 morientis
1185 1327 1229 1382 tui
1242 1331 1416 1386 custodiam

260 1415 426 1489 delegauit’
464 1415 553 1472 Diem
575 1423 605 1471 et
627 1413 732 1470 horam
755 1415 801 1470 sui
822 1413 945 1470 martirii
963 1413 1166 1486 designarunt,
1185 1431 1240 1470 eos
1259 1425 1339 1472 tunc
1363 1417 1418 1474 sibi

260 1502 405 1560 affuturos
419 1511 598 1560 asserentes
635 1501 735 1575 Supra
750 1500 822 1558 solis
835 1500 1000 1557 claritatem
1016 1501 1110 1558 sacies
1126 1519 1231 1558 eorum
1244 1504 1417 1572 radiabant

260 1591 315 1648 sed
329 1609 385 1648 nec
398 1591 525 1647 formam
538 1605 642 1646 comm
654 1588 757 1645 verbis
774 1605 829 1645 rex
846 1587 998 1661 explicare
1010 1589 1153 1646 valebat¹.
1190 1588 1261 1646 lliis
1274 1591 1370 1648 dictis
1382 1594 1418 1648 ab

217 1705 246 1756 15
260 1678 354 1736 oculis
370 1679 436 1735 eius
454 1678 485 1735 in
503 1678 566 1735 celo
584 1676 696 1750 recepti
713 1685 791 1733 sunt
831 1675 917 1748 Rege
929 1676 1010 1732 enim
1023 1675 1181 1733 confestim
1195 1677 1319 1735 sanitati
1332 1679 1418 1735 resti

259 1775 332 1834 tuto,
354 1766 523 1839 Anglorum
545 1765 622 1821 fines
642 1765 748 1821 diebus
769 1763 829 1821 vite
851 1781 906 1820 sue
928 1764 1008 1820 nulla
1027 1764 1122 1838 pestis
1144 1767 1327 1836 perturbare
1348 1785 1417 1841 pre·
1475 1779 1477 1846 ',

260 1854 399 1926 sumpsit.
449 1853 496 1910 Ex
515 1853 565 1909 illo
583 1861 722 1925 tempore
743 1853 774 1907 in
794 1850 933 1908 omnibus
952 1853 1010 1908 deo
1028 1860 1058 1907 et
1076 1851 1248 1908 hominibus
1267 1857 1418 1912 emenda·
1477 1884 1478 1916 l

260 1941 368 1998 tiorem
388 1959 421 1999 se
440 1941 568 2014 prebuit,
581 1949 611 1996 et
629 1939 689 1997 vite
708 1957 762 1996 sue
780 1939 893 1995 exitum
913 1955 980 1995 cum
999 1939 1108 2011 gaudio
1126 1941 1310 2012 expectauit
1350 1943 1417 2000 Vite
1478 1958 1479 1980 l

260 2029 403 2102 preterite
430 2027 595 2086 vanitates⁸
626 2027 736 2084 mentis
766 2026 925 2084 deuotione
954 2027 1148 2096 transcendit,
1173 2027 1358 2088 elemosinis
1388 2041 1417 2087 et
1479 2032 1480 2050 ¹

216 2135 247 2172 ao
260 2116 414 2174 lachrimis
426 2116 586 2189 preteritas
598 2114 797 2188 negligentias
807 2114 938 2187 quotidie
948 2113 1084 2171 redemit.
1116 2114 1188 2170 Post
1201 2115 1281 2172 hanc
1292 2137 1417 2192 quoque

260 2205 407 2262 visionem
421 2220 479 2260 vna
495 2220 563 2260 cum
578 2203 763 2276 Kyneburga
775 2219 869 2260 vxore
886 2219 948 2273 sua,
961 2201 1042 2274 regis
1053 2201 1293 2261 westsaxonum
1310 2206 1417 2279 Kyne-
1482 2254 1483 2308 1

259 2291 346 2366 gilsi⁴
359 2291 428 2361 filia,
441 2289 583 2348 castitatis
597 2289 776 2347 mundiciam
790 2289 821 2346 in
834 2299 988 2362 posterum
1001 2289 1201 2348 conseruauit.
1275 2279 1417 2352 Sanctus
1483 2328 1484 2378 p

259 2389 360 2458 autem
374 2379 535 2436 Oswaldus
547 2377 731 2451 pauperibus
748 2395 782 2434 ac
799 2376 966 2450 peregrinis
984 2393 1106 2449 semper
1118 2377 1249 2446 humilis,
1262 2380 1417 2456 benignus
1484 2402 1485 2452 l

259 2477 290 2525 et
311 2469 410 2540 largus
431 2467 493 2523 luit.
531 2467 607 2522 Cum
630 2465 710 2522 enim
732 2467 862 2538 quodam
885 2465 934 2520 die
955 2481 1056 2538 pasce,
1077 2464 1229 2524 assidente
1252 2485 1362 2528 secum
1384 2473 1416 2528 in
1484 2455 1485 2458 Ἴ

215 2580 247 2631 ²5
263 2573 368 2614 mensa
387 2555 529 2628 episcopo
544 2553 671 2624 Aidano,
684 2554 802 2610 veniret
820 2555 858 2610 ad
877 2553 996 2610 ianuam
1015 2553 1095 2626 regis
1114 2571 1223 2626 magna
1241 2573 1416 2630 pauperum

261 2644 418 2702 multitudo
437 2642 633 2700 elemosinam
653 2651 769 2714 petens,
786 2651 816 2699 et
835 2657 889 2698 rex
907 2640 988 2697 aliud
1006 2641 1043 2697 ad
1063 2658 1185 2698 manum
1204 2659 1268 2700 non
1287 2645 1416 2704 haberet

260 2732 487 2807 porrigendum,
500 2729 600 2803 ipsum
615 2728 761 2786 ferculum
774 2745 875 2786 coram
888 2747 921 2785 se
935 2727 1076 2800 positum,
1089 2745 1156 2785 cum
1169 2730 1253 2786 disco
1267 2747 1416 2806 argenteo

259 2819 428 2878 minutatim
447 2817 673 2890 confringendo,
689 2818 727 2873 ad
745 2833 896 2890 pauperes
914 2815 1003 2873 misit.
1039 2816 1107 2886 Quo
1119 2816 1193 2886 viso,
1206 2820 1349 2890 pontifex
1365 2824 1416 2880 tali

259 2908 337 2965 sacto
355 2907 531 2974 delectatus,
547 2905 747 2978 apprehendit
765 2905 921 2961 dexteram
939 2903 1005 2961 eius
1021 2913 1051 2961 et
1069 2903 1126 2962 ait:
1147 2905 1250 2978 ‘Rogo
1270 2909 1365 2966 deum
1384 2923 1415 2968 vt

214 3022 246 3074 ³⁰
260 3012 413 3069 nunquam
433 2991 674 3066 [inlueterascat⁶
692 3009 799 3050 manus
818 2991 890 3048 ista’
926 2992 1013 3062 Quod
1039 2993 1079 3048 ita
1102 2992 1211 3050 sactum
1236 3005 1294 3052 est.
1335 2998 1415 3056 Nam

259 3083 403 3140 Oswaldo
417 3081 609 3155 postmodum
627 3079 794 3150 interfecto,
806 3079 961 3136 brachium
978 3097 996 3136 a
1013 3097 1138 3152 corpore
1155 3091 1328 3140 resecatum
1346 3086 1415 3144 hac·

258 3179 347 3230 tenus
368 3169 486 3227 durauit
510 3169 724 3241 incorruptum.
797 3154 974 3226 Commisso
997 3167 1119 3224 tandem
1141 3169 1225 3240 graui
1247 3171 1356 3241 prelio,
1376 3176 1415 3232 ab

258 3260 365 3316 eadem
387 3267 478 3331 gente
499 3273 617 3331 pagana
639 3273 817 3329 paganoque
838 3273 910 3328 rege
930 3253 1110 3312 Merciorum
1130 3254 1241 3326 Penda,
1260 3275 1279 3314 a
1299 3277 1363 3331 quo
1385 3273 1415 3319 et

259 3347 460 3420 predecessor
483 3345 548 3402 eius
575 3343 720 3400 Edwinus
748 3353 924 3417 peremptus
952 3341 1056 3412 suerat,
1080 3341 1111 3399 in
1136 3342 1201 3399 loco
1226 3345 1278 3417 qui
1309 3347 1415 3422 lingua

213 3456 244 3508 35
258 3435 427 3508 Anglomm
448 3431 619 3490 Maserscld’
636 3440 766 3502 vocatur,
779 3432 894 3488 occisus
913 3441 967 3500 est,
981 3447 1060 3487 anno
1079 3431 1165 3487 etatis
1184 3447 1238 3489 sue
1257 3432 1415 3495 tricesimo

258 3532 372 3592 octauo,
391 3522 479 3578 nonis
497 3519 623 3594 augusti.
660 3519 734 3576 ‘Est
756 3527 856 3576 autem
877 3519 960 3575 locus
982 3517 1049 3576 ffler
1071 3519 1276 3577 conterminus
1299 3522 1415 3583 finibus

257 3609 435 3669 Armorice⁸
451 3607 685 3681 Walliel—quia
705 3607 868 3680 antiquitus
888 3624 960 3680 pars
981 3607 1112 3664 maxima
1131 3607 1241 3664 Wallie
1261 3610 1344 3668 dicta
1366 3625 1414 3670 est

257 3700 424 3758 Armorica.
460 3697 510 3753 Ab
529 3696 603 3753 vrbe
621 3696 703 3752 enim
723 3695 845 3768 Salopie
853 3695 875 3728 ¹⁰
893 3703 1011 3768 septem
1032 3693 1094 3751 iere
1117 3693 1282 3753 miliaribus
1301 3715 1414 3760 versus

257 3789 387 3846 candem
409 3783 551 3842 Walliam
574 3783 686 3840 distare
708 3783 851 3857 probatur
875 3781 955 3838 idem
977 3782 1069 3851 locus,
1088 3782 1264 3856 abbatisque
1285 3785 1414 3862 Salopie

211 3897 245 3948 40
258 3876 367 3935 dicioni
376 3875 396 3908 ¹¹
415 3873 510 3942 cedit;
529 3890 548 3929 a
564 3871 645 3929 fossa
661 3889 780 3945 quoque
802 3871 882 3944 regis
901 3870 970 3927 offe
988 3887 1047 3943 que
1065 3870 1207 3943 Angliam
1223 3881 1254 3929 et
1267 3872 1414 3936 Wallianr

257 3964 372 4036 diuidit,
385 3960 512 4020 miliario
524 3977 584 4017 non
598 3960 687 4034 plene
703 3959 835 4029 dimidio,
848 3967 878 4016 et
896 3975 914 4015 a
926 3957 1139 4016 Wenelocensi
1145 3958 1166 3992 ¹¹
1177 3961 1304 4017 cenobio
1313 3965 1414 4022 nillia·

289 4113 299 4144 ¹
317 4113 347 4162 E.
360 4109 470 4160 videbat.
586 4107 596 4137 ¹
613 4107 642 4158 Ε.
655 4107 758 4159 valebit.
868 4106 879 4136 ⁸
896 4107 925 4158 E.
940 4107 1094 4156 natiidtates
1192 4107 1202 4136 ⁴
1220 4107 1250 4158 ἱ
1265 4109 1411 4174 Kynegilfi.

257 4181 267 4212 ¹
285 4179 314 4230 E.
328 4183 479 4228 veterascat.
568 4173 579 4202 ⁸
596 4175 734 4252 Reginald,
746 4189 801 4237 cap.
817 4187 855 4250 ¹⁹:
947 4171 957 4200 ⁷
976 4173 1044 4222 Now
1055 4173 1193 4250 Osmestry
1206 4175 1266 4270 Kisa.
1279 4177 1414 4256 Oswfld'c

257 4239 650 4362 ἱκέῗψωέιξξὲῃέτωοωοε.
716 4241 726 4272 ⁸
743 4240 773 4292 E.
786 4239 877 4291 Valhe.
947 4237 967 4270 ²⁰
978 4239 1008 4291 E.
1015 4239 1136 4344 ΝΒοῑιιριιε.
1249 4241 1279 4292 E
1291 4243 1412 4298 dicuom.
