3054 4904
303 283 378 377 Dr
403 281 566 372 storto
591 280 747 384 nostor
774 280 825 370 oh
849 279 1069 378 utmauu.
1216 301 1262 377 79

109 485 178 548 aliis
200 485 252 558 qui
276 485 410 542 aduocati
432 485 498 542 eius
521 485 640 542 fuerant
664 502 765 542 coram
791 483 894 542 Pilato.
933 484 1082 541 Omnibus
1102 493 1202 541 autem
1228 500 1262 541 se

110 573 338 643 occultantibus,
363 573 405 629 hii
434 575 493 630 duo
522 574 686 642 memorati,
713 573 822 645 loseph
847 572 985 630 videlicet
1014 581 1044 629 et
1070 571 1262 642 Nicodemus,

110 663 275 718 ostendunt
293 678 327 718 se
346 660 415 730 illis,
434 661 585 718 dicentes:
612 661 731 731 ‘Quare
750 659 916 718 contristati
935 659 1008 717 estis
1026 661 1187 718 aduersum
1207 676 1262 717 nos

110 749 181 822 quia
200 747 397 821 sepeliuimus
416 765 524 821 corpus
544 748 655 805 Ihesut
674 765 735 805 non
754 751 832 806 bene
852 747 956 821 egistis
974 749 1122 806 aduersus
1140 748 1262 818 iustum,

111 855 211 909 neque
223 835 409 908 recogitastis
426 845 538 908 quanta
554 834 699 893 beneficia
714 853 786 908 erga
800 854 856 893 vos
871 846 1012 909 operatus
1029 845 1084 906 est,
1097 837 1152 893 sed
1168 835 1291 906 cruci-5

111 923 221 986 fixistis
234 941 313 993 eum,
327 933 358 982 et
370 923 473 981 lancea
485 923 685 980 vulnerastis:
722 923 891 980 Audientes
906 921 991 980 iudei
1010 941 1167 981 sermones
1180 926 1263 994 istos,

110 1012 378 1085 apprehenderunt
391 1010 511 1083 loseph,
525 1021 556 1067 et
569 1011 756 1067 incluserunt
769 1027 837 1068 eum
851 1011 883 1068 in
903 1011 1049 1080 cubiculo,
1061 1012 1111 1068 vbi
1125 1029 1186 1069 non
1199 1020 1264 1067 erat

110 1099 264 1169 fenestra;
283 1109 313 1155 et
330 1098 523 1170 signauerunt
538 1097 668 1154 ostium¹
681 1099 790 1155 Annas
805 1107 835 1154 et
854 1097 992 1170 Caiphas‚
1005 1105 1035 1155 et
1053 1099 1194 1155 custodes
1210 1116 1263 1172 po-

111 1196 239 1246 suerunt
250 1188 300 1259 qui
311 1187 496 1243 custodirent
506 1203 575 1242 eum
590 1207 597 1252 ;
617 1185 917 1242 Nichodemumvero
929 1185 1057 1242 liberum
1065 1185 1243 1243 dimiserunt
1255 1205 1262 1242 :

110 1275 182 1348 quia
191 1275 258 1347 ipse
267 1274 351 1332 solus
365 1273 474 1347 loseph
483 1290 593 1345 corpus
607 1272 698 1330 ihesu
711 1272 796 1344 petiit
809 1291 843 1329 ac
856 1272 1031 1346 principalis
1042 1272 1197 1330 incentor²
1210 1274 1263 1330 suit
1279 1289 1310 1324 10

110 1361 268 1434 sepulture
280 1361 355 1419 eius.
392 1361 464 1417 Post
476 1361 532 1418 hec
545 1360 733 1433 congregatis
746 1361 888 1418 omnibus
903 1378 959 1434 per
971 1361 1051 1419 diem
1065 1362 1181 1419 sabbati
1194 1380 1262 1419 cum

111 1449 318 1507 sacerdotibus
331 1456 360 1506 et
373 1448 480 1519 leuitis,
494 1449 770 1521 cogitauerunt-qua
782 1458 879 1505 morte
892 1449 1063 1506 occiderent
1077 1448 1196 1522 loseph.
1226 1450 1263 1506 Et

111 1539 265 1596 iusserunt
284 1536 436 1609 principes
455 1537 545 1592 Anne
563 1545 592 1592 et
612 1536 726 1608 Caiphe
744 1545 776 1593 vt
794 1537 1058 1609 representarent³
1077 1536 1195 1610 loseph.
1225 1537 1263 1594 Et

110 1625 283 1699 aperientes
302 1624 388 1697 signa
406 1623 484 1694 ostii,
497 1641 557 1680 non
572 1623 752 1680 inuenerunt
769 1641 848 1680 eum.
894 1623 999 1680 Missis
1013 1634 1114 1681 autem
1132 1625 1263 1696 undique

112 1711 364 1786 exploratoribus,
390 1711 530 1769 inuentus
555 1711 655 1768 estin
680 1711 797 1768 ciuitate
823 1728 877 1767 sua
896 1712 1081 1770 Armathia‘.
1120 1712 1187 1769 Hec
1211 1725 1308 1780 :ru-15

112 1801 231 1858 dientes
244 1799 396 1872 principes
409 1800 596 1856 sacerdotum
607 1807 638 1856 et
649 1799 748 1856 omnis
760 1800 889 1872 populus
904 1798 1076 1868 iudeorum,
1086 1800 1181 1873 gauisi
1195 1810 1264 1857 sunt

112 1888 183 1961 quia
196 1888 337 1945 inuentus
350 1896 404 1943 est.
442 1886 479 1942 Et
493 1886 635 1943 facientes
648 1886 910 1959 congregationem
924 1903 1071 1958 magnam,
1079 1888 1264 1960 scripserunt

110 1978 150 2038 ad
165 1975 277 2047 Ioseph
290 1975 443 2031 dicentes:
464 1972 545 2030 ‘Pax
557 1982 656 2032 tecum
671 1983 701 2030 et
713 1973 852 2030 omnibus
866 1973 916 2046 qui
929 1983 1027 2030 tecum
1041 1983 1118 2031 sunt.
1143 1974 1264 2032 Scimus

110 2063 183 2136 quia
196 2062 390 2136 peccauimus
402 2061 433 2117 in
446 2062 536 2117 deum
549 2070 579 2118 et
591 2069 639 2118 te:
659 2061 783 2134 dignare
796 2061 886 2133 igitur
903 2061 1007 2118 venire
1025 2063 1064 2118 ad
1080 2071 1184 2135 patres
1196 2072 1264 2120 tuos

111 2161 143 2210 et
164 2149 259 2206 filios:
287 2150 356 2223 quia
376 2148 512 2205 admirati
531 2165 637 2206 sumus
661 2148 751 2205 nimis
773 2150 811 2205 de
831 2149 1015 2206 assumtione
1039 2159 1098 2206 tua
1144 2150 1264 2207 Scimus
1280 2176 1311 2212 πο

110 2239 194 2296 enim
207 2237 277 2309 quia
290 2237 453 2308 malignum
466 2235 622 2294 consilium
634 2235 829 2308 cogitauimus
845 2238 1007 2294 aduersum
1025 2246 1063 2308 te,
1077 2245 1107 2294 et
1123 2237 1264 2296 dominus

110 2323 252 2384 liberauit
271 2333 301 2381 te
320 2326 359 2380 de
383 2323 512 2395 maligno
537 2323 662 2380 consilio
681 2333 792 2380 nostro.
830 2323 894 2380 Pax
916 2323 978 2394 tibi,
1000 2325 1120 2382 domine
1144 2325 1264 2398 loseph,

112 2411 298 2470 honorabilis
317 2412 355 2468 ab
379 2411 461 2468 omni
485 2412 593 2484 plebe!
631 2410 668 2468 Et
692 2411 867 2484 elegerunt‘
891 2421 1010 2486 septem
1034 2413 1123 2481 viros,
1149 2412 1263 2470 amicos

112 2501 237 2572 Ioseph,
250 2499 385 2556 dicentes
397 2499 461 2556 eis:
481 2499 579 2556 ‘Dum
592 2498 791 2573 peruenen'tis
808 2501 845 2556 ad
864 2499 983 2573 loseph,
1001 2502 1131 2558 salutate
1147 2518 1217 2557 eum
1232 2501 1263 2557 in

110 2591 205 2662 pace’
243 2586 280 2643 Et
298 2589 339 2644 ita
357 2585 499 2644 facientes
518 2586 573 2642 viri
591 2587 632 2642 illi
651 2587 799 2644 dederunt
817 2586 845 2643 ei
864 2587 997 2644 libellum
1016 2588 1151 2658 epistole.
1188 2588 1263 2645 Cum
1280 2619 1310 2668 ²5

112 2673 241 2748 [autem]
251 2673 262 2706 ⁸
274 2673 397 2747 legisset
409 2674 576 2747 epistolam,
590 2667 684 2732 diirit:
705 2674 903 2732 ‘Benedictus
920 2675 1060 2732 dominus
1075 2677 1150 2733 deus
1169 2693 1265 2746 meus,

109 2764 165 2836 qui
179 2762 311 2818 liberasti
326 2761 427 2830 lsrael,
440 2771 472 2816 vt
485 2779 544 2818 non
557 2761 726 2819 effunderet
741 2762 920 2834 sanguinem
935 2780 1046 2821 meum.
1085 2764 1265 2820 Benedictus

110 2853 191 2910 deus
204 2849 255 2922 qui
267 2848 425 2921 protexisti
436 2866 486 2904 me
503 2849 560 2905 sub
577 2849 632 2906 alis
646 2849 724 2906 tuis!
762 2849 800 2905 Et
817 2850 967 2907 osculatus
982 2860 1029 2908 est
1049 2850 1158 2923 loseph
1175 2852 1265 2920 viros,

109 2937 285 3009 suscipiens
303 2937 335 2993 in
354 2937 477 2993 domum
497 2953 591 2995 suam.
628 2936 698 2992 Alia
715 2954 787 2993 vero
803 2937 851 2993 die
870 2939 1038 2995 ascendens
1056 2941 1183 3010 asinum,
1196 2956 1265 2995 cum

109 3026 174 3086 illis
192 3024 274 3082 venit
294 3023 486 3081 Hierusalem
496 3023 514 3081 ⁷.
559 3023 646 3094 Quod
666 3041 734 3080 cum
752 3024 906 3082 audissent
926 3025 1018 3094 iudei,
1031 3035 1224 3082 occurrerunt
1237 3026 1264 3084 ei
1280 3055 1312 3104 30

109 3113 245 3182 obuiam,
257 3111 410 3168 dicentes:
431 3111 512 3167 ‘Pax
524 3111 556 3168 in
571 3110 700 3180 introitu,
713 3114 815 3184 pater.'
854 3111 971 3182 Quibus
987 3113 1161 3186 respondit:
1183 3114 1264 3171 ‘Pax

108 3201 200 3259 vobis
218 3199 358 3256 omnibus
377 3200 431 3255 sit’
470 3198 508 3254 Et
525 3199 650 3256 osculati
669 3209 739 3256 sunt
756 3217 827 3258 eum
846 3217 970 3272 omnes:
997 3212 1026 3258 et
1047 3201 1179 3274 suscepit
1196 3219 1266 3258 eum

111 3291 140 3348 N
143 3289 322 3347 ichodemus
334 3285 365 3342 in
378 3288 501 3342 domum
515 3301 609 3354 suam,
622 3286 751 3359 lecitque
764 3287 792 3343 ei
805 3288 984 3345 conuiuium.
1020 3289 1090 3345 Alia
1103 3298 1203 3346 autem
1217 3289 1266 3346 die

86 3375 363 3438 ‘conuenientibus
394 3373 425 3429 in
456 3389 549 3430 vnum
581 3373 690 3445 iudeis,
716 3375 857 3432 dixerunt
886 3378 924 3433 ad
958 3375 1067 3450 loseph
1099 3379 1206 3434 Annas
1236 3388 1266 3435 et

109 3463 265 3536 Caiphas:
285 3461 348 3518 ‘Da
361 3460 578 3518 confessionem
591 3462 648 3518 deo
662 3461 757 3519 Israel
770 3472 800 3520 et
813 3463 971 3521 manifesta
988 3464 1074 3522 nobis
1089 3467 1189 3522 omnia
1206 3482 1266 3538 que
1281 3491 1311 3542 35

108 3554 314 3623 interrogatus
327 3548 427 3607 fueris.
464 3548 542 3618 Quia
560 3548 650 3621 igitur
667 3551 823 3607 contestati
840 3551 965 3610 sumus‘
978 3554 1016 3609 de
1030 3571 1066 3608 eo
1083 3554 1162 3626 quod
1178 3570 1266 3626 sepe·

109 3639 174 3698 listi
188 3653 300 3709 corpus
314 3635 413 3704 ihesu,
426 3645 456 3693 et
469 3635 645 3693 inclusimus
657 3646 688 3693 te
706 3637 736 3692 in
750 3639 886 3696 cubiculo
904 3640 1020 3713 prope⁰
1035 3641 1116 3697 diem
1134 3640 1266 3710 sabbati:

110 3736 237 3802 postera
257 3723 307 3781 die
324 3732 488 3796 querentes
507 3734 537 3780 te
558 3741 619 3780 non
639 3725 818 3794 inuenimus,
839 3736 869 3784 et
889 3727 1027 3785 admirati
1048 3745 1152 3784 sumus
1175 3728 1267 3784 nimio

109 3830 229 3889 pauore
241 3828 336 3884 usque
349 3827 428 3867 nunc
441 3827 509 3868 cum
521 3820 552 3867 te
564 3811 770 3885 suscepimus:
785 3823 816 3870 et
827 3831 928 3870 coram
939 3815 996 3872 deo
1011 3815 1168 3871 manifesta
1180 3815 1267 3872 nobis

108 3901 187 3975 quid
207 3901 246 3956 de
263 3907 294 3955 te
312 3907 411 3954 actum
431 3899 486 3955 sit!
525 3897 728 3972 Respondens
748 3909 849 3958 autem
870 3900 980 3974 loseph
1000 3901 1094 3959 dixit:
1122 3902 1267 3972 ‘Quando
1280 3933 1314 3982 40

109 4007 164 4046 me
180 3985 347 4044 reclusistis
360 3987 391 4041 in
404 3985 485 4042 diem
502 3999 677 4060 parasceue,
693 3989 731 4044 ad
747 4005 909 4061 vesperum
927 3991 1000 4046 dum
1014 3999 1127 4046 starem
1145 3991 1182 4046 ad
1200 4007 1267 4047 ora-

109 4079 228 4135 tionem
241 4073 290 4134 die
302 4073 425 4144 sabbati,
439 4074 538 4132 media
554 4085 640 4132 nocte
658 4093 808 4148 suspensa
827 4084 873 4134 est
891 4078 1009 4146 domus,
1022 4076 1053 4133 in
1070 4095 1128 4151 qua
1145 4095 1268 4148 eram,a

109 4173 245 4240 quatuor
256 4161 372 4235 angelis
380 4161 410 4220 ¹⁰.
448 4161 486 4218 Et
498 4161 558 4220 vidi
573 4162 695 4220 ihesum
708 4164 785 4221 sicut
798 4162 944 4236 fulgorem
957 4163 1040 4234 lucis,
1049 4173 1079 4222 et
1092 4181 1146 4238 pre
1160 4164 1267 4225 timore

145 4275 478 4340 ¹H.addssuperclauem.
513 4275 562 4327 'R
571 4276 691 4328 intentor.
727 4277 980 4340 ¹H.presentnrent.
1015 4275 1182 4328 ‘EinArm
1213 4278 1266 4328 ⁸12.

109 4347 251 4409 eligerunt.
281 4342 416 4394 ‘Etenim
444 4339 669 4394 'Ehierusulenu
703 4341 863 4396 ‘ilduinus
894 4343 949 4394 Ἠ.
956 4352 1071 4407 propter.
1102 4345 1121 4375 ¹⁶
1130 4361 1149 4396 r.
1157 4344 1266 4407 angulis
