3012 4898
291 355 365 427 290
603 333 735 422 noba
759 330 952 434 mmm
976 327 1128 434 tinniit

289 532 411 592 humilis
435 535 634 592 seruunculus
658 535 716 604 dei,
738 551 819 590 anno
839 532 1054 590 incarnationis
1077 531 1213 590 eiusdem
1235 533 1445 608 quadringen-

289 621 398 678 tesimo
410 622 561 679 tricesimo
574 623 605 677 in
620 621 799 679 Hiberniam
816 639 834 679 a
850 621 1041 678 sanctissimo
1053 637 1130 694 papa
1144 620 1300 678 Celestino
1315 623 1443 696 legatus,

290 711 338 768 dei
352 714 446 784 gratia
461 711 642 770 Hibemicos
654 713 691 768 ad
705 712 797 769 fidem
808 711 942 768 veritatis
955 710 1097 767 conuerti.
1134 709 1255 766 Etcum
1267 727 1325 766 eos
1337 711 1372 766 in
1387 711 1444 767 fide

289 799 435 858 catholica
444 801 632 871 solidassem,
642 798 764 856 tandem
777 799 807 856 in
819 797 1006 855 Britanniam
1016 814 1084 854 sum
1096 815 1246 864 reuersus,
1256 799 1297 854 ad
1310 798 1443 855 insulam

262 895 276 946 5
289 887 456 946 Aualonie:
476 897 507 945 et
519 889 560 945 ibi
568 887 726 945 duodecim
735 891 843 944 iratres
855 887 957 943 inueni
970 885 1174 942 heremiticam
1182 885 1275 942 vitam
1286 887 1444 943 ducentes.

291 975 328 1031 Et
350 976 493 1049 quoniam
515 974 617 1033 inueni
639 993 693 1033 eos
714 975 842 1033 humiles
862 992 897 1031 ac
918 973 1044 1047 quietos,
1064 972 1143 1046 elegi
1163 973 1265 1046 potius
1290 991 1365 1032 curn
1386 976 1443 1030 illis

289 1062 424 1121 abiectus
454 1081 533 1134 esse,
558 1081 648 1136 quam
673 1062 704 1120 in
729 1063 880 1136 regalibus
910 1063 1001 1119 curiis
1030 1061 1172 1118 habitare.
1221 1061 1348 1134 Sicque,
1375 1063 1442 1119 licet

289 1150 426 1222 inuitum,
444 1151 475 1207 in
496 1159 650 1225 pastorem
673 1168 722 1208 me
744 1151 800 1208 sibi
818 1150 1015 1224 pretulerunt.
1052 1149 1109 1205 Vbi
1134 1151 1165 1205 in
1189 1149 1314 1222 scriptis
1339 1168 1443 1207 receu-

289 1237 415 1296 tioribus
433 1239 536 1296 inueni
551 1240 630 1312 quod
650 1248 773 1296 sanctus
787 1238 948 1311 Phaganus
959 1246 990 1294 et
1005 1237 1195 1294 Deruuianus
1212 1239 1250 1293 ab
1264 1236 1443 1296 Eleutherio

246 1334 276 1370 ¹0
289 1343 377 1400 papa,
397 1327 448 1400 qui
472 1345 525 1384 eos
549 1327 681 1398 miserat,
702 1328 809 1385 decem
829 1343 925 1383 annos
950 1325 1133 1398 indulgentie
1154 1325 1369 1398 impetrarunt
1407 1326 1443 1381 Et

289 1431 355 1486 ego,
370 1414 461 1471 irater
475 1413 630 1483 Patricius,
645 1433 664 1472 a
678 1415 729 1488 pie
746 1415 891 1472 memorie
905 1413 1056 1471 Celestino
1073 1429 1153 1487 papa
1169 1413 1332 1470 duodecim
1345 1431 1443 1471 annos

289 1502 442 1574 acquisiui.
481 1502 553 1559 Post
571 1501 627 1559 hec
645 1505 676 1558 in
695 1502 849 1560 cacumine
868 1501 979 1559 montis
1003 1501 1157 1575 antiquum
1179 1503 1360 1559 inuenimus
1380 1519 1443 1558 ora·

289 1589 406 1658 torium,
424 1599 454 1647 et
472 1590 537 1647 sere
554 1591 704 1647 dirutum:
723 1590 774 1647 vbi
793 1609 850 1664 ego
867 1600 898 1646 et
917 1590 1010 1646 frater
1027 1590 1148 1664 quidam
1166 1589 1264 1646 tribus
1283 1591 1443 1648 mensibus

288 1675 499 1748 ieiunauimus,
512 1677 697 1734 orationibus
715 1688 745 1735 et
758 1677 867 1751 vigiliis
879 1687 1028 1734 vacantes.
1066 1677 1203 1748 Quadam
1221 1686 1327 1735 autem
1347 1689 1443 1744 nocte,

246 1773 275 1823 ¹5
290 1783 357 1822 cum
375 1767 478 1840 sopori
496 1767 633 1822 membra
650 1783 718 1822 mea
733 1767 895 1836 dedissem,
907 1765 1046 1840 apparuit
1063 1766 1136 1822 mihi
1147 1765 1292 1822 dominus
1307 1766 1397 1825 lesus
1413 1769 1442 1822 in

289 1853 365 1923 visu,
379 1855 502 1911 dicens:
524 1857 541 1884 “
550 1853 658 1910 Potrici
671 1871 760 1910 serue
774 1871 868 1922 meus,
881 1855 959 1910 scias
976 1871 1025 1910 me
1042 1853 1170 1926 elegisse
1185 1853 1284 1910 locum
1299 1855 1395 1912 istum
1408 1857 1443 1912 ad

289 1941 435 1998 honorem
461 1940 590 1998 nominis
618 1941 678 1998 mei
702 1950 733 1998 et
758 1940 913 1998 Michaelis
938 1941 1107 2014 archangeli
1133 1941 1202 1998 mei.
1240 1940 1279 1997 Et
1306 1943 1366 2000 hoc
1393 1942 1443 1998 ubi

290 2029 426 2101 signum:
451 2027 611 2084 Brachium
623 2037 708 2086 tuum
724 2027 878 2086 sinistrum
891 2038 1015 2098 arescet,
1028 2030 1124 2085 donec
1137 2045 1196 2101 que
1208 2029 1313 2086 vidisti
1326 2048 1443 2087 annun·

290 2115 417 2172 ciaueris
436 2115 577 2172 fratribus
598 2115 666 2186 tuis,
686 2126 717 2173 et
737 2118 836 2174 denuo
859 2117 916 2172 buc
936 2116 1090 2173 redieris.”
1129 2116 1166 2173 Et
1184 2115 1298 2173 factum
1320 2128 1368 2175 est
1388 2118 1442 2174 ita·

246 2215 278 2252 20
292 2202 412 2276 Elapsis
431 2213 499 2276 post
519 2204 574 2260 hec
593 2203 705 2276 aliquot
724 2203 811 2260 annis
830 2213 936 2261 nature
955 2205 1054 2272 cessit,
1068 2213 1098 2260 et
1117 2205 1318 2276 sepulturam,
1338 2207 1443 2280 angelo

291 2300 486 2358 monstrante,
508 2289 689 2364 flammaque
710 2291 831 2364 ingente
851 2293 890 2348 de
909 2292 1016 2348 eodem
1043 2292 1109 2348 loco
1131 2292 1247 2348 cunctis
1268 2293 1443 2350 videntibus

290 2388 478 2451 erumpente,
498 2379 528 2434 in
547 2387 665 2435 vetusta
687 2379 814 2436 ecclesia
837 2379 868 2435 in
889 2379 1013 2436 dextra¹
1032 2389 1118 2452 parte
1140 2379 1245 2435 altaris
1265 2383 1443 2453 promeruit

290 2464 373 2523 Obiit
392 2475 493 2522 autem
508 2465 656 2538 (beatus)¹
670 2465 816 2523 Patricius
835 2484 915 2523 anno
928 2467 1015 2523 etatis
1027 2484 1081 2524 sue
1094 2467 1261 2523 centesimo
1273 2471 1443 2534 vndecimo‚

290 2552 504 2610 incarnationis
513 2571 585 2611 vero
597 2553 746 2610 dominice
756 2553 1051 2627 quadringentesimo
1064 2553 1289 2628 septuagesimo
1299 2559 1444 2624 secundo,

246 2655 276 2706 ²5
291 2641 340 2714 qui
355 2640 409 2697 luit
425 2659 523 2698 annus
540 2659 580 2698 ex
593 2658 651 2715 quo
668 2639 700 2696 in
714 2640 892 2698 Hiberniam
911 2642 1022 2724 missus
1038 2651 1085 2698 est
1103 2643 1358 2715 quadragesimus
1375 2663 1444 2718 sep·

289 2727 388 2786 timus
426 2729 584 2801 Siquidem
606 2745 685 2784 anno
707 2728 856 2786 dominice
880 2728 1092 2786 incarnationis
1113 2731 1332 2787 trecentesimo
1357 2749 1445 2790 sexa·

288 2815 404 2888 gesimo
417 2817 515 2889 primo
530 2815 674 2872 Patricius
686 2815 718 2871 in
732 2817 829 2872 lucem
842 2818 933 2884 venit,
946 2826 976 2874 et
988 2833 1068 2873 anno
1080 2816 1192 2872 domini
1205 2819 1445 2894 quadringente·

289 2903 366 2960 simo
384 2903 527 2961 vicesimo
551 2903 655 2976 quinto
677 2921 695 2959 a
713 2903 867 2960 Celestino
886 2921 966 2977 papa
989 2905 1019 2960 in
1040 2903 1216 2961 Hiberniam
1241 2905 1360 2964 missus
1384 2909 1445 2964 hait

291 2989 350 3047 Hic
373 2993 453 3046 enim
475 2999 539 3047 erat
563 3007 662 3048 annus
683 2991 771 3048 etatis
796 3009 850 3049 sue
875 2993 1083 3065 sexagesimus
1107 3001 1249 3064 quartus:
1279 3003 1311 3050 et
1337 2995 1443 3068 ann[o]

245 3093 278 3144 30
292 3077 407 3135 domini
424 3077 745 3152 quadringentesim[o]
761 3078 939 3152 tricesim[o]
953 3079 1087 3152 terti[o]⁸
1101 3079 1279 3137 Hiberniam
1295 3083 1336 3138 ad
1353 3085 1443 3142 fidem
1492 3117 1493 3161 q

292 3167 403 3224 Christi
422 3167 577 3235 conuertit,
590 3176 620 3223 et
638 3177 745 3240 postea
763 3167 795 3223 in
815 3167 1001 3224 Britanniam
1021 3185 1171 3236 reuersus,
1188 3169 1312 3241 triginta
1333 3189 1444 3228 nouem

290 3272 387 3312 annos
413 3254 444 3311 in
470 3254 567 3311 insula
587 3255 736 3312 Aualonie
761 3255 878 3312 durauit
900 3265 938 3326 et,
957 3265 990 3313 vt
1013 3255 1202 3330 premittitur,
1224 3273 1306 3314 artno
1328 3260 1445 3316 domini

290 3342 588 3416 quadringentesimo
618 3342 844 3416 septuagesimo
875 3344 1009 3400 secundo
1039 3344 1078 3400 ad
1104 3345 1261 3400 dominum
1293 3345 1445 3420 migrauit
1492 3357 1493 3366 ¹

292 3429 453 3503 Requieuit
472 3439 571 3486 autem
591 3430 622 3486 in
642 3439 767 3501 vetusta,
786 3432 835 3486 vbi
856 3431 993 3504 sepultus
1011 3430 1075 3502 suit,
1094 3432 1221 3488 ecclesia
1240 3435 1493 3507 septingentis

244 3533 277 3586 35
291 3518 396 3576 decern
406 3517 578 3588 ann1s⁴(⁸et
586 3519 752 3574 secundum
762 3535 933 3590 opmronem
943 3520 1155 3575 modernorum
1164 3529 1287 3576 sanctus
1296 3519 1493 3580 Patricius
1492 3554 1493 3598 l

290 3613 322 3662 et
334 3615 457 3662 sanctus
471 3605 636 3677 Benignus,
645 3605 813 3679 discipulus
825 3623 907 3671 suus,
919 3607 1017 3662 iacent
1030 3606 1061 3662 in
1071 3623 1131 3662 vno
1145 3607 1255 3663 scrinio
1264 3625 1304 3663 ex
1317 3611 1493 3668 australi
1492 3639 1493 3650 2

291 3703 376 3767 parte
399 3693 510 3749 summi
531 3692 664 3749 altaris'
656 3709 687 3749 tn
709 3692 903 3763 clastoniau.
939 3692 1053 3749 ‘Danis
1074 3693 1154 3749 enim
1176 3693 1443 3754 Northumbriam'

290 3783 360 3854 igne
378 3789 408 3838 et
426 3781 505 3836 ferro
523 3779 719 3850 vastantibus,
739 3779 836 3848 Ticca,
851 3779 969 3836 illarum
987 3781 1118 3853 partium
1133 3782 1235 3850 abbas,
1255 3781 1443 3841 Glastoniam

289 3869 371 3927 venit
385 3877 415 3924 et
428 3867 509 3924 illam
521 3867 681 3925 ecclesiam
693 3885 773 3924 anno
786 3867 900 3924 domini
913 3867 1182 3941 septingentesimo
1191 3868 1443 3941 quinquagesimo

245 3979 279 4026 4⁰
291 3965 396 4032 quarto
416 3956 532 4013 abbatis
551 3955 615 4012 iure
634 3955 732 4012 rexit:
755 3964 785 4013 et
805 3973 907 4012 secum
926 3955 1022 4012 attulit
1040 3955 1181 4029 reliquias
1199 3956 1295 4012 sancti
1314 3957 1445 4016 Aidani⁸

229 4091 232 4096 .
291 4044 434 4119 episcopi,
454 4060 582 4117 corpora
606 4051 778 4100 sanctorum
801 4041 934 4112 Colsn’di,
954 4042 1109 4100 Benedicti
1134 4043 1250 4114 Biseob,
1270 4042 1444 4114 Esterwini,

322 4204 373 4255 ¹T.
383 4206 499 4255 dextera.
566 4202 637 4254 ’om
646 4203 673 4253 in
682 4203 713 4252 T.
776 4203 831 4252 3Τ.
844 4204 875 4254 Ε.
888 4204 1285 4267 annus..quadriugenteeimus
1296 4204 1443 4256 tricesimus

291 4271 390 4321 tertius.
424 4271 434 4299 ⁴
452 4269 524 4321 wll.
538 4271 617 4322 adds:
635 4269 758 4332 usquead
770 4270 972 4319 combustionem
984 4271 1099 4320 eiusdem
1111 4269 1228 4319 ecclesie.
1264 4269 1406 4321 ”added
1418 4275 1442 4322 in

292 4337 337 4396 Ε.;
353 4337 439 4386 omia
449 4336 480 4386 T.
512 4335 582 4384 ‘All
594 4337 638 4385 the
647 4335 1002 4400 followingisimpertinent.
1036 4335 1084 4387 ΙΤ.
1097 4335 1300 4386 uorthimbriam.
1331 4337 1441 4389 ”lob

292 4401 343 4462 Gr,
355 4416 380 4463 p.
395 4403 450 4458 106,
462 4401 534 4463 gives
546 4402 622 4451 other
632 4401 715 4451 relies.
