3008 4904
284 317 354 393 272
594 297 725 386 mma
750 295 942 404 trumba
966 292 1120 404 tarta

280 509 310 556 et
322 517 390 558 eam
399 499 531 574 vndique
544 499 771 559 circumstantes
783 501 947 560 dilacerare
957 500 1137 560 nitebantur.
1167 503 1307 577 Cumque
1317 503 1441 578 magnis

279 587 402 646 vocibus
426 589 632 660 exclamasset,
655 589 777 663 quidam
802 591 925 648 indutus
949 591 1164 664 superpellitio,
1189 593 1361 650 candorem
1389 591 1439 649 lilii

280 674 396 734 habens
416 677 447 733 in
469 677 553 748 facie,
573 695 725 751 apparens
745 677 838 735 dixit:
867 677 949 751 ‘Ego
971 695 1049 747 sum,
1068 679 1172 752 inquit,
1194 697 1249 736 rex
1273 689 1306 736 et
1334 681 1441 736 martir

280 761 432 832 oswinus,
445 765 501 822 sub
514 765 599 822 cuius
611 764 721 822 feretro
734 765 917 838 requiescis!
956 765 993 823 Et
1010 785 1079 824 cum
1098 767 1216 825 manica
1232 767 1439 841 superpellitii

250 851 500 918 multitudinem
518 854 682 909 demonum
701 852 853 925 effugauit,
870 862 901 911 et
919 871 987 910 cum
1006 854 1088 910 omni
1109 857 1357 925 mansuetudine,
1370 873 1438 912 cum

279 939 345 998 loco
362 949 392 997 et
408 949 545 1014 tempore
561 950 757 1015 peccataque
776 939 888 999 fecerat
905 951 935 998 et
953 959 1107 1015 nunquam
1126 941 1264 999 consessa
1284 941 1398 1012 fuerat,
1411 953 1440 999 et

278 1028 552 1101 transgressionem
564 1027 719 1085 cuiusdam
728 1029 790 1084 voti
799 1028 938 1086 distincte
952 1030 1113 1087 reuelauit:
1133 1030 1298 1086 hortansvt
1312 1041 1438 1104 peecata

278 1115 472 1172 confiteretur
490 1125 520 1173 et
538 1124 641 1174 votum
663 1133 751 1172 suum
771 1116 919 1190 impleret,
939 1118 1026 1174 etde
1046 1126 1148 1175 cetero
1166 1116 1298 1174 officium
1320 1119 1439 1191 pando-

278 1203 415 1260 cinandi¹
434 1203 582 1262 venaliter
603 1221 664 1261 non
684 1213 850 1275 exerceret,
869 1222 925 1279 pro
943 1205 1061 1278 quibus,
1079 1214 1111 1262 vt
1132 1205 1271 1274 asseruit,
1290 1207 1436 1279 potestati

235 1303 265 1341 10
278 1291 441 1348 demonum
453 1291 561 1350 tradita
573 1289 637 1349 fult.

314 1471 470 1545 [usus.
483 1473 577 1532 adds:
770 1447 934 1506 Numam.

315 1565 410 1634 Miles
429 1577 550 1651 quidam
569 1577 611 1648 (in
629 1577 715 1646 urbe)
736 1595 861 1634 romana
879 1578 917 1634 ad
936 1577 997 1635 uite
1015 1586 1152 1635 extrema
1170 1577 1322 1652 peruenit.
1363 1576 1433 1652 (Qui

276 1664 416 1737 e)ductus
429 1667 467 1722 de
480 1683 605 1738 corpore
623 1663 711 1721 lacuit
727 1665 884 1734 exanimis,
898 1675 944 1723 set
958 1665 1074 1737 (cici)us
1092 1665 1297 1739 rediensque
1310 1685 1385 1723 cum
1399 1685 1433 1722 eo

276 1751 393 1809 lucrant
405 1761 489 1825 gesta
502 1755 641 1810 narrauit
680 1751 805 1809 Dicebat
818 1757 899 1810 enlm
912 1754 991 1826 quod
1004 1771 1084 1826 pons
1097 1761 1161 1810 erat
1174 1754 1231 1810 sub
1244 1771 1305 1827 quo
1320 1754 1432 1827 nisger)

276 1849 306 1896 et
332 1839 512 1913 caliginosus
536 1839 647 1896 setores
671 1837 886 1898 intollerabiles
910 1841 1077 1913 e(mi)ttens
1098 1841 1224 1897 exalans
1249 1841 1364 1898 ssuuius
1384 1844 1432 1898 de

233 1950 262 2003 15
276 1929 423 1985 currebat.
470 1927 663 1999 Trans(act)o
687 1937 787 1984 autem
812 1937 904 2001 ponte
928 1945 1037 1986 amena
1058 1937 1143 1984 erant
1166 1938 1254 2001 prata
1274 1939 1370 2002 atque
1390 1929 1431 1984 ui-

277 2015 388 2088 rencia,
401 2015 559 2072 odoriferis
576 2015 737 2072 herbarum
751 2015 875 2072 floribus
895 2017 1074 2086 exornalta),
1087 2016 1118 2072 in
1134 2016 1244 2089 quibus
1261 2017 1429 2073 albatorum

275 2103 431 2160 hominum
453 2103 683 2174 conuenticul(a)
705 2121 774 2160 esse
795 2103 982 2174 uidebantur,
999 2113 1160 2176 tantusque
1182 2103 1213 2159 in
1233 2105 1345 2160 eodem
1367 2104 1430 2160 loco

275 2192 350 2248 odor
367 2189 523 2248 suauitatis
541 2191 645 2260 inerat,
664 2199 696 2247 ut
718 2191 784 2262 ipsa
802 2190 957 2247 suauitatis
978 2189 1145 2264 fragrancia
1163 2207 1271 2248 omnes
1294 2192 1429 2248 satiaret.

277 2277 321 2335 lbi
339 2279 512 2336 mansiones
529 2277 671 2353 singul(e)
685 2279 884 2349 diuersorum,
898 2278 1104 2352 magnitudine
1117 2279 1191 2336 lucis
1204 2289 1290 2336 erant
1303 2280 1429 2352 plenle).

232 2383 263 2420 ao
277 2366 321 2424 lbi
338 2367 467 2440 quedam
484 2365 560 2423 mire
578 2369 715 2440 potencie
733 2367 927 2424 edificabatur
943 2367 1060 2436 domus,
1073 2385 1132 2440 que
1150 2366 1250 2423 aureis
1270 2366 1428 2424 uidebatur

274 2455 443 2512 laterculis³
456 2455 597 2526 construi,
610 2464 657 2511 set
670 2453 779 2526 cui(us)
793 2463 883 2522 esset,
897 2473 957 2512 non
968 2455 1063 2528 potuit
1075 2453 1205 2527 agnosci.
1244 2453 1342 2511 Erant
1357 2472 1428 2510 uero
1490 2503 1491 2506 ,

275 2557 367 2615 super
385 2542 481 2616 ripam
500 2543 625 2616 predicti
645 2542 777 2599 fluminis
796 2541 963 2599 habitacula
980 2542 1083 2612 multa,
1102 2551 1148 2599 set
1169 2541 1228 2597 alia
1250 2543 1427 2616 exurgentis

274 2630 376 2688 fetoris
401 2631 510 2687 nebula
534 2631 741 2704 tangebantur,
761 2631 818 2688 alia
844 2647 996 2703 exurgens
1020 2629 1098 2686 fetor
1116 2647 1133 2686 a
1154 2629 1279 2686 flumine
1302 2630 1425 2686 minime

273 2719 423 2792 tangebat.
461 2717 527 2775 Hec
540 2735 613 2775 uero
631 2727 694 2775 erat
714 2718 744 2774 in
762 2718 895 2792 predicto
908 2725 1000 2791 ponte
1018 2717 1158 2791 probacio
1171 2725 1202 2772 ut
1215 2716 1356 2790 quisquis
1374 2733 1426 2791 per
1489 2771 1490 2774 ,

229 2825 259 2876 ²5
273 2823 341 2863 eum
352 2805 364 2839 ⁴
376 2805 554 2863 iniustorum
571 2807 662 2863 uellet
674 2806 813 2876 transire,
826 2805 856 2862 in
870 2806 1033 2862 tenebroso
1050 2803 1222 2877 fetenteque
1236 2803 1330 2861 ssuuio
1347 2805 1425 2861 labe·

273 2903 364 2962 retur,
378 2893 447 2950 iusti
465 2911 538 2950 uero
551 2893 659 2967 quibus
675 2894 764 2966 culpa
782 2911 842 2950 non
855 2891 1024 2962 obsisteret,
1037 2909 1143 2949 securo
1159 2909 1215 2965 per
1227 2909 1300 2948 eum
1318 2909 1424 2966 gressu

272 2999 306 3040 ac
319 2983 412 3039 libero
424 2983 462 3038 ad
475 2981 539 3038 loca
551 2999 658 3039 amena
674 2983 878 3054 peruenirent.
915 2980 959 3037 Ibi
974 2997 1007 3036 se
1020 2979 1116 3037 eciam
1131 2979 1254 3036 Petrum
1267 2979 1423 3037 ecclesias·

271 3069 329 3126 tice
347 3069 457 3125 familie
477 3068 629 3138 maiorem,
642 3069 693 3142 qui
712 3077 782 3124 ante
799 3067 1029 3141 quadriennium
1042 3067 1200 3123 defunctus
1216 3066 1323 3136 fuerat,
1338 3070 1423 3124 deor-

272 3175 339 3214 sum
361 3157 492 3230 positum
514 3156 544 3212 in
567 3156 640 3213 locis
665 3155 828 3213 teterrimis
852 3172 961 3228 magno
985 3154 1057 3211 ferri
1081 3156 1216 3227 pondere
1241 3153 1368 3227 ligatum
1391 3171 1422 3210 ac

227 3267 259 3318 30
271 3247 450 3317 depressum
465 3243 576 3300 uidisse
594 3243 751 3301 consessus
769 3252 823 3300 est.
861 3243 1007 3314 Quidum
1023 3241 1190 3315 requireret
1207 3259 1262 3297 cur
1277 3241 1318 3297 ita
1335 3249 1422 3306 esset,

270 3418 451 3490 uidebaturt,
460 3421 496 3475 ad
507 3418 679 3476 inferendas
687 3421 790 3492 plagas
800 3420 869 3492 plus
877 3436 916 3475 ex
929 3419 1110 3475 crudelitatis
1118 3417 1268 3474 desiderio
1281 3434 1373 3490 quam
1385 3433 1420 3473 ex
1487 3413 1488 3426 ³

270 3506 446 3564 obediencia
465 3507 632 3564 seruiebat.²
670 3507 774 3581 Ibique
793 3508 944 3580 quendam
963 3504 1157 3580 peregrinum
1176 3504 1253 3560 uidit
1269 3505 1322 3577 qui
1342 3514 1420 3561 tanta

270 3595 444 3652 auctoritate
457 3605 581 3669 pontem
594 3595 732 3651 transiuit
744 3603 855 3669 quanta
867 3604 896 3651 et
910 3594 957 3651 hic
971 3593 1140 3650 sinceritate
1150 3591 1233 3648 uixit.
1266 3591 1301 3649 ln
1313 3594 1419 3648 eodem

223 3707 255 3762 35
270 3692 363 3758 ponte
375 3685 525 3757 quendam
538 3683 660 3739 nomine
673 3682 863 3757 Stephanum
876 3682 959 3752 uidit,
969 3681 1053 3739 cuius
1065 3699 1122 3754 pes
1134 3681 1256 3752 elapsus
1269 3689 1327 3748 est,
1341 3689 1420 3738 etex

270 3771 370 3829 medio
385 3789 511 3844 corpore
528 3769 587 3827 iam
605 3779 691 3827 extra
709 3779 833 3844 pontem
852 3769 987 3827 deiectus
1005 3787 1023 3826 a
1040 3768 1219 3842 quibusdam
1239 3767 1313 3824 uiris
1332 3777 1419 3824 teter·

269 3859 354 3918 rimis
367 3861 405 3916 de
419 3859 542 3915 humine
556 3857 749 3931 surgentibus
766 3875 823 3932 per
835 3875 926 3915 coxas
939 3859 1090 3927 deorsum,
1103 3864 1194 3930 atque
1210 3871 1228 3910 a
1240 3855 1417 3928 quibusdam

268 3949 375 4006 albatis
393 3956 424 4004 et
442 3945 589 4020 speciosis
606 3945 681 4002 uiris
706 3946 785 4020 cepit
803 3963 859 4019 per
877 3945 999 4003 brachia
1017 3961 1138 4002 sursum
1157 3941 1245 4000 trahi.
1282 3943 1417 4017 Cumque
1485 3989 1486 3998 ,

268 4037 325 4094 hoc
344 4035 494 4092 luctamen
513 4042 603 4103 esset,
622 4043 652 4090 et
672 4033 751 4090 hunc
770 4033 841 4090 boni
860 4050 991 4102 sursum,
1005 4032 1075 4088 mali
1094 4031 1237 4087 deorsum
1255 4031 1417 4098 traherent,

222 4147 256 4200 ⁴⁰
269 4125 335 4198 ipse
352 4123 402 4196 qui
419 4123 476 4180 hoc
492 4121 566 4179 uidit
582 4123 621 4179 ad
638 4139 749 4195 corpus
764 4121 861 4178 rediit.
896 4121 964 4192 Qua
980 4119 1010 4178 in
1024 4138 1058 4178 re
1070 4120 1109 4177 de
1122 4118 1258 4176 eiusdem
1272 4115 1416 4192 Stephani

300 4253 309 4283 ¹
325 4255 474 4318 pandoxare
487 4275 508 4294 =
520 4267 663 4316 cauponam
676 4268 810 4313 exercere,
825 4252 975 4302 cerevisiam
986 4253 1073 4301 vinum
1087 4265 1221 4314 exponere
1238 4249 1295 4314 (Du
1312 4245 1416 4310 Cange).

266 4319 277 4418 ἰ
293 4320 333 4436 gf
339 4320 429 4435 1Σέἓῇ
431 4319 499 4438 3³11
514 4319 601 4369 XXll.
613 4335 655 4386 91,
667 4319 745 4384 Greg.
761 4319 827 4369 Dial.
841 4318 884 4368 lV.
896 4319 937 4381 3⁶.
1002 4319 1013 4348 ⁸
1028 4319 1059 4368 T.
1067 4316 1206 4367 lacertulis.
1281 4315 1292 4344 ⁴
1310 4315 1340 4368 T.
1354 4329 1414 4364 mm.
