3048 4884
280 277 351 364 368
590 271 722 358 uota
748 267 938 372 [mutua
963 267 1114 371 finallt.

278 473 368 530 modo
385 473 544 528 demersus
562 489 596 528 es
616 471 645 527 in
666 470 834 528 iniemum!
872 469 988 542 (Disce)
1010 487 1083 544 ergo
1103 469 1173 544 quia
1187 469 1239 544 qui
1260 487 1295 528 se
1314 468 1426 527 extollit

278 559 497 616 humiliabitur.³
521 557 606 616 Tunc
618 557 667 616 ille
680 559 762 615 uelut
775 575 881 615 amens
890 557 1016 616 effectus
1027 567 1058 615 et
1070 557 1286 631 de(cepcionis)
1300 575 1356 616 sue
1368 574 1425 612 non

278 645 379 704 serens
398 648 553 720 pudorem,
572 645 695 720 gmuius
719 663 736 704 a
757 663 791 702 se
814 645 893 718 (ipso
917 645 1073 718 decipitur,
1091 663 1181 719 quam
1204 644 1301 702 iuerat
1321 645 1351 716 a)
1375 645 1426 700 de·

277 733 417 792 monibus
434 735 587 808 deceptus.
625 733 713 806 (Cum
733 734 813 789 enim
832 750 866 790 se
885 749 1028 806 reparare
1045 742 1075 790 et
1093 735 1258 801 cer)tamen
1278 747 1426 789 renouare

249 822 409 890 sdeberet,
434 822 611 896 (desperans
640 820 861 894 semetipsum),
886 821 1007 881 tradidit
1034 837 1068 877 se
1098 819 1181 878 omni
1205 819 1369 892 impudicis
1396 827 1426 878 et
1507 851 1508 862 ι

278 908 422 982 impietati
430 909 461 981 ².]

333 1187 357 1248 *J
379 1173 433 1244 Dr
452 1201 567 1244 seuero
585 1173 791 1260 T[u]aooono
809 1185 1069 1244 sucurrerscoro¹
1087 1203 1125 1244 ar
1143 1183 1365 1243 corrassonffi

342 1323 410 1380 Nno
428 1323 541 1381 domini
557 1323 780 1382 sexcentesimo
798 1325 989 1398 sexagesimo
1008 1333 1124 1398 quarto,
1142 1332 1260 1380 mortuo
1280 1320 1425 1394 archiepi-

375 1428 468 1485 ³⁰⁰120
488 1410 662 1480 Deusdedit,
681 1411 792 1468 missus
810 1419 856 1468 est
880 1411 1009 1468 Romam
1025 1411 1188 1484 Wigardus
1209 1409 1368 1482 presbiter,
1380 1409 1424 1466 vir
1507 1409 1508 1438 ³

275 1497 467 1560 doctissimus
484 1500 524 1556 de
541 1515 653 1572 genere
669 1499 845 1572 Anglorum,
867 1498 905 1555 ab
930 1499 1062 1572 Egberto
1086 1516 1157 1572 rege
1179 1496 1375 1568 Cantuar[ie],
1395 1504 1423 1553 et

234 1602 264 1638 ιο
276 1585 379 1642 Ossvio
392 1603 464 1660 rege
475 1585 815 1655 Northanbumbrorum,
827 1595 859 1642 ut
872 1586 903 1642 in
915 1587 1175 1660 archiepiscopum
1189 1592 1423 1642 consecraretur.

277 1673 335 1744 Qui
353 1691 422 1732 cum
443 1673 572 1730 Romam
590 1675 734 1742 venisset,
747 1690 815 1730 cum
834 1673 975 1730 omnibus
994 1691 1074 1746 pene
1086 1672 1138 1746 qui
1150 1689 1218 1729 cum
1230 1690 1268 1730 eo
1279 1679 1423 1728 venerant
1507 1685 1508 1748 j

276 1761 446 1836 pestilentia
465 1759 700 1834 superueniente
719 1761 836 1818 deletus
851 1769 907 1818 est.
943 1761 1020 1818 Cum
1039 1769 1139 1818 autem
1152 1759 1305 1817 Adrianus
1322 1758 1424 1826 abbas,

276 1859 306 1906 tt
325 1848 356 1905 in
375 1848 441 1906 eius
458 1849 519 1906 vita
538 1849 676 1922 superius
697 1847 800 1922 liquet,
818 1866 838 1905 a
856 1847 1003 1905 Vitaliano
1023 1865 1103 1921 papa
1122 1846 1241 1914 accitus,
1260 1861 1338 1903 onus
1363 1843 1422 1916 epi·

276 1945 418 2010 scopatus
438 1937 540 1994 subire
558 1935 734 1993 humilitatis
750 1936 845 2009 gratia
861 1945 1021 2006 recusaret,
1039 1934 1169 1992 indutias
1187 1933 1281 2008 petiit,
1299 1932 1327 1990 si
1348 1932 1422 1988 sorte

235 2023 434 2097 1saliumqui
452 2023 613 2096 episcopus
631 2023 820 2080 ordinaretur
836 2041 875 2080 ex
893 2032 1031 2096 tempore
1046 2031 1150 2097 posset
1168 2021 1315 2079 inuenire.
1353 2019 1422 2076 Erat

276 2114 343 2185 ipso
361 2119 496 2184 tempore
516 2109 614 2168 Rome
632 2111 799 2168 monachus
819 2110 906 2167 beato
925 2110 1059 2168 Adriano
1075 2119 1172 2178 notus,
1186 2109 1307 2166 nomine
1325 2107 1422 2164 Theo-
1507 2159 1508 2166 ι

275 2201 376 2270 dorus,
395 2207 484 2256 natus
503 2198 620 2256 Tharso
638 2198 751 2268 Cilicie,
769 2199 815 2254 vir
832 2199 863 2255 in
882 2199 1008 2256 seculari
1030 2207 1059 2255 et
1082 2199 1183 2256 diuina
1204 2197 1379 2264 litteratius,
1393 2201 1422 2250 et

275 2305 365 2362 grece
378 2287 540 2344 instructus
553 2296 583 2344 et
596 2287 695 2356 latine,
703 2287 835 2360 probus‘
847 2287 990 2355 moribus,
999 2296 1029 2344 et
1038 2295 1115 2344 etate
1127 2285 1331 2364 venerandus,
1339 2283 1369 2339 id
1377 2290 1422 2338 est

275 2393 372 2432 annos
385 2375 501 2432 habens
513 2373 599 2432 etatis
611 2375 768 2448 sexaginta
780 2392 844 2432 sex.
871 2373 960 2431 Hunc
973 2375 1080 2431 beatus
1092 2373 1246 2430 Adrianus
1258 2388 1315 2444 pro
1328 2388 1362 2427 se
1371 2371 1422 2426 ob-

232 2476 264 2510 20
276 2463 342 2519 tulit
355 2463 496 2536 pontifici,
509 2462 592 2520 cum‘
604 2463 689 2520 aliter
697 2463 778 2520 nulla
786 2462 901 2520 ratione
914 2470 1018 2535 posset
1026 2463 1165 2518 euadere.
1190 2459 1288 2530 Quem
1298 2467 1331 2516 vt
1343 2459 1420 2515 idem

277 2566 355 2624 papa
367 2548 527 2619 ordinaret,
540 2567 577 2607 ca
589 2551 712 2606 demum
728 2551 903 2608 condicione
915 2548 1089 2623 impetrauit
1101 2557 1132 2606 vt
1145 2548 1211 2621 ipse
1230 2563 1301 2604 eum
1313 2545 1421 2619 perdu-

276 2646 357 2695 ceret
372 2637 565 2708 Britanniam,
579 2649 608 2695 et
620 2636 649 2694 ei
661 2637 797 2695 doctrine
813 2646 990 2710 cooperator
1002 2636 1145 2703 existens,
1158 2635 1318 2708 diligenter
1329 2641 1421 2688 atten-
1507 2659 1508 2678 ι

276 2728 361 2784 deret
373 2742 413 2782 ne
425 2725 496 2798 quid
506 2725 555 2782 ille
569 2725 752 2782 contrarium
764 2725 881 2782 veritati
891 2723 971 2795 fidei,
976 2724 1141 2781 Grecorum
1151 2740 1244 2792 more,
1252 2720 1284 2777 in
1297 2719 1421 2778 ecclesia
1507 2709 1508 2724 ¹

276 2815 322 2871 cul
335 2821 472 2886 preesset
484 2813 692 2870 introduceret
723 2812 782 2883 Qui
795 2811 996 2870 subdiaconus
1008 2811 1171 2880 ordinatus,
1180 2817 1308 2883 quatuor
1315 2824 1421 2881 expet-

233 2915 262 2964 ²5
276 2901 349 2958 tauit
361 2917 483 2958 menses
496 2901 592 2957 donec
601 2900 643 2957 illi
655 2917 742 2958 coma
754 2909 912 2970 cresceret,
925 2917 985 2973 quo
998 2898 1029 2955 in
1041 2913 1181 2956 coronam
1194 2895 1297 2953 tondi⁸
1310 2903 1420 2970 posset

277 2989 432 3046 Habuerat
441 2989 523 3045 enim
532 2997 687 3044 tonsuram
701 3005 784 3046 more
795 2987 993 3045 Orientalium
1003 2985 1098 3044 sancti
1112 2984 1196 3042 Pauli
1205 2982 1342 3059 apostoli.
1364 2982 1420 3052 Qui

275 3076 430 3133 ordinatus
443 3083 489 3133 est
500 3091 519 3130 a
529 3074 676 3132 Vitaliano
690 3092 768 3148 papa
780 3093 859 3132 anno
871 3074 985 3132 domini
997 3073 1218 3131 sexcentesimo
1231 3069 1421 3144 sexagesimo

275 3172 388 3221 octauo.
425 3163 483 3234 Qui
497 3161 681 3220 Britanniam
692 3163 827 3233 veniens,
841 3163 921 3220 dedit
934 3161 1034 3219 statim
1044 3162 1179 3218 Adriano
1189 3159 1288 3218 abbati
1301 3175 1421 3216 monas·

274 3251 383 3309 terium
405 3250 482 3308 beati
503 3250 583 3308 Petri
604 3250 731 3324 apostoli
750 3253 830 3323 apud
849 3249 1048 3318 Cantuariam,
1067 3249 1116 3306 vbi
1134 3247 1354 3321 archiepiscopi
1376 3263 1421 3304 se-

230 3351 263 3402 30
276 3339 362 3412 peliri
375 3338 472 3394 solent
483 3358 489 3409 ;
508 3347 537 3396 et
550 3348 708 3412 peragrata
721 3337 819 3396 insula
829 3347 900 3408 tota,
913 3347 1028 3395 rectum
1040 3335 1161 3393 viuendi
1173 3335 1320 3403 ordinem,
1333 3334 1420 3391 ritum

275 3425 445 3484 celebrandi
467 3428 578 3499 pasche
598 3427 784 3497 canonicum,
808 3435 989 3500 cooperante
1012 3426 1120 3482 abbate
1145 3424 1289 3492 Adriano,
1314 3423 1421 3479 docuit.

276 3515 307 3572 Is
325 3513 406 3571 enim
425 3513 540 3587 primus
558 3523 622 3571 crat
640 3513 671 3570 in
687 3513 921 3588 archiepiscopis
938 3512 986 3571 cui
1003 3513 1101 3569 omnis
1113 3512 1282 3584 Anglonrm
1294 3509 1422 3568 ecclesia

275 3619 383 3660 manus
402 3603 475 3658 dare
493 3601 683 3659 consentiret
719 3601 928 3675 'Congregata
947 3608 1047 3658 autem
1065 3599 1279 3672 discipulorum
1293 3607 1420 3668 caterua,

307 3717 315 3748 t
557 3717 563 3728 ¹
635 3732 641 3746 ι

306 3715 730 3858 Tfflltiaztpffglssecssffl,·mor
739 3795 835 3856 gregis,
844 3795 936 3844 doctor
947 3795 1064 3856 egregie:
1082 3793 1173 3842 Funde
1184 3805 1276 3856 preces
1289 3791 1323 3841 ad
1336 3807 1420 3854 negem

274 3862 354 3924 glorie
366 3876 413 3924 pro
424 3861 507 3910 salute
518 3867 562 3909 tue
573 3859 673 3910 remilia.
709 3859 740 3908 V.
755 3860 860 3910 Annuit
870 3875 938 3911 eum.

308 3925 387 3989 Deus
394 3940 437 4002 qui
444 3939 545 3988 beatum
554 3937 689 3986 Tbeliaum
698 3937 873 3987 consessorem
882 3943 953 3987 tuum
965 3937 1097 3986 doctorem
1106 3935 1277 4000 (precilpuunr
1286 3933 1421 3984 catholice·

273 4021 324 4069 que
339 4005 400 4054 fidei
414 4006 602 4067 predicatorem
618 4003 715 4064 eligere
730 4003 850 4065 dinatus
862 4019 898 4063 es,
911 4009 999 4065 presta
1013 4017 1151 4065 quesumus
1167 4008 1195 4052 ut
1210 4001 1267 4064 ipso
1282 4016 1331 4063 pro
1347 4001 1420 4049 nobis

273 4071 450 4122 intercedente
472 4075 634 4133 peccatorum
661 4069 831 4134 (nostrorum)
855 4068 929 4118 malis
951 4083 1095 4117 mereamur
1116 4067 1176 4117 exui
1198 4073 1226 4117 et
1248 4067 1294 4116 tibi
1316 4067 1418 4116 domino

272 4137 382 4188 sinceris
391 4137 519 4186 mentibus
529 4133 654 4194 famulari,
666 4149 720 4197 per.

306 4212 316 4242 ⁸
331 4213 361 4264 T.
373 4213 503 4276 episcopo.
569 4213 579 4242 ⁸
595 4211 728 4274 Abridged
739 4212 804 4262 from
817 4211 861 4262 the
871 4212 931 4260 Vita
942 4211 978 4274 by
986 4211 1107 4261 Goscelin
1119 4211 1145 4260 in
1159 4209 1301 4272 MS.Vesp.
1316 4207 1347 4260 B.
1360 4207 1417 4258 XX.

274 4279 291 4328 i.
304 4293 432 4342 aaa-2323
450 4277 523 4329 Harl.
534 4292 595 4340 105;
611 4293 645 4327 an
655 4278 838 4341 amplification
849 4278 880 4328 oi
889 4279 962 4328 Beda
973 4275 1007 4328 li.
1018 4277 1048 4326 E.
1061 4277 1107 4328 lll.
1117 4277 1184 4341 apd.
1256 4276 1266 4305 ⁴
1284 4275 1313 4326 E.
1326 4275 1416 4340 probis.

273 4343 507 4410 'Bpontificiuau
572 4342 630 4394 ⁶2.
642 4345 727 4398 condi.
790 4341 926 4397 'civita
938 4343 1092 4396 saddai.
