3064 4882
401 315 476 408 Di
501 312 668 402 &aaut
694 317 952 423 mutuum.
1178 335 1245 410 '171

94 533 170 589 ergo
188 515 364 588 euangelica
386 515 541 573 autoritate
560 513 764 588 quadraginta,
785 514 839 570 sed
858 513 979 585 triginta
1002 521 1032 570 et
1055 530 1111 570 sex
1133 512 1250 570 dierum

94 613 214 660 constat
233 605 304 660 uos'
325 605 489 661 obseruare
509 603 660 660 ieiunium.
699 601 806 658 Restat
827 602 926 673 itaque
945 609 977 658 vt
996 610 1123 674 quatuor
1144 601 1250 658 diebus

93 701 168 747 ante
185 691 416 764 quadragesime
433 691 548 748 initium
567 691 700 747 ieiunare
716 688 873 746 nobiscum
890 688 1046 761 incipiatis,
1059 689 1085 745 si
1101 688 1250 744 dominico

94 779 241 851 exemplo
258 779 456 851 quadraginta
472 779 588 834 dierum
604 794 729 834 numero
745 775 955 832 abstinentiam
972 777 1134 833 obseruare
1148 777 1250 832 volue-

94 865 181 922 ritis:
210 866 344 938 alioquin
368 877 471 923 contra
495 865 591 936 ipsius
611 864 724 921 domini
745 863 959 932 auctoritatem,
980 872 1010 919 et
1032 865 1121 920 totius
1147 873 1278 937 sancte5

93 953 228 1010 ecclesie
240 971 296 1009 vos
313 953 369 1010 soli
385 953 591 1026 repugnabitis
604 952 809 1008 traditionem!
847 951 913 1007 Hac
930 951 974 1007 illi
991 951 1105 1009 ratione
1117 951 1251 1007 veritatis

93 1040 236 1110 conuicti,
249 1040 395 1114 deinceps
414 1043 580 1098 secundum
600 1057 714 1096 morem
727 1039 907 1096 uniuersalis
926 1039 1052 1096 ecclesie
1069 1056 1124 1094 sua
1140 1038 1251 1094 ieiunia

94 1127 243 1184 inchoare
256 1137 410 1200 ceperunt.
465 1117 561 1185 Aliud
575 1127 731 1201 proposuit
741 1125 853 1198 regina,
863 1135 894 1182 et
906 1125 992 1183 iussit
1000 1136 1031 1183 vt
1039 1127 1251 1183 ostenderent²

93 1233 157 1288 qua
171 1215 290 1271 ratione
302 1215 351 1272 die
368 1224 471 1272 sancto
487 1215 607 1289 pasche,
620 1216 788 1272 secundum
800 1231 915 1271 morem
929 1223 1032 1271 sancte
1045 1224 1075 1271 et
1087 1214 1250 1287 apostolice

94 1303 237 1368 ecclesie,
248 1312 435 1360 sacramenta
447 1303 584 1376 corporis
593 1311 623 1360 et
635 1300 791 1374 sanguinis
799 1301 911 1358 Christi
924 1319 1045 1358 sumere
1055 1301 1250 1373 negligerent.
1267 1324 1297 1361 ro

95 1389 304 1462 Respondent
324 1390 382 1448 illi:
412 1391 601 1464 ‘Apostolus
622 1390 768 1462 inquiunt,
788 1389 827 1445 de
847 1389 905 1446 hiis
929 1389 1056 1462 loquens
1081 1390 1138 1446 ait:
1167 1389 1250 1458 “Qui

95 1479 263 1534 manducat
280 1486 309 1535 et
327 1479 399 1535 bibit
418 1478 549 1550 indigne,
562 1477 703 1535 iudicium
721 1476 777 1534 sibi
794 1477 954 1534 manducat
973 1486 1003 1532 et
1019 1476 1116 1533 bibit.”
1153 1475 1251 1546 Vnde,

94 1564 168 1636 quia
180 1582 240 1620 nos
253 1574 426 1637 peccatores
443 1565 658 1638 cognoscimus,
672 1581 711 1622 ne
726 1563 867 1621 iudicium
884 1563 971 1620 nobis
988 1565 1205 1620 manducemus
1221 1571 1251 1619 et

94 1652 248 1720 bibamus,
261 1652 300 1707 ad
317 1652 389 1709 illud
407 1652 572 1710 misterium
589 1654 733 1710 accedere
749 1650 961 1708 formidamus?
999 1651 1114 1720 Quibus
1131 1650 1249 1724 regina:

95 1739 197 1809 ‘Quid
222 1739 330 1811 igitur?
361 1740 463 1812 inquit.
509 1740 625 1796 Omnes
649 1740 700 1812 qui
725 1746 900 1812 peccatores
924 1747 1003 1806 sunt,
1028 1746 1250 1794 sacrosanctum
1268 1759 1296 1814 1⁴5

95 1827 271 1883 misterium
296 1845 357 1883 non
379 1827 580 1900 gustabunt³i
619 1827 716 1884 Nemo
738 1844 810 1899 ergo
832 1825 904 1881 illud
923 1842 1042 1882 sumere
1064 1826 1163 1894 debet,
1182 1825 1252 1897 quia

96 1931 191 1970 nemo
211 1913 278 1972 sine
296 1915 385 1972 sorde
404 1915 527 1988 peccati,
540 1933 596 1971 nec
615 1915 714 1971 inians
733 1914 818 1969 cuius
836 1921 883 1970 est
899 1913 987 1968 vuius
1006 1912 1065 1968 diei
1081 1912 1141 1968 vita
1160 1929 1252 1983 super

95 2013 222 2058 terram.
261 2001 294 2059 Si
313 2012 413 2058 autem
433 2020 526 2059 nemo
544 2003 617 2059 illud
637 2001 794 2075 percipere
812 2001 910 2067 debet,
924 2017 978 2056 cur
993 1999 1114 2055 domino
1133 1999 1251 2055 dicente

96 2091 209 2146 clamat
233 2090 423 2162 euangelium
450 2090 533 2148 “nisi
563 2088 815 2146 manducaueritis
842 2104 964 2144 carnem
990 2086 1042 2142 filii
1068 2085 1197 2142 hominis
1221 2095 1251 2143 et

95 2178 236 2235 biberitis
255 2178 321 2235 eius
340 2178 526 2251 sanguinem,
539 2195 600 2234 non
614 2176 761 2234 habebitis
774 2177 864 2234 vitam
877 2175 907 2230 in
920 2174 1006 2230 vobis
1015 2175 1050 2230 ”t
1087 2173 1149 2231 Sed
1162 2173 1251 2246 plane
1267 2201 1298 2236 20

95 2266 283 2323 sententiam
296 2283 386 2338 quarn
399 2268 437 2323 de
450 2267 585 2339 apostolo
597 2265 747 2338 profertis,
760 2265 925 2321 secundum
938 2271 1056 2334 patrum
1070 2260 1251 2317 intellectum

94 2353 188 2410 aliter
210 2370 339 2411 necesse
359 2363 405 2410 est
426 2353 607 2426 intelligatis.
645 2353 712 2408 Non
732 2351 814 2408 enirn
833 2367 940 2408 omnes
959 2359 1131 2422 peccatores
1153 2365 1252 2404 sacra-

95 2451 203 2498 menta
213 2441 468 2514 salutis⁴indigne
478 2458 599 2498 surnere
610 2443 742 2513 deputat.
779 2439 855 2495 Cum
863 2439 943 2495 eninr
952 2437 1078 2494 dixisset
1086 2441 1102 2468 “
1110 2436 1251 2492 iudicium

95 2529 157 2586 sibi
176 2529 338 2585 manducat
352 2539 382 2586 et
399 2529 497 2598 bibit,''
510 2527 611 2585 addit⁵
624 2530 709 2584 “non
724 2526 889 2583 diiudicans
901 2543 1009 2598 corpus
1022 2524 1135 2581 domini
1143 2526 1176 2592 '’;
1196 2524 1252 2580 hoc

94 2626 154 2686 est,
175 2633 237 2672 non
258 2633 404 2688 separans
426 2617 497 2673 illud
519 2616 631 2672 infide
652 2616 689 2672 ab
711 2614 790 2672 escis
811 2613 1017 2686 corporalibus
1035 2611 1176 2668 iudicium
1195 2611 1252 2668 sibi
1268 2640 1297 2692 ²5

96 2706 263 2761 manducat
281 2711 312 2760 et
331 2703 412 2759 bibit.
449 2703 511 2761 Sed
529 2713 560 2760 et
576 2703 627 2760 ille
639 2702 689 2775 qui
707 2703 821 2774 absque
838 2701 1027 2758 consessione
1042 2708 1072 2756 et
1089 2699 1252 2772 penitentia

95 2809 168 2850 cum
181 2808 306 2848 suorum
320 2791 546 2864 inquinamento
558 2791 706 2848 scelerum
724 2790 761 2845 ad
778 2806 863 2846 sacra
881 2787 1013 2846 misteria
1026 2789 1169 2844 accedere
1182 2804 1252 2859 pre·

96 2881 274 2953 sumpserit,
286 2879 346 2949 ille,
358 2879 490 2952 inquam,
500 2877 643 2938 iudicium
660 2878 717 2934 sibi
734 2878 893 2933 manducat
910 2884 940 2934 et
957 2875 1038 2932 bibit.
1076 2874 1117 2931 At
1132 2891 1188 2930 nos
1201 2873 1252 2947 qui

96 2968 203 3024 multis
226 2976 297 3024 ante
317 2967 431 3036 diebus,
450 2967 527 3024 sacta
548 2975 739 3039 peccatorum
759 2963 958 3032 consessione,
979 2961 1144 3036 penitentia
1164 2961 1253 3018 casti·

96 3071 216 3128 gamm,
234 3054 355 3112 ieiuniis
372 3064 569 3125 attenuamur,
589 3052 763 3110 elemosinis
781 3060 811 3108 et
833 3051 985 3108 lachrimis
1006 3050 1042 3106 a⁸
1061 3058 1251 3122 peccatorum
1266 3079 1298 3129 30

97 3143 243 3198 sordibus
261 3143 428 3212 abluimur3
447 3143 478 3198 in
497 3143 546 3199 die
565 3140 793 3199 resurrectionis
811 3139 959 3196 dominice
978 3137 1097 3195 adeius
1114 3154 1252 3194 mensam

97 3233 129 3286 in
143 3229 292 3288 catholica
305 3229 365 3286 fide
382 3231 589 3300 accedentes‘·,
601 3245 723 3286 carnem
742 3237 772 3284 et
790 3227 965 3300 sanguinem
982 3226 1052 3299 agni
1070 3225 1251 3281 immaculati

99 3319 192 3376 ihesu
207 3317 330 3386 Christi,
343 3335 403 3373 non
423 3319 460 3374 ad
479 3317 629 3385 iudicium,
642 3317 696 3373 sed
715 3317 753 3372 ad
772 3325 962 3388 peccatorum
981 3313 1128 3371 sumimus
1147 3314 1251 3370 remis-

96 3408 230 3473 sionem,
251 3415 281 3462 et
305 3405 343 3462 ad
368 3406 529 3463 salutarem
553 3403 747 3478 percipiende
771 3403 962 3460 beatitudinis
984 3411 1089 3460 eterne
1108 3419 1251 3474 prepara·

97 3496 232 3552 tionem.¹
266 3493 335 3550 Hiis
348 3494 385 3550 ab
398 3511 434 3551 ea
448 3493 608 3567 perceptis,
617 3493 803 3566 respondere
817 3493 858 3548 nil
871 3499 1040 3565 potuerunt,
1050 3500 1140 3564 atque
1151 3491 1252 3563 agnita
1266 3519 1296 3570 ³5

97 3584 245 3656 deinceps
262 3581 390 3639 ecclesie
408 3581 542 3639 instituta
558 3582 588 3637 in
606 3580 732 3639 misterii
749 3581 888 3638 salutaris
904 3580 1096 3654 perceptione
1109 3581 1251 3636 obserua-

97 3681 180 3727 runt.
256 3658 403 3728 Preterea
423 3670 455 3726 in
476 3670 625 3743 aliquibus
647 3670 719 3727 locis
741 3669 900 3727 Scotorum
920 3670 1042 3742 quidam
1062 3669 1179 3726 fuerant
1200 3669 1251 3740 qui

96 3769 205 3814 contra
223 3758 315 3814 totius
333 3759 461 3815 ecclesie
480 3758 728 3815 consuetudinem
747 3757 877 3815 missas⁸
895 3759 1106 3816 excelebrare⁰
1124 3774 1251 3814 consue-

96 3855 217 3902 uerunt
254 3846 342 3916 Quod
356 3846 467 3919 regina,
479 3847 544 3904 zelo
556 3846 605 3906 dei
617 3863 753 3916 accensa,
763 3846 802 3902 ita
815 3846 969 3904 destruere
982 3855 1072 3920 atque
1084 3845 1251 3903 annihilare

97 3935 222 4004 studuit,
234 3943 266 3990 vt
278 3933 422 4007 deinceps
439 3933 490 4006 qui
506 3934 564 3990 tale
577 3933 650 4006 quid
663 3943 853 4006 presumeret
871 3951 961 3991 nemo
973 3934 1004 3991 in
1021 3944 1082 3990 tota
1093 3935 1250 3990 Scotorum
1264 3943 1298 3996 40

97 4029 192 4094 gente
210 4031 379 4094 appareret.
453 4009 603 4080 Solebant
617 4039 743 4094 quoque,
757 4023 892 4094 neglecta
904 4021 1121 4079 dominicorum
1133 4022 1250 4079 dierum

98 4109 280 4180 reuerentia,
293 4109 370 4166 sicut
383 4118 413 4166 et
430 4109 497 4168 aliis
509 4109 616 4168 diebus
632 4110 673 4166 ita
689 4111 720 4166 in
737 4109 798 4167 illis
818 4110 970 4167 laboribus
986 4109 1135 4166 insistere.
1162 4109 1250 4181 Quod

98 4213 162 4254 non
183 4196 283 4268 licere,
303 4197 419 4253 ratione
438 4197 551 4271 pariter
569 4207 598 4255 et
618 4199 791 4256 auctor-itate
809 4199 996 4255 ostendebat.
1035 4197 1250 4270 ‘Dominicum,

131 4309 189 4362 ¹1.
204 4325 259 4360 nos.
340 4310 397 4362 ²13.
409 4313 567 4363 ostenderet.
617 4311 673 4362 ’Β
687 4312 864 4374 gustabuntur.
914 4312 970 4362 ⁴13.
982 4311 1072 4362 salutis
1083 4321 1251 4365 sacramenta

100 4376 275 4429 ⁵Reddidit.
326 4375 383 4426 ⁸1⁴.
395 4383 429 4428 et.
477 4375 725 4429 'E.ascenderrtes.
769 4379 1249 4438 'terminus.·a1.ce1ebrare;
