3012 4898
260 313 331 402 298
568 304 1092 414 mantuanorum.
1270 329 1355 395 [as.
1371 328 1433 378 m

257 507 347 574 quam]
364 518 441 561 antea
457 527 486 562 se
504 511 600 562 uidisse
611 512 724 575 putabat
756 511 809 560 Alii
829 512 855 560 in
872 512 931 572 biis,
947 512 990 562 alii
1007 515 1034 563 in
1051 513 1102 563 illis
1119 513 1184 564 locis
1200 529 1250 578 per
1266 519 1435 563 condemns

257 589 370 638 distincti
389 598 471 649 erant,
489 599 516 640 et
533 599 629 647 tamen,
646 597 722 652 prout
740 589 886 650 uoluerunt,
901 591 944 639 aiii
961 593 995 640 de
1009 593 1065 642 istis
1082 593 1109 641 ln
1128 592 1188 652 illis,
1204 593 1249 641 aiii
1267 593 1303 640 de
1322 592 1386 640 illis
1404 591 1433 638 in

259 667 315 716 istis
332 669 441 717 cateruis
458 685 515 718 cum
533 669 618 718 leticia
635 669 786 730 transibant,
799 671 888 732 sicque
902 669 981 719 flebat
992 677 1020 718 ut
1037 671 1123 721 etalii
1140 672 1174 721 de
1189 671 1301 720 ationnn
1313 671 1435 718 uisione

258 745 412 810 gaudebant,
432 755 460 796 et
479 748 521 796 alii
541 748 574 796 de
592 747 700 796 aliorum
720 747 872 797 uisitacione
890 748 1046 798 exultabant
1080 749 1159 798 Chori
1180 749 1269 798 choris
1290 763 1345 810 per
1369 748 1436 797 loca

231 823 403 896 gestiterunt,
426 825 558 887 dulcisque
575 825 691 874 armonie
708 832 835 874 concentu
854 834 996 875 creatorem
1016 841 1091 876 suum
1107 827 1253 876 laudabant
1299 827 1334 875 Et
1355 827 1435 874 siunt

259 901 333 951 stella
351 917 367 951 a
386 903 461 952 stella
481 904 566 953 differt
586 905 613 952 in
632 903 758 962 claritate,
777 904 812 952 ita
829 909 884 952 erat
901 905 1049 954 differ-encta
1066 906 1138 954 uaria
1155 906 1181 954 in
1198 921 1292 954 eorum
1305 907 1434 954 uectium

260 986 286 1029 et
298 981 413 1030 uultuum
429 981 522 1031 nitore.
556 982 608 1030 Alii
626 996 689 1030 uero
706 983 799 1030 amictu
816 983 970 1032 uidebantur
985 983 1094 1048 indu[t]i
1110 1000 1199 1042 aureo,
1210 985 1255 1033 alii
1273 985 1370 1044 uiridi,
1383 983 1435 1031 alii

259 1072 399 1121 purpureo,
415 1059 460 1108 alii
477 1059 623 1122 iacinctino,
641 1058 685 1108 alii
702 1061 814 1120 ceruleo,
830 1060 872 1109 alii
889 1062 1013 1120 candido;
1036 1063 1089 1124 alii,
1104 1064 1176 1125 quasi
1192 1078 1278 1124 reges,
1298 1062 1433 1110 coronati

261 1135 423 1197 incedebant,
446 1137 490 1186 alii
513 1139 540 1187 in
563 1137 680 1186 manibus
707 1139 806 1200 palmas
833 1153 924 1188 aureas
949 1140 1077 1188 tenebant.
1122 1141 1242 1203 Vndique
1266 1149 1433 1190 sanctorum

218 1237 249 1274 10
260 1215 358 1263 audiuit
380 1223 534 1264 concentum
559 1215 649 1264 laudea
675 1216 718 1264 dei
746 1217 961 1278 personandum
988 1218 1082 1280 singuli
1104 1219 1138 1267 de
1159 1219 1267 1282 propria
1294 1218 1433 1267 felicitate

260 1295 416 1354 gaudebant,
428 1294 521 1356 singuli
533 1295 565 1343 de
576 1293 734 1356 singulorum
746 1296 841 1356 gaudio
856 1300 884 1343 et
898 1297 1035 1358 erepcione
1046 1298 1203 1346 exultabant.
1238 1297 1345 1346 Omnes
1356 1311 1432 1344 uero

261 1371 295 1420 de
311 1372 398 1420 militis
414 1373 527 1422 aduentu
544 1373 619 1421 deum
637 1373 833 1432 benedicebant,
849 1380 878 1422 et
894 1375 966 1436 quasi
984 1376 1017 1424 de
1036 1375 1149 1425 fraterne
1166 1377 1259 1425 mortis
1275 1375 1432 1438 erepcione

260 1450 461 1511 gratulabantur.
487 1451 669 1514 Vnusquisque
681 1452 707 1500 in
720 1453 801 1514 patria
813 1452 855 1502 illa
866 1452 1008 1512 exultabat,
1020 1455 1132 1516 undique
1142 1462 1294 1503 sanctorum
1307 1453 1432 1502 melodia

262 1529 407 1578 resonabat.
442 1528 497 1579 Nec
514 1537 596 1578 estum
609 1544 657 1578 nec
668 1528 748 1591 frigus
759 1530 793 1579 ibi
808 1531 949 1590 senciebat,
961 1547 1010 1582 nec
1025 1532 1093 1594 quod
1110 1531 1244 1581 offendere
1260 1532 1307 1580 uel
1324 1547 1431 1580 nocere

220 1627 249 1678 ¹5
262 1615 352 1668 posset
370 1607 405 1656 ibi
421 1609 554 1670 quiequam
571 1607 681 1656 uidebat.
716 1607 811 1657 Omnia
831 1610 865 1658 ibi
883 1616 981 1672 pacata,
1002 1611 1088 1659 omnia
1107 1611 1209 1673 placita,
1228 1611 1321 1658 omnia
1339 1617 1430 1672 gnta.

261 1683 458 1748 Archiepiscopi
475 1693 562 1735 autem
579 1686 688 1747 predicti
704 1687 777 1736 militi
793 1687 933 1738 dixerunt:
952 1689 1042 1751 ‘Ecce
1057 1688 1144 1752 irater,
1158 1689 1246 1738 uidisti
1258 1704 1311 1750 que
1330 1690 1430 1737 uidere

262 1762 429 1813 desiderasti:
448 1764 535 1814 uidisti
547 1765 616 1813 enim
627 1772 756 1814 tormenta
768 1771 938 1830 peccatorum,
953 1767 1038 1816 uidisti
1049 1767 1091 1816 hic
1107 1774 1133 1816 et
1144 1767 1260 1829 requiem
1272 1767 1425 1816 beatem

264 1839 348 1890 Patria
365 1841 433 1890 enim
446 1841 495 1892 ista
512 1851 552 1891 eat
568 1843 699 1892 terrestris
716 1843 857 1907 paradeus,
876 1846 945 1893 unde
966 1845 1142 1907 propeccatis
1160 1846 1259 1894 eiectus
1279 1853 1323 1893 eat
1340 1845 1429 1892 homo

264 1919 368 1981 primus.
410 1920 548 1982 Postquam
569 1921 638 1970 enim
658 1921 708 1970 deo
726 1921 807 1970 subici
828 1937 875 1984 per
892 1924 1007 1986 precepti
1029 1923 1206 1973 obedienciam
1224 1923 1321 1982 noluit,
1341 1923 1429 1972 celim

221 2021 252 2058 ,ο
263 1998 357 2059 gaudia
367 2013 417 2060 que
433 1999 460 2046 in
477 1999 526 2048 boc
543 1999 600 2047 loco
616 1999 715 2060 positus
732 1999 960 2064 contemplabatur,
973 2001 1039 2050 ultra
1055 2002 1144 2051 uidere
1159 2015 1211 2050 non
1224 2001 1319 2063 potuit.
1357 2003 1429 2050 Cum

264 2091 327 2125 uero
345 2092 392 2139 per
408 2077 611 2126 inobedienciam
629 2077 728 2140 cecidit,
747 2079 828 2127 eciam
845 2078 931 2128 lumen
948 2081 1051 2140 mentis,
1066 2095 1118 2142 quo
1134 2080 1316 2143 illustrabatur,
1338 2081 1374 2128 ab
1391 2095 1430 2129 eo

265 2155 378 2204 recessit.
413 2155 454 2202 Ea
473 2155 544 2204 cuius
562 2170 640 2204 carne
663 2170 711 2204 nos
731 2171 822 2206 omnes
842 2157 895 2206 nati
915 2172 1004 2207 sumus
1023 2157 1050 2206 in
1070 2159 1186 2210 miseria:
1203 2165 1244 2207 set
1262 2165 1356 2206 tamen
1376 2173 1431 2220 per

264 2231 343 2282 fidem
362 2233 460 2282 domini
475 2234 557 2282 nostri
576 2233 653 2282 ihesu
668 2233 772 2293 Christi,
790 2250 865 2297 quam
881 2235 907 2283 in
921 2236 1073 2298 baptismate
1089 2237 1257 2299 suscepimus,
1274 2237 1429 2285 rediuimus

265 2312 299 2360 ad
318 2311 385 2361 banc
403 2313 517 2374 patriam.
551 2311 636 2362 Vitam
653 2313 728 2362 aliam
747 2314 901 2363 credidimus
919 2329 978 2364 ease
996 2315 1177 2377 perspiritum
1197 2322 1327 2376 sanctum,
1344 2330 1429 2378 quam

222 2413 252 2466 ²5
266 2405 324 2440 esse
338 2406 389 2439 non
401 2392 530 2453 potuimus
542 2391 617 2448 scire,
629 2391 695 2440 sicut
707 2391 757 2452 ille,
771 2407 819 2454 per
828 2393 1041 2456 experimentum.
1071 2394 1281 2456 verumptamen,
1293 2395 1428 2455 quoniam

266 2475 326 2532 post
344 2469 405 2517 fidei
424 2469 618 2532 susceptionem
639 2469 725 2518 multis
742 2471 883 2520 actualibus
901 2471 1013 2534 peccatis
1032 2473 1153 2535 implicati
1171 2472 1274 2532 fuimus,
1294 2487 1355 2520 non
1375 2472 1429 2521 nisi

267 2563 314 2611 per
330 2549 512 2610 purgacionem
529 2555 716 2598 tormentorum
732 2563 781 2610 per
797 2565 848 2612 que
863 2551 978 2599 transisti
994 2551 1044 2600 huc
1061 2551 1151 2600 uenire
1168 2551 1304 2614 potuimus.
1345 2549 1429 2600 Peni-

267 2627 376 2675 tenciam
387 2627 456 2675 enim
468 2641 543 2688 quam
555 2634 615 2676 ante
627 2633 735 2675 mortem
748 2627 789 2676 uel
801 2628 827 2676 in
839 2636 922 2677 morte
933 2629 1093 2692 suscepimus
1105 2637 1131 2678 et
1141 2629 1244 2678 minime
1256 2628 1430 2690 perfecimus

268 2705 295 2753 in
306 2704 358 2754 illis
369 2704 432 2754 locis
444 2705 585 2766 penalibus,
597 2705 642 2753 alii
654 2705 753 2765 maiori,
764 2705 806 2754 alii
820 2707 909 2754 minori
921 2709 1010 2770 spacio
1022 2709 1145 2770 temporis
1158 2707 1298 2758 secundum
1311 2710 1428 2756 modum

223 2805 256 2856 ³0
268 2791 296 2832 et
306 2783 477 2846 quantitatem
489 2783 629 2845 culparum,
642 2789 771 2833 tormenta
786 2785 881 2834 luendo
893 2787 1047 2848 peregimus.
1080 2787 1179 2836 Omnes
1194 2785 1263 2835 enim
1274 2785 1319 2847 qui
1334 2786 1366 2834 in
1378 2787 1430 2835 hac

268 2863 357 2924 requie
373 2875 470 2921 sumus,
482 2861 508 2910 in
525 2863 576 2911 illis
592 2861 655 2910 locis
672 2878 720 2925 pro
737 2863 851 2924 peccatis
868 2864 962 2914 nostris
978 2865 1087 2926 luimus3
1102 2865 1140 2914 sic
1156 2873 1183 2914 et
1200 2879 1291 2913 omnes
1307 2879 1383 2925 quos
1402 2866 1429 2914 in

268 2940 377 3002 singulis
393 2940 457 2990 locis
472 2941 606 3002 penalibus
618 2941 712 3000 uidisti,
724 2949 812 3004 preter
822 2957 868 2990 eos
879 2944 922 3004 qui
936 2943 1000 2992 inira
1011 2959 1042 2993 os
1053 2945 1124 3007 putei
1135 2943 1352 3004 interemissent,
1366 2953 1429 3006 post

268 3020 451 3082 purgacionem
467 3019 499 3068 ad
516 3020 582 3068 hane
597 3020 623 3067 in
640 3034 691 3081 qua
703 3035 771 3068 nunc
788 3035 877 3069 sumus
892 3023 1008 3083 requiem
1025 3023 1218 3084 pemenientes,
1231 3020 1296 3070 salui
1313 3025 1429 3072 tandem

268 3105 352 3148 erunt.
388 3097 466 3146 Omni
478 3113 541 3147 uero
553 3097 595 3146 die
606 3097 687 3147 seculi
698 3098 759 3148 inde
776 3099 876 3161 purgati
888 3100 938 3149 huc
949 3101 981 3150 ad
995 3116 1044 3149 nos
1056 3102 1163 3150 ueniunt
1173 3099 1265 3161 aliqui,
1282 3107 1309 3147 et
1319 3113 1377 3150 nos
1389 3104 1429 3151 eis

225 3195 256 3248 35
270 3176 371 3225 obuiam
380 3176 506 3236 uenimus,
516 3175 581 3225 sicut
592 3183 619 3225 et
631 3176 676 3226 tibi
687 3177 801 3241 lecimus,
811 3186 837 3226 et
848 3193 895 3226 eos
907 3178 933 3226 in
945 3179 1010 3228 hanc
1023 3180 1136 3241 requiem
1146 3178 1339 3228 introducimus.
1376 3180 1430 3242 Qui

270 3270 334 3304 uero
352 3257 418 3304 bene
435 3257 536 3316 purgati
554 3256 587 3304 de
605 3269 713 3317 corpore
730 3263 834 3318 exeunt,
848 3257 933 3304 statim
951 3257 1000 3306 huc
1017 3259 1049 3306 ad
1067 3273 1115 3308 nos
1130 3257 1291 3320 perueniunt
1327 3257 1429 3310 Nullus

269 3339 355 3382 autem
367 3334 553 3394 eorumquiin
569 3333 644 3394 penis
657 3339 719 3382 sunt
734 3335 806 3382 nouit
817 3335 936 3397 quamdiu
952 3335 986 3384 ibi
998 3337 1175 3384 demoraturus
1188 3337 1229 3385 sit
1266 3335 1318 3384 Per
1327 3338 1429 3388 mimas

269 3426 334 3460 uero
350 3419 376 3460 et
392 3411 504 3473 psalmos
516 3418 542 3460 et
553 3411 688 3460 oraciones
705 3419 732 3460 et
749 3413 911 3473 elemosinas,
922 3414 1046 3475 quociens
1063 3430 1112 3477 pro
1129 3413 1167 3463 eis
1182 3412 1255 3471 fiunt,
1268 3422 1314 3463 aut
1329 3429 1427 3467 eorum

270 3496 399 3540 tormenta
409 3489 577 3550 minorantur,
589 3497 633 3538 aut
647 3491 680 3539 de
697 3490 761 3552 ipsis
778 3491 912 3540 tormentis
928 3491 955 3540 in
969 3491 1111 3542 minoribus
1128 3491 1325 3550 transferuntur,
1337 3495 1428 3545 donee

225 3589 258 3640 40
271 3569 377 3619 omnino
388 3567 506 3631 pertalis
518 3568 644 3617 beneficia
654 3567 802 3618 liberentur.
837 3569 938 3619 Etcum
954 3570 980 3618 in
995 3571 1062 3620 hanc
1074 3571 1181 3632 patriam
1193 3571 1323 3630 uenerint,
1334 3586 1426 3634 quam-

271 3648 314 3698 diu
333 3648 373 3696 hic
393 3646 506 3696 mansuri
528 3647 580 3696 sint
598 3647 724 3706 nesciunt,
745 3647 830 3696 nullus
849 3649 917 3696 enim
934 3655 1051 3698 nostnrm
1073 3650 1124 3698 hoc
1142 3648 1210 3698 scire
1230 3656 1316 3712 potest
1337 3651 1375 3700 de
1397 3669 1428 3702 se

271 3728 391 3791 quamdiu
404 3727 444 3774 hic
456 3725 549 3774 debeat
560 3740 625 3775 esse.
662 3725 733 3775 Sicut
748 3725 818 3775 enim
834 3727 861 3774 in
874 3727 937 3776 locis
954 3727 1088 3789 penalibus
1100 3728 1241 3778 secundum
1254 3729 1427 3790 quantitatem

271 3807 401 3869 culparum
419 3804 562 3867 percipiunt
580 3805 726 3853 remorandi
745 3805 785 3852 sui
804 3805 926 3866 spacium,
945 3805 981 3854 ita
1003 3812 1030 3855 et
1051 3806 1094 3868 qui
1112 3806 1154 3855 hie
1172 3821 1262 3855 sumus
1280 3811 1426 3858 secundum

273 3885 364 3934 merita
382 3883 449 3932 bona
464 3883 547 3931 minus
561 3882 652 3944 plusue
668 3882 710 3931 hic
727 3882 856 3948 morand(i
867 3883 993 3948 spacium)
1012 3884 1183 3946 percepimus,
1195 3890 1223 3933 et
1237 3885 1300 3934 licet
1316 3901 1333 3934 a
1348 3889 1426 3948 penis

226 3981 259 4033 45
272 3964 352 4014 simus
370 3961 470 4011 liberati
489 3967 517 4010 et
534 3959 617 4020 liberi,
636 3967 722 4009 tamen
742 3961 774 4010 ad
797 3975 936 4023 supernam
953 3962 1000 4011 celi
1018 3962 1128 4012 leticiam
1148 3963 1290 4012 ascendere
1310 3967 1425 4015 noudum

272 4056 361 4094 sumus
372 4041 450 4102 digni
484 4039 612 4101 Quamdiu
623 4039 692 4088 enim
705 4039 746 4088 hic
757 4046 902 4089 moraturus
913 4041 955 4100 sit,
965 4041 1049 4090 nullus
1061 4043 1094 4090 de
1105 4057 1134 4090 se
1147 4041 1253 4106 (nouit).
1282 4041 1360 4103 Ecce,
1375 4045 1424 4106 (ut)

274 4122 354 4182 uides,
371 4121 398 4168 in
410 4133 504 4180 magna
520 4118 608 4180 requie
621 4124 648 4167 et
664 4117 747 4167 leticia
763 4132 865 4168 sumus:
882 4127 923 4168 set
934 4127 994 4182 post
1009 4119 1124 4182 spacium
1140 4135 1156 4169 a
1173 4120 1224 4169 deo
1240 4121 1350 4183 ungariis
1365 4137 1424 4172 cou-

273 4200 390 4250 stitutum
413 4198 473 4246 hinc
492 4195 664 4245 transibimus.
706 4196 808 4246 Cotidie
825 4197 894 4246 enim
917 4197 1028 4248 societas
1051 4205 1138 4248 nostra
1159 4199 1260 4262 crescit,
1282 4207 1310 4248 et
1331 4201 1425 4250 cotidie

274 4277 407 4327 decrescit.
445 4275 516 4325 Sicut
527 4276 596 4324 enim
611 4274 705 4324 cotidie
721 4275 800 4338 aliqui
817 4276 850 4325 de
866 4276 1002 4326 tormentis
1019 4277 1119 4339 purgati
1135 4276 1178 4325 hic
1194 4278 1228 4326 ad
1246 4293 1295 4327 noa
1308 4279 1424 4338 ueniunt,

230 4373 263 4428 50
276 4356 311 4406 ita
333 4361 360 4406 et
382 4355 442 4404 hinc
464 4369 481 4402 a
502 4353 576 4404 nobis
599 4353 626 4403 in
648 4353 769 4418 paradiso
791 4354 908 4405 terrestri
930 4355 1078 4406 constitutis
1099 4355 1177 4418 aliqui
1206 4355 1244 4422 (in
1266 4357 1422 4424 paradisum)
