<?xml version="1.0" encoding="UTF-8"?>
<!DOCTYPE html PUBLIC "-//W3C//DTD XHTML 1.0 Transitional//EN"
    "http://www.w3.org/TR/xhtml1/DTD/xhtml1-transitional.dtd">
<html xmlns="http://www.w3.org/1999/xhtml" xml:lang="en" lang="en">
 <head>
  <title>
</title>
<meta http-equiv="Content-Type" content="text/html;charset=utf-8" />
  <meta name='ocr-system' content='tesseract 3.04.00' />
  <meta name='ocr-capabilities' content='ocr_page ocr_carea ocr_par ocr_line ocrx_word'/>
</head>
<body>
  <div class='ocr_page' id='page_1' title='image "./novalegendaangl00wordgoog/novalegendaangl00wordgoog_0028.png"; bbox 0 0 3044 4894; ppageno 0'>
   <div class='ocr_carea' id='block_1_1' title="bbox 419 297 1219 404">
    <p class='ocr_par' dir='ltr' id='par_1_1' title="bbox 419 297 1219 404">
     <span class='ocr_line' id='line_1_1' title="bbox 419 297 1219 404; baseline 0.004 -9"><span class='ocrx_word' id='word_1_1' title='bbox 419 297 873 404; x_wconf 68' lang='lat' dir='ltr'><strong>aesomnium.</strong></span> <span class='ocrx_word' id='word_1_2' title='bbox 1175 325 1219 398; x_wconf 87' lang='lat'><strong>17</strong></span> 
     </span>
    </p>
   </div>
   <div class='ocr_carea' id='block_1_2' title="bbox 8 503 1251 928">
    <p class='ocr_par' dir='ltr' id='par_1_2' title="bbox 8 503 1251 928">
     <span class='ocr_line' id='line_1_2' title="bbox 70 503 1221 577; baseline 0.004 -22"><span class='ocrx_word' id='word_1_3' title='bbox 70 513 274 573; x_wconf 89' lang='lat' dir='ltr'><strong>apparuerunt</strong></span> <span class='ocrx_word' id='word_1_4' title='bbox 292 503 350 560; x_wconf 93' lang='lat' dir='ltr'><strong>sibi</strong></span> <span class='ocrx_word' id='word_1_5' title='bbox 368 503 494 576; x_wconf 89' lang='lat' dir='ltr'><strong>apostoli</strong></span> <span class='ocrx_word' id='word_1_6' title='bbox 507 503 618 560; x_wconf 83' lang='lat' dir='ltr'><strong>Christi</strong></span> <span class='ocrx_word' id='word_1_7' title='bbox 638 503 746 561; x_wconf 87' lang='lat' dir='ltr'><strong>Petrus</strong></span> <span class='ocrx_word' id='word_1_8' title='bbox 764 511 793 560; x_wconf 87' lang='lat' dir='ltr'><strong>et</strong></span> <span class='ocrx_word' id='word_1_9' title='bbox 810 503 928 575; x_wconf 90' lang='lat' dir='ltr'><strong>Paulus,</strong></span> <span class='ocrx_word' id='word_1_10' title='bbox 942 503 1030 577; x_wconf 88' lang='lat' dir='ltr'><strong>eique</strong></span> <span class='ocrx_word' id='word_1_11' title='bbox 1042 505 1121 577; x_wconf 93' lang='lat' dir='ltr'><strong>quod</strong></span> <span class='ocrx_word' id='word_1_12' title='bbox 1140 503 1221 561; x_wconf 89' lang='lat' dir='ltr'><strong>sani-</strong></span> 
     </span>
     <span class='ocr_line' id='line_1_3' title="bbox 71 591 1221 665; baseline 0.005 -23"><span class='ocrx_word' id='word_1_13' title='bbox 71 595 164 646; x_wconf 87' lang='lat' dir='ltr'>tatem</span> <span class='ocrx_word' id='word_1_14' title='bbox 178 607 196 647; x_wconf 86' lang='lat' dir='ltr'><strong>a</strong></span> <span class='ocrx_word' id='word_1_15' title='bbox 208 592 266 648; x_wconf 91' lang='lat' dir='ltr'><strong>deo</strong></span> <span class='ocrx_word' id='word_1_16' title='bbox 278 601 404 665; x_wconf 90' lang='lat' dir='ltr'><strong>propter</strong></span> <span class='ocrx_word' id='word_1_17' title='bbox 414 608 502 648; x_wconf 90' lang='lat' dir='ltr'><strong>suam</strong></span> <span class='ocrx_word' id='word_1_18' title='bbox 515 591 657 664; x_wconf 89' lang='lat' dir='ltr'><strong>pietatem</strong></span> <span class='ocrx_word' id='word_1_19' title='bbox 670 609 756 648; x_wconf 88' lang='lat' dir='ltr'><strong>sacra</strong></span> <span class='ocrx_word' id='word_1_20' title='bbox 766 591 952 664; x_wconf 89' lang='lat' dir='ltr'><strong>baptismatis</strong></span> <span class='ocrx_word' id='word_1_21' title='bbox 959 593 1038 648; x_wconf 87' lang='lat' dir='ltr'><strong>vnda</strong></span> <span class='ocrx_word' id='word_1_22' title='bbox 1046 610 1063 648; x_wconf 86' lang='lat' dir='ltr'><strong>a</strong></span> <span class='ocrx_word' id='word_1_23' title='bbox 1072 591 1221 649; x_wconf 90' lang='lat' dir='ltr'><strong>Siluestro</strong></span> 
     </span>
     <span class='ocr_line' id='line_1_4' title="bbox 72 677 1221 753; baseline 0.005 -23"><span class='ocrx_word' id='word_1_24' title='bbox 72 689 152 748; x_wconf 89' lang='lat' dir='ltr'><strong>papa</strong></span> <span class='ocrx_word' id='word_1_25' title='bbox 160 677 301 750; x_wconf 89' lang='lat' dir='ltr'><strong>perfusus</strong></span> <span class='ocrx_word' id='word_1_26' title='bbox 310 679 567 751; x_wconf 85' lang='lat' dir='ltr'><strong>consequuturus¹</strong></span> <span class='ocrx_word' id='word_1_27' title='bbox 578 687 660 735; x_wconf 88' lang='lat' dir='ltr'><strong>esset</strong></span> <span class='ocrx_word' id='word_1_28' title='bbox 668 678 850 736; x_wconf 88' lang='lat' dir='ltr'><strong>intimarunt.</strong></span> <span class='ocrx_word' id='word_1_29' title='bbox 871 679 996 736; x_wconf 87' lang='lat' dir='ltr'><strong>Beatum</strong></span> <span class='ocrx_word' id='word_1_30' title='bbox 1006 679 1096 753; x_wconf 86' lang='lat' dir='ltr'><strong>igitur</strong></span> <span class='ocrx_word' id='word_1_31' title='bbox 1105 679 1221 737; x_wconf 87' lang='lat' dir='ltr'><strong>Silues-</strong></span> 
     </span>
     <span class='ocr_line' id='line_1_5' title="bbox 8 765 1219 840; baseline 0.003 -20"><span class='ocrx_word' id='word_1_32' title='bbox 8 815 13 827; x_wconf 85' lang='lat'><strong>,</strong></span> <span class='ocrx_word' id='word_1_33' title='bbox 71 769 151 820; x_wconf 83' lang='lat' dir='ltr'><strong>trum</strong></span> <span class='ocrx_word' id='word_1_34' title='bbox 171 767 330 836; x_wconf 70' lang='lat' dir='ltr'><strong>aduocans</strong></span> <span class='ocrx_word' id='word_1_35' title='bbox 344 766 396 839; x_wconf 90' lang='lat' dir='ltr'><strong>qui</strong></span> <span class='ocrx_word' id='word_1_36' title='bbox 413 765 445 822; x_wconf 93' lang='lat' dir='ltr'><strong>in</strong></span> <span class='ocrx_word' id='word_1_37' title='bbox 464 765 607 839; x_wconf 91' lang='lat' dir='ltr'><strong>spelunca</strong></span> <span class='ocrx_word' id='word_1_38' title='bbox 622 766 762 835; x_wconf 81' lang='lat' dir='ltr'>latitabat,</span> <span class='ocrx_word' id='word_1_39' title='bbox 774 766 921 824; x_wconf 86' lang='lat' dir='ltr'>visionem</span> <span class='ocrx_word' id='word_1_40' title='bbox 940 768 1039 824; x_wconf 91' lang='lat' dir='ltr'><strong>eidem</strong></span> <span class='ocrx_word' id='word_1_41' title='bbox 1058 767 1219 840; x_wconf 84' lang='lat' dir='ltr'><strong>exposuit:</strong></span> 
     </span>
     <span class='ocr_line' id='line_1_6' title="bbox 14 849 1251 928; baseline 0.006 -23"><span class='ocrx_word' id='word_1_42' title='bbox 14 849 28 894; x_wconf 57' lang='grc' dir='ltr'><strong>ι’</strong></span> <span class='ocrx_word' id='word_1_43' title='bbox 71 858 103 906; x_wconf 88' lang='lat' dir='ltr'><strong>et</strong></span> <span class='ocrx_word' id='word_1_44' title='bbox 120 852 158 908; x_wconf 88' lang='lat' dir='ltr'><strong>ab</strong></span> <span class='ocrx_word' id='word_1_45' title='bbox 174 870 210 909; x_wconf 88' lang='lat' dir='ltr'><strong>eo</strong></span> <span class='ocrx_word' id='word_1_46' title='bbox 229 853 260 910; x_wconf 91' lang='lat' dir='ltr'><strong>in</strong></span> <span class='ocrx_word' id='word_1_47' title='bbox 278 854 339 910; x_wconf 87' lang='lat' dir='ltr'><strong>lide</strong></span> <span class='ocrx_word' id='word_1_48' title='bbox 352 851 463 910; x_wconf 87' lang='lat' dir='ltr'><strong>Christi</strong></span> <span class='ocrx_word' id='word_1_49' title='bbox 483 851 637 926; x_wconf 82' lang='lat' dir='ltr'><strong>sapienter</strong></span> <span class='ocrx_word' id='word_1_50' title='bbox 653 854 823 924; x_wconf 88' lang='lat' dir='ltr'><strong>instructus,</strong></span> <span class='ocrx_word' id='word_1_51' title='bbox 844 871 963 912; x_wconf 88' lang='lat' dir='ltr'><strong>sacrum</strong></span> <span class='ocrx_word' id='word_1_52' title='bbox 978 854 1128 928; x_wconf 86' lang='lat' dir='ltr'><strong>baptisma</strong></span> <span class='ocrx_word' id='word_1_53' title='bbox 1153 872 1251 926; x_wconf 80' lang='lat' dir='ltr'><strong>sus-5</strong></span> 
     </span>
    </p>
   </div>
   <div class='ocr_carea' id='block_1_3' title="bbox 70 939 1275 4251">
    <p class='ocr_par' dir='ltr' id='par_1_3' title="bbox 70 939 1275 4251">
     <span class='ocr_line' id='line_1_7' title="bbox 72 939 1221 1010; baseline 0.005 -17"><span class='ocrx_word' id='word_1_54' title='bbox 72 939 161 1010; x_wconf 82' lang='lat' dir='ltr'><strong>cepit.</strong></span> <span class='ocrx_word' id='word_1_55' title='bbox 197 940 283 998; x_wconf 74' lang='lat' dir='ltr'><strong>²Hec</strong></span> <span class='ocrx_word' id='word_1_56' title='bbox 302 957 376 998; x_wconf 88' lang='lat' dir='ltr'><strong>vero</strong></span> <span class='ocrx_word' id='word_1_57' title='bbox 393 951 424 998; x_wconf 86' lang='lat' dir='ltr'><strong>vt</strong></span> <span class='ocrx_word' id='word_1_58' title='bbox 440 951 543 998; x_wconf 87' lang='lat' dir='ltr'><strong>sancta</strong></span> <span class='ocrx_word' id='word_1_59' title='bbox 561 940 681 998; x_wconf 90' lang='lat' dir='ltr'><strong>Helena</strong></span> <span class='ocrx_word' id='word_1_60' title='bbox 697 951 793 998; x_wconf 87' lang='lat' dir='ltr'><strong>mater</strong></span> <span class='ocrx_word' id='word_1_61' title='bbox 808 942 873 999; x_wconf 90' lang='lat' dir='ltr'><strong>eius</strong></span> <span class='ocrx_word' id='word_1_62' title='bbox 888 942 919 998; x_wconf 89' lang='lat' dir='ltr'><strong>in</strong></span> <span class='ocrx_word' id='word_1_63' title='bbox 937 942 1067 999; x_wconf 87' lang='lat' dir='ltr'><strong>Bithinia</strong></span> <span class='ocrx_word' id='word_1_64' title='bbox 1086 942 1221 1000; x_wconf 80' lang='lat' dir='ltr'><strong>existens</strong></span> 
     </span>
     <span class='ocr_line' id='line_1_8' title="bbox 72 1026 1221 1102; baseline 0.005 -22"><span class='ocrx_word' id='word_1_65' title='bbox 72 1026 193 1096; x_wconf 89' lang='lat' dir='ltr'><strong>audiuit,</strong></span> <span class='ocrx_word' id='word_1_66' title='bbox 206 1046 262 1101; x_wconf 85' lang='lat' dir='ltr'><strong>per</strong></span> <span class='ocrx_word' id='word_1_67' title='bbox 280 1028 394 1085; x_wconf 82' lang='lat' dir='ltr'><strong>litteras</strong></span> <span class='ocrx_word' id='word_1_68' title='bbox 413 1028 507 1085; x_wconf 88' lang='lat' dir='ltr'><strong>filium</strong></span> <span class='ocrx_word' id='word_1_69' title='bbox 527 1028 657 1085; x_wconf 89' lang='lat' dir='ltr'><strong>laudauit</strong></span> <span class='ocrx_word' id='word_1_70' title='bbox 670 1031 750 1102; x_wconf 93' lang='lat' dir='ltr'><strong>quod</strong></span> <span class='ocrx_word' id='word_1_71' title='bbox 768 1029 1015 1087; x_wconf 87' lang='lat' dir='ltr'><strong>abrenunciasset</strong></span> <span class='ocrx_word' id='word_1_72' title='bbox 1033 1029 1221 1087; x_wconf 83' lang='lat' dir='ltr'><strong>simulachris</strong></span> 
     </span>
     <span class='ocr_line' id='line_1_9' title="bbox 72 1112 1222 1189; baseline 0.004 -21"><span class='ocrx_word' id='word_1_73' title='bbox 72 1112 229 1186; x_wconf 89' lang='lat' dir='ltr'><strong>idolorum,</strong></span> <span class='ocrx_word' id='word_1_74' title='bbox 242 1117 297 1173; x_wconf 90' lang='lat' dir='ltr'><strong>sed</strong></span> <span class='ocrx_word' id='word_1_75' title='bbox 311 1117 387 1174; x_wconf 90' lang='lat' dir='ltr'><strong>dure</strong></span> <span class='ocrx_word' id='word_1_76' title='bbox 404 1115 570 1188; x_wconf 88' lang='lat' dir='ltr'><strong>increpauit</strong></span> <span class='ocrx_word' id='word_1_77' title='bbox 588 1116 667 1189; x_wconf 89' lang='lat' dir='ltr'><strong>quod</strong></span> <span class='ocrx_word' id='word_1_78' title='bbox 683 1117 784 1174; x_wconf 91' lang='lat' dir='ltr'><strong>relicto</strong></span> <span class='ocrx_word' id='word_1_79' title='bbox 799 1116 960 1174; x_wconf 88' lang='lat' dir='ltr'><strong>iudeorum</strong></span> <span class='ocrx_word' id='word_1_80' title='bbox 974 1117 1032 1174; x_wconf 92' lang='lat' dir='ltr'><strong>deo</strong></span> <span class='ocrx_word' id='word_1_81' title='bbox 1045 1117 1222 1174; x_wconf 86' lang='lat' dir='ltr'><strong>crucifixum</strong></span> 
     </span>
     <span class='ocr_line' id='line_1_10' title="bbox 72 1200 1222 1277; baseline 0.003 -21"><span class='ocrx_word' id='word_1_82' title='bbox 72 1200 227 1260; x_wconf 89' lang='lat' dir='ltr'><strong>hominem</strong></span> <span class='ocrx_word' id='word_1_83' title='bbox 246 1203 322 1261; x_wconf 89' lang='lat' dir='ltr'><strong>sicut</strong></span> <span class='ocrx_word' id='word_1_84' title='bbox 340 1205 431 1261; x_wconf 90' lang='lat' dir='ltr'><strong>deum</strong></span> <span class='ocrx_word' id='word_1_85' title='bbox 451 1203 549 1260; x_wconf 89' lang='lat' dir='ltr'><strong>coluit.</strong></span> <span class='ocrx_word' id='word_1_86' title='bbox 587 1202 758 1277; x_wconf 86' lang='lat' dir='ltr'><strong>Respondit</strong></span> <span class='ocrx_word' id='word_1_87' title='bbox 776 1213 877 1261; x_wconf 89' lang='lat' dir='ltr'><strong>autem</strong></span> <span class='ocrx_word' id='word_1_88' title='bbox 890 1203 1052 1276; x_wconf 84' lang='lat' dir='ltr'><strong>Augustus,</strong></span> <span class='ocrx_word' id='word_1_89' title='bbox 1066 1203 1222 1261; x_wconf 86' lang='lat' dir='ltr'><strong>Christum</strong></span> 
     </span>
     <span class='ocr_line' id='line_1_11' title="bbox 72 1289 1270 1364; baseline 0.003 -20"><span class='ocrx_word' id='word_1_90' title='bbox 72 1305 179 1346; x_wconf 84' lang='lat' dir='ltr'><strong>verum</strong></span> <span class='ocrx_word' id='word_1_91' title='bbox 199 1309 269 1348; x_wconf 87' lang='lat' dir='ltr'><strong>esse</strong></span> <span class='ocrx_word' id='word_1_92' title='bbox 287 1293 378 1349; x_wconf 89' lang='lat' dir='ltr'><strong>deum</strong></span> <span class='ocrx_word' id='word_1_93' title='bbox 400 1300 431 1348; x_wconf 90' lang='lat' dir='ltr'><strong>et</strong></span> <span class='ocrx_word' id='word_1_94' title='bbox 450 1289 499 1348; x_wconf 85' lang='lat' dir='ltr'><strong>dei</strong></span> <span class='ocrx_word' id='word_1_95' title='bbox 521 1289 634 1348; x_wconf 86' lang='lat' dir='ltr'><strong>filium:</strong></span> <span class='ocrx_word' id='word_1_96' title='bbox 661 1290 724 1348; x_wconf 89' lang='lat' dir='ltr'><strong>Sed</strong></span> <span class='ocrx_word' id='word_1_97' title='bbox 744 1300 855 1362; x_wconf 88' lang='lat' dir='ltr'><strong>tamen,</strong></span> <span class='ocrx_word' id='word_1_98' title='bbox 873 1300 906 1347; x_wconf 84' lang='lat' dir='ltr'><strong>vt</strong></span> <span class='ocrx_word' id='word_1_99' title='bbox 924 1291 1022 1348; x_wconf 90' lang='lat' dir='ltr'><strong>omnis</strong></span> <span class='ocrx_word' id='word_1_100' title='bbox 1040 1309 1078 1348; x_wconf 83' lang='lat' dir='ltr'><strong>ex</strong></span> <span class='ocrx_word' id='word_1_101' title='bbox 1096 1301 1223 1364; x_wconf 87' lang='lat' dir='ltr'><strong>vtraque</strong></span> <span class='ocrx_word' id='word_1_102' title='bbox 1239 1311 1270 1350; x_wconf 86' lang='lat' dir='ltr'><strong>ro</strong></span> 
     </span>
     <span class='ocr_line' id='line_1_12' title="bbox 71 1377 1223 1452; baseline 0.003 -19"><span class='ocrx_word' id='word_1_103' title='bbox 71 1385 159 1448; x_wconf 88' lang='lat' dir='ltr'><strong>parte</strong></span> <span class='ocrx_word' id='word_1_104' title='bbox 180 1379 333 1435; x_wconf 87' lang='lat' dir='ltr'><strong>tolleretur</strong></span> <span class='ocrx_word' id='word_1_105' title='bbox 351 1378 539 1451; x_wconf 81' lang='lat' dir='ltr'><strong>ambiguitas,</strong></span> <span class='ocrx_word' id='word_1_106' title='bbox 556 1378 709 1436; x_wconf 87' lang='lat' dir='ltr'><strong>mandauit</strong></span> <span class='ocrx_word' id='word_1_107' title='bbox 727 1378 815 1436; x_wconf 89' lang='lat' dir='ltr'><strong>matri</strong></span> <span class='ocrx_word' id='word_1_108' title='bbox 832 1388 864 1435; x_wconf 87' lang='lat' dir='ltr'><strong>vt</strong></span> <span class='ocrx_word' id='word_1_109' title='bbox 883 1377 1043 1435; x_wconf 88' lang='lat' dir='ltr'><strong>iudeorum</strong></span> <span class='ocrx_word' id='word_1_110' title='bbox 1063 1380 1223 1452; x_wconf 85' lang='lat' dir='ltr'><strong>magistros</strong></span> 
     </span>
     <span class='ocr_line' id='line_1_13' title="bbox 71 1465 1224 1539; baseline 0.002 -19"><span class='ocrx_word' id='word_1_111' title='bbox 71 1481 179 1522; x_wconf 88' lang='lat' dir='ltr'><strong>secum</strong></span> <span class='ocrx_word' id='word_1_112' title='bbox 205 1467 378 1536; x_wconf 87' lang='lat' dir='ltr'><strong>adduceret,</strong></span> <span class='ocrx_word' id='word_1_113' title='bbox 406 1473 438 1522; x_wconf 89' lang='lat' dir='ltr'><strong>et</strong></span> <span class='ocrx_word' id='word_1_114' title='bbox 472 1465 540 1539; x_wconf 90' lang='lat' dir='ltr'><strong>ipse</strong></span> <span class='ocrx_word' id='word_1_115' title='bbox 566 1482 684 1538; x_wconf 91' lang='lat' dir='ltr'><strong>quoque</strong></span> <span class='ocrx_word' id='word_1_116' title='bbox 708 1465 948 1523; x_wconf 88' lang='lat' dir='ltr'><strong>Christianorum</strong></span> <span class='ocrx_word' id='word_1_117' title='bbox 977 1467 1114 1524; x_wconf 89' lang='lat' dir='ltr'><strong>doctores</strong></span> <span class='ocrx_word' id='word_1_118' title='bbox 1151 1483 1224 1539; x_wconf 87' lang='lat' dir='ltr'><strong>pro·</strong></span> 
     </span>
     <span class='ocr_line' id='line_1_14' title="bbox 72 1551 1225 1628; baseline 0.001 -21"><span class='ocrx_word' id='word_1_119' title='bbox 72 1551 186 1612; x_wconf 81' lang='lat' dir='ltr'><strong>ferret:</strong></span> <span class='ocrx_word' id='word_1_120' title='bbox 205 1555 308 1628; x_wconf 87' lang='lat' dir='ltr'><strong>sicque</strong></span> <span class='ocrx_word' id='word_1_121' title='bbox 323 1572 362 1610; x_wconf 84' lang='lat' dir='ltr'><strong>ex</strong></span> <span class='ocrx_word' id='word_1_122' title='bbox 378 1553 578 1626; x_wconf 88' lang='lat' dir='ltr'><strong>disputatione</strong></span> <span class='ocrx_word' id='word_1_123' title='bbox 595 1561 698 1610; x_wconf 88' lang='lat' dir='ltr'><strong>mutua</strong></span> <span class='ocrx_word' id='word_1_124' title='bbox 708 1571 780 1610; x_wconf 89' lang='lat' dir='ltr'><strong>vera</strong></span> <span class='ocrx_word' id='word_1_125' title='bbox 793 1553 870 1610; x_wconf 89' lang='lat' dir='ltr'><strong>fides</strong></span> <span class='ocrx_word' id='word_1_126' title='bbox 882 1562 1048 1626; x_wconf 84' lang='lat' dir='ltr'><strong>appareret.</strong></span> <span class='ocrx_word' id='word_1_127' title='bbox 1086 1553 1225 1609; x_wconf 87' lang='lat' dir='ltr'><strong>Adduxit</strong></span> 
     </span>
     <span class='ocr_line' id='line_1_15' title="bbox 71 1639 1223 1714; baseline 0.003 -20"><span class='ocrx_word' id='word_1_128' title='bbox 71 1639 166 1712; x_wconf 88' lang='lat' dir='ltr'><strong>igitur</strong></span> <span class='ocrx_word' id='word_1_129' title='bbox 177 1657 281 1698; x_wconf 90' lang='lat' dir='ltr'><strong>secum</strong></span> <span class='ocrx_word' id='word_1_130' title='bbox 294 1650 397 1698; x_wconf 87' lang='lat' dir='ltr'><strong>sancta</strong></span> <span class='ocrx_word' id='word_1_131' title='bbox 414 1640 533 1697; x_wconf 87' lang='lat' dir='ltr'><strong>Helena</strong></span> <span class='ocrx_word' id='word_1_132' title='bbox 548 1640 676 1696; x_wconf 89' lang='lat' dir='ltr'><strong>Romam</strong></span> <span class='ocrx_word' id='word_1_133' title='bbox 696 1640 1025 1714; x_wconf 87' lang='lat' dir='ltr'><strong>centumquadraginta</strong></span> <span class='ocrx_word' id='word_1_134' title='bbox 1039 1658 1132 1697; x_wconf 91' lang='lat' dir='ltr'><strong>unum</strong></span> <span class='ocrx_word' id='word_1_135' title='bbox 1152 1643 1223 1697; x_wconf 88' lang='lat' dir='ltr'><strong>doc-</strong></span> 
     </span>
     <span class='ocr_line' id='line_1_16' title="bbox 71 1727 1268 1803; baseline 0.003 -20"><span class='ocrx_word' id='word_1_136' title='bbox 71 1727 209 1785; x_wconf 89' lang='lat' dir='ltr'><strong>tissimos</strong></span> <span class='ocrx_word' id='word_1_137' title='bbox 218 1728 387 1798; x_wconf 87' lang='lat' dir='ltr'><strong>iudeorum,</strong></span> <span class='ocrx_word' id='word_1_138' title='bbox 397 1727 475 1784; x_wconf 88' lang='lat' dir='ltr'><strong>inter</strong></span> <span class='ocrx_word' id='word_1_139' title='bbox 483 1745 560 1800; x_wconf 93' lang='lat' dir='ltr'><strong>quos</strong></span> <span class='ocrx_word' id='word_1_140' title='bbox 570 1727 730 1784; x_wconf 92' lang='lat' dir='ltr'><strong>duodecim</strong></span> <span class='ocrx_word' id='word_1_141' title='bbox 742 1737 827 1784; x_wconf 86' lang='lat' dir='ltr'><strong>erant</strong></span> <span class='ocrx_word' id='word_1_142' title='bbox 840 1727 1009 1801; x_wconf 81' lang='lat' dir='ltr'><strong>singulares</strong></span> <span class='ocrx_word' id='word_1_143' title='bbox 1018 1729 1068 1801; x_wconf 93' lang='lat' dir='ltr'><strong>qui</strong></span> <span class='ocrx_word' id='word_1_144' title='bbox 1076 1727 1224 1800; x_wconf 86' lang='lat' dir='ltr'><strong>sapientia</strong></span> <span class='ocrx_word' id='word_1_145' title='bbox 1239 1753 1268 1803; x_wconf 85' lang='lat'><strong>15</strong></span> 
     </span>
     <span class='ocr_line' id='line_1_17' title="bbox 71 1814 1222 1889; baseline 0 -17"><span class='ocrx_word' id='word_1_146' title='bbox 71 1823 103 1872; x_wconf 91' lang='lat' dir='ltr'><strong>et</strong></span> <span class='ocrx_word' id='word_1_147' title='bbox 116 1815 287 1889; x_wconf 88' lang='lat' dir='ltr'><strong>eloquentia</strong></span> <span class='ocrx_word' id='word_1_148' title='bbox 299 1833 355 1889; x_wconf 91' lang='lat' dir='ltr'><strong>pre</strong></span> <span class='ocrx_word' id='word_1_149' title='bbox 367 1815 476 1873; x_wconf 90' lang='lat' dir='ltr'><strong>ceteris</strong></span> <span class='ocrx_word' id='word_1_150' title='bbox 488 1815 656 1872; x_wconf 83' lang='lat' dir='ltr'><strong>rutilabant.</strong></span> <span class='ocrx_word' id='word_1_151' title='bbox 693 1814 770 1872; x_wconf 90' lang='lat' dir='ltr'><strong>Cum</strong></span> <span class='ocrx_word' id='word_1_152' title='bbox 787 1831 860 1888; x_wconf 89' lang='lat' dir='ltr'><strong>ergo</strong></span> <span class='ocrx_word' id='word_1_153' title='bbox 875 1816 980 1872; x_wconf 87' lang='lat' dir='ltr'><strong>beatus</strong></span> <span class='ocrx_word' id='word_1_154' title='bbox 993 1815 1143 1873; x_wconf 91' lang='lat' dir='ltr'><strong>Siluester</strong></span> <span class='ocrx_word' id='word_1_155' title='bbox 1154 1833 1222 1872; x_wconf 92' lang='lat' dir='ltr'><strong>cum</strong></span> 
     </span>
     <span class='ocr_line' id='line_1_18' title="bbox 71 1901 1225 1976; baseline 0 -17"><span class='ocrx_word' id='word_1_156' title='bbox 71 1902 193 1960; x_wconf 87' lang='lat' dir='ltr'><strong>clericis</strong></span> <span class='ocrx_word' id='word_1_157' title='bbox 210 1903 282 1972; x_wconf 89' lang='lat' dir='ltr'><strong>suis,</strong></span> <span class='ocrx_word' id='word_1_158' title='bbox 295 1911 325 1962; x_wconf 87' lang='lat' dir='ltr'><strong>et</strong></span> <span class='ocrx_word' id='word_1_159' title='bbox 339 1902 466 1976; x_wconf 87' lang='lat' dir='ltr'><strong>predicti</strong></span> <span class='ocrx_word' id='word_1_160' title='bbox 482 1902 565 1960; x_wconf 87' lang='lat' dir='ltr'><strong>iudei</strong></span> <span class='ocrx_word' id='word_1_161' title='bbox 583 1902 621 1958; x_wconf 91' lang='lat' dir='ltr'><strong>ad</strong></span> <span class='ocrx_word' id='word_1_162' title='bbox 640 1901 854 1976; x_wconf 87' lang='lat' dir='ltr'><strong>disputandum</strong></span> <span class='ocrx_word' id='word_1_163' title='bbox 873 1919 974 1958; x_wconf 90' lang='lat' dir='ltr'><strong>coram</strong></span> <span class='ocrx_word' id='word_1_164' title='bbox 992 1902 1174 1975; x_wconf 86' lang='lat' dir='ltr'><strong>imperatore</strong></span> <span class='ocrx_word' id='word_1_165' title='bbox 1193 1911 1225 1959; x_wconf 87' lang='lat' dir='ltr'><strong>et</strong></span> 
     </span>
     <span class='ocr_line' id='line_1_19' title="bbox 71 1989 1225 2063; baseline 0 -17"><span class='ocrx_word' id='word_1_166' title='bbox 71 1990 267 2063; x_wconf 83' lang='lat' dir='ltr'><strong>imperatrice</strong></span> <span class='ocrx_word' id='word_1_167' title='bbox 286 2001 382 2048; x_wconf 91' lang='lat' dir='ltr'><strong>matre</strong></span> <span class='ocrx_word' id='word_1_168' title='bbox 400 1990 465 2047; x_wconf 88' lang='lat' dir='ltr'><strong>eius</strong></span> <span class='ocrx_word' id='word_1_169' title='bbox 483 1998 586 2048; x_wconf 88' lang='lat' dir='ltr'><strong>sancta</strong></span> <span class='ocrx_word' id='word_1_170' title='bbox 607 1989 725 2046; x_wconf 87' lang='lat' dir='ltr'><strong>Helena</strong></span> <span class='ocrx_word' id='word_1_171' title='bbox 743 1989 966 2058; x_wconf 91' lang='lat' dir='ltr'><strong>conuenissent,</strong></span> <span class='ocrx_word' id='word_1_172' title='bbox 980 1989 1028 2045; x_wconf 80' lang='lat' dir='ltr'><strong>et⁸</strong></span> <span class='ocrx_word' id='word_1_173' title='bbox 1046 1990 1135 2063; x_wconf 90' lang='lat' dir='ltr'><strong>longo</strong></span> <span class='ocrx_word' id='word_1_174' title='bbox 1148 1998 1225 2046; x_wconf 89' lang='lat' dir='ltr'><strong>tem·</strong></span> 
     </span>
     <span class='ocr_line' id='line_1_20' title="bbox 70 2076 1223 2152; baseline -0.002 -17"><span class='ocrx_word' id='word_1_175' title='bbox 70 2095 151 2152; x_wconf 88' lang='lat' dir='ltr'><strong>pore</strong></span> <span class='ocrx_word' id='word_1_176' title='bbox 171 2078 300 2136; x_wconf 86' lang='lat' dir='ltr'><strong>inuicem</strong></span> <span class='ocrx_word' id='word_1_177' title='bbox 321 2077 454 2136; x_wconf 89' lang='lat' dir='ltr'><strong>altercati</strong></span> <span class='ocrx_word' id='word_1_178' title='bbox 471 2077 606 2145; x_wconf 78' lang='lat' dir='ltr'><strong>fuissent,</strong></span> <span class='ocrx_word' id='word_1_179' title='bbox 619 2079 802 2150; x_wconf 87' lang='lat' dir='ltr'><strong>tandemque</strong></span> <span class='ocrx_word' id='word_1_180' title='bbox 816 2076 930 2147; x_wconf 87' lang='lat' dir='ltr'><strong>(diuina</strong></span> <span class='ocrx_word' id='word_1_181' title='bbox 948 2078 1098 2134; x_wconf 86' lang='lat' dir='ltr'><strong>mediante</strong></span> <span class='ocrx_word' id='word_1_182' title='bbox 1116 2077 1223 2150; x_wconf 80' lang='lat' dir='ltr'><strong>gratia)</strong></span> 
     </span>
     <span class='ocr_line' id='line_1_21' title="bbox 70 2162 1271 2239; baseline 0.001 -15"><span class='ocrx_word' id='word_1_183' title='bbox 70 2175 139 2224; x_wconf 90' lang='lat' dir='ltr'><strong>tum</strong></span> <span class='ocrx_word' id='word_1_184' title='bbox 164 2167 276 2239; x_wconf 86' lang='lat' dir='ltr'><strong>apertis</strong></span> <span class='ocrx_word' id='word_1_185' title='bbox 299 2165 514 2239; x_wconf 87' lang='lat' dir='ltr'><strong>scripturarum</strong></span> <span class='ocrx_word' id='word_1_186' title='bbox 537 2164 762 2232; x_wconf 85' lang='lat' dir='ltr'><strong>assertionibus,</strong></span> <span class='ocrx_word' id='word_1_187' title='bbox 785 2173 849 2220; x_wconf 90' lang='lat' dir='ltr'><strong>tum</strong></span> <span class='ocrx_word' id='word_1_188' title='bbox 874 2162 1001 2220; x_wconf 88' lang='lat' dir='ltr'><strong>insolitis</strong></span> <span class='ocrx_word' id='word_1_189' title='bbox 1021 2173 1050 2221; x_wconf 90' lang='lat' dir='ltr'><strong>et</strong></span> <span class='ocrx_word' id='word_1_190' title='bbox 1066 2164 1224 2238; x_wconf 89' lang='lat' dir='ltr'><strong>stupendis</strong></span> <span class='ocrx_word' id='word_1_191' title='bbox 1239 2187 1271 2225; x_wconf 84' lang='lat' dir='ltr'><strong>ao</strong></span> 
     </span>
     <span class='ocr_line' id='line_1_22' title="bbox 71 2251 1225 2327; baseline -0.003 -16"><span class='ocrx_word' id='word_1_192' title='bbox 71 2253 172 2327; x_wconf 83' lang='lat' dir='ltr'><strong>signis</strong></span> <span class='ocrx_word' id='word_1_193' title='bbox 192 2261 223 2311; x_wconf 88' lang='lat' dir='ltr'><strong>et</strong></span> <span class='ocrx_word' id='word_1_194' title='bbox 241 2253 387 2327; x_wconf 90' lang='lat' dir='ltr'><strong>prodigiis</strong></span> <span class='ocrx_word' id='word_1_195' title='bbox 411 2253 442 2310; x_wconf 93' lang='lat' dir='ltr'><strong>in</strong></span> <span class='ocrx_word' id='word_1_196' title='bbox 462 2261 626 2325; x_wconf 88' lang='lat' dir='ltr'><strong>conspectu</strong></span> <span class='ocrx_word' id='word_1_197' title='bbox 652 2252 795 2322; x_wconf 89' lang='lat' dir='ltr'><strong>omnium,</strong></span> <span class='ocrx_word' id='word_1_198' title='bbox 817 2251 901 2308; x_wconf 89' lang='lat' dir='ltr'><strong>iudei</strong></span> <span class='ocrx_word' id='word_1_199' title='bbox 926 2269 944 2308; x_wconf 93' lang='lat' dir='ltr'><strong>a</strong></span> <span class='ocrx_word' id='word_1_200' title='bbox 965 2252 1053 2308; x_wconf 89' lang='lat' dir='ltr'><strong>beato</strong></span> <span class='ocrx_word' id='word_1_201' title='bbox 1078 2252 1225 2309; x_wconf 89' lang='lat' dir='ltr'><strong>Siluestro</strong></span> 
     </span>
     <span class='ocr_line' id='line_1_23' title="bbox 71 2339 1225 2414; baseline -0.003 -15"><span class='ocrx_word' id='word_1_202' title='bbox 71 2341 209 2414; x_wconf 87' lang='lat' dir='ltr'><strong>superati</strong></span> <span class='ocrx_word' id='word_1_203' title='bbox 228 2351 348 2410; x_wconf 83' lang='lat' dir='ltr'><strong>essent3</strong></span> <span class='ocrx_word' id='word_1_204' title='bbox 377 2339 503 2398; x_wconf 84' lang='lat' dir='ltr'><strong>credidit</strong></span> <span class='ocrx_word' id='word_1_205' title='bbox 521 2339 634 2412; x_wconf 91' lang='lat' dir='ltr'><strong>regina,</strong></span> <span class='ocrx_word' id='word_1_206' title='bbox 655 2347 685 2395; x_wconf 89' lang='lat' dir='ltr'><strong>et</strong></span> <span class='ocrx_word' id='word_1_207' title='bbox 704 2340 795 2396; x_wconf 90' lang='lat' dir='ltr'><strong>deum</strong></span> <span class='ocrx_word' id='word_1_208' title='bbox 815 2339 987 2395; x_wconf 86' lang='lat' dir='ltr'><strong>collaudans</strong></span> <span class='ocrx_word' id='word_1_209' title='bbox 1000 2340 1062 2412; x_wconf 91' lang='lat' dir='ltr'><strong>(qui</strong></span> <span class='ocrx_word' id='word_1_210' title='bbox 1080 2356 1151 2396; x_wconf 90' lang='lat' dir='ltr'><strong>suos</strong></span> <span class='ocrx_word' id='word_1_211' title='bbox 1168 2339 1225 2396; x_wconf 90' lang='lat' dir='ltr'><strong>etsi</strong></span> 
     </span>
     <span class='ocr_line' id='line_1_24' title="bbox 71 2426 1226 2502; baseline -0.001 -16"><span class='ocrx_word' id='word_1_212' title='bbox 71 2445 188 2499; x_wconf 87' lang='lat' dir='ltr'><strong>errare,</strong></span> <span class='ocrx_word' id='word_1_213' title='bbox 200 2437 301 2486; x_wconf 86' lang='lat' dir='ltr'><strong>tamen</strong></span> <span class='ocrx_word' id='word_1_214' title='bbox 315 2427 414 2502; x_wconf 83' lang='lat' dir='ltr'><strong>perire</strong></span> <span class='ocrx_word' id='word_1_215' title='bbox 428 2445 488 2484; x_wconf 89' lang='lat' dir='ltr'><strong>non</strong></span> <span class='ocrx_word' id='word_1_216' title='bbox 498 2427 579 2498; x_wconf 84' lang='lat' dir='ltr'><strong>sinit)</strong></span> <span class='ocrx_word' id='word_1_217' title='bbox 588 2427 820 2500; x_wconf 90' lang='lat' dir='ltr'><strong>tamipsaquam</strong></span> <span class='ocrx_word' id='word_1_218' title='bbox 834 2444 941 2483; x_wconf 85' lang='lat' dir='ltr'><strong>omnes</strong></span> <span class='ocrx_word' id='word_1_219' title='bbox 955 2426 1038 2484; x_wconf 90' lang='lat' dir='ltr'><strong>iudei</strong></span> <span class='ocrx_word' id='word_1_220' title='bbox 1051 2426 1226 2500; x_wconf 86' lang='lat' dir='ltr'><strong>iudicesque</strong></span> 
     </span>
     <span class='ocr_line' id='line_1_25' title="bbox 72 2514 1226 2575; baseline -0.004 0"><span class='ocrx_word' id='word_1_221' title='bbox 72 2526 105 2575; x_wconf 89' lang='lat' dir='ltr'><strong>et</strong></span> <span class='ocrx_word' id='word_1_222' title='bbox 124 2516 218 2575; x_wconf 90' lang='lat' dir='ltr'><strong>ceten&#39;</strong></span> <span class='ocrx_word' id='word_1_223' title='bbox 239 2532 346 2573; x_wconf 87' lang='lat' dir='ltr'><strong>omnes</strong></span> <span class='ocrx_word' id='word_1_224' title='bbox 372 2514 510 2572; x_wconf 91' lang='lat' dir='ltr'><strong>conuersi</strong></span> <span class='ocrx_word' id='word_1_225' title='bbox 529 2523 599 2571; x_wconf 89' lang='lat' dir='ltr'><strong>sunt</strong></span> <span class='ocrx_word' id='word_1_226' title='bbox 618 2516 655 2571; x_wconf 91' lang='lat' dir='ltr'><strong>ad</strong></span> <span class='ocrx_word' id='word_1_227' title='bbox 675 2514 776 2570; x_wconf 89' lang='lat' dir='ltr'><strong>fidem.</strong></span> <span class='ocrx_word' id='word_1_228' title='bbox 821 2514 999 2571; x_wconf 88' lang='lat' dir='ltr'><strong>Beatissima</strong></span> <span class='ocrx_word' id='word_1_229' title='bbox 1014 2532 1087 2571; x_wconf 90' lang='lat' dir='ltr'><strong>vero</strong></span> <span class='ocrx_word' id='word_1_230' title='bbox 1107 2514 1226 2571; x_wconf 89' lang='lat' dir='ltr'><strong>Helena</strong></span> 
     </span>
     <span class='ocr_line' id='line_1_26' title="bbox 75 2601 1270 2678; baseline -0.003 -16"><span class='ocrx_word' id='word_1_231' title='bbox 75 2604 264 2678; x_wconf 87' lang='lat' dir='ltr'><strong>imperatrix,</strong></span> <span class='ocrx_word' id='word_1_232' title='bbox 290 2603 444 2661; x_wconf 87' lang='lat' dir='ltr'><strong>Christum</strong></span> <span class='ocrx_word' id='word_1_233' title='bbox 478 2601 597 2675; x_wconf 90' lang='lat' dir='ltr'><strong>plenius</strong></span> <span class='ocrx_word' id='word_1_234' title='bbox 627 2602 753 2659; x_wconf 88' lang='lat' dir='ltr'><strong>induere</strong></span> <span class='ocrx_word' id='word_1_235' title='bbox 783 2601 918 2676; x_wconf 90' lang='lat' dir='ltr'><strong>cupiens,</strong></span> <span class='ocrx_word' id='word_1_236' title='bbox 942 2603 1106 2676; x_wconf 87' lang='lat' dir='ltr'><strong>sitiensque</strong></span> <span class='ocrx_word' id='word_1_237' title='bbox 1136 2611 1226 2675; x_wconf 86' lang='lat' dir='ltr'><strong>atque</strong></span> <span class='ocrx_word' id='word_1_238' title='bbox 1241 2623 1270 2675; x_wconf 83' lang='lat'><strong>¹5</strong></span> 
     </span>
     <span class='ocr_line' id='line_1_27' title="bbox 74 2689 1225 2762; baseline -0.003 -13"><span class='ocrx_word' id='word_1_239' title='bbox 74 2692 225 2750; x_wconf 88' lang='lat' dir='ltr'><strong>anhelans</strong></span> <span class='ocrx_word' id='word_1_240' title='bbox 258 2691 296 2748; x_wconf 89' lang='lat' dir='ltr'><strong>ad</strong></span> <span class='ocrx_word' id='word_1_241' title='bbox 320 2707 424 2748; x_wconf 86' lang='lat' dir='ltr'><strong>veram</strong></span> <span class='ocrx_word' id='word_1_242' title='bbox 453 2689 613 2746; x_wconf 90' lang='lat' dir='ltr'><strong>christiane</strong></span> <span class='ocrx_word' id='word_1_243' title='bbox 646 2689 797 2762; x_wconf 80' lang='lat' dir='ltr'><strong>religionis</strong></span> <span class='ocrx_word' id='word_1_244' title='bbox 827 2689 1064 2760; x_wconf 89' lang='lat' dir='ltr'><strong>sanctimoniam,</strong></span> <span class='ocrx_word' id='word_1_245' title='bbox 1090 2707 1109 2746; x_wconf 88' lang='lat' dir='ltr'><strong>a</strong></span> <span class='ocrx_word' id='word_1_246' title='bbox 1138 2691 1225 2746; x_wconf 86' lang='lat' dir='ltr'><strong>beato</strong></span> 
     </span>
     <span class='ocr_line' id='line_1_28' title="bbox 75 2776 1226 2851; baseline -0.003 -14"><span class='ocrx_word' id='word_1_247' title='bbox 75 2780 227 2838; x_wconf 89' lang='lat' dir='ltr'><strong>Siluestro</strong></span> <span class='ocrx_word' id='word_1_248' title='bbox 246 2777 428 2851; x_wconf 89' lang='lat' dir='ltr'><strong>baptismum</strong></span> <span class='ocrx_word' id='word_1_249' title='bbox 447 2776 612 2834; x_wconf 90' lang='lat' dir='ltr'><strong>humillime</strong></span> <span class='ocrx_word' id='word_1_250' title='bbox 634 2776 803 2849; x_wconf 90' lang='lat' dir='ltr'><strong>postulauit,</strong></span> <span class='ocrx_word' id='word_1_251' title='bbox 828 2785 858 2834; x_wconf 87' lang='lat' dir='ltr'><strong>et</strong></span> <span class='ocrx_word' id='word_1_252' title='bbox 883 2793 951 2834; x_wconf 90' lang='lat' dir='ltr'><strong>cum</strong></span> <span class='ocrx_word' id='word_1_253' title='bbox 972 2776 1103 2834; x_wconf 88' lang='lat' dir='ltr'><strong>maxima</strong></span> <span class='ocrx_word' id='word_1_254' title='bbox 1127 2777 1226 2834; x_wconf 89' lang='lat' dir='ltr'><strong>cordis</strong></span> 
     </span>
     <span class='ocr_line' id='line_1_29' title="bbox 73 2863 1226 2936; baseline -0.004 -11"><span class='ocrx_word' id='word_1_255' title='bbox 73 2867 239 2926; x_wconf 89' lang='lat' dir='ltr'><strong>deuotione</strong></span> <span class='ocrx_word' id='word_1_256' title='bbox 251 2883 285 2922; x_wconf 91' lang='lat' dir='ltr'><strong>ac</strong></span> <span class='ocrx_word' id='word_1_257' title='bbox 298 2865 466 2922; x_wconf 89' lang='lat' dir='ltr'><strong>reuerentia</strong></span> <span class='ocrx_word' id='word_1_258' title='bbox 478 2866 516 2922; x_wconf 89' lang='lat' dir='ltr'><strong>ab</strong></span> <span class='ocrx_word' id='word_1_259' title='bbox 528 2865 593 2922; x_wconf 85' lang='lat' dir='ltr'><strong>eius</strong></span> <span class='ocrx_word' id='word_1_260' title='bbox 606 2865 743 2922; x_wconf 88' lang='lat' dir='ltr'><strong>manibus</strong></span> <span class='ocrx_word' id='word_1_261' title='bbox 755 2863 877 2936; x_wconf 87' lang='lat' dir='ltr'><strong>accepit.</strong></span> <span class='ocrx_word' id='word_1_262' title='bbox 915 2864 1032 2922; x_wconf 82' lang='lat' dir='ltr'><strong>Exinde</strong></span> <span class='ocrx_word' id='word_1_263' title='bbox 1042 2882 1113 2921; x_wconf 91' lang='lat' dir='ltr'><strong>vero</strong></span> <span class='ocrx_word' id='word_1_264' title='bbox 1125 2865 1226 2921; x_wconf 85' lang='lat' dir='ltr'><strong>ortho-</strong></span> 
     </span>
     <span class='ocr_line' id='line_1_30' title="bbox 73 2951 1226 3026; baseline -0.002 -16"><span class='ocrx_word' id='word_1_265' title='bbox 73 2955 158 3011; x_wconf 85' lang='lat' dir='ltr'><strong>doxe</strong></span> <span class='ocrx_word' id='word_1_266' title='bbox 178 2953 249 3010; x_wconf 88' lang='lat' dir='ltr'><strong>fidei</strong></span> <span class='ocrx_word' id='word_1_267' title='bbox 264 2951 426 3010; x_wconf 82' lang='lat' dir='ltr'><strong>fortissima</strong></span> <span class='ocrx_word' id='word_1_268' title='bbox 437 2953 610 3026; x_wconf 82' lang='lat' dir='ltr'><strong>protectrix,</strong></span> <span class='ocrx_word' id='word_1_269' title='bbox 624 2953 686 3009; x_wconf 90' lang='lat' dir='ltr'><strong>filio</strong></span> <span class='ocrx_word' id='word_1_270' title='bbox 699 2969 753 3008; x_wconf 90' lang='lat' dir='ltr'><strong>suo</strong></span> <span class='ocrx_word' id='word_1_271' title='bbox 763 2952 959 3010; x_wconf 89' lang='lat' dir='ltr'><strong>Constantino</strong></span> <span class='ocrx_word' id='word_1_272' title='bbox 974 2952 1006 3008; x_wconf 93' lang='lat' dir='ltr'><strong>in</strong></span> <span class='ocrx_word' id='word_1_273' title='bbox 1018 2951 1226 3025; x_wconf 87' lang='lat' dir='ltr'><strong>omnibusque</strong></span> 
     </span>
     <span class='ocr_line' id='line_1_31' title="bbox 72 3039 1274 3114; baseline -0.003 -14"><span class='ocrx_word' id='word_1_274' title='bbox 72 3043 114 3102; x_wconf 88' lang='lat' dir='ltr'><strong>ad</strong></span> <span class='ocrx_word' id='word_1_275' title='bbox 128 3041 222 3098; x_wconf 90' lang='lat' dir='ltr'><strong>fidem</strong></span> <span class='ocrx_word' id='word_1_276' title='bbox 236 3041 427 3114; x_wconf 88' lang='lat' dir='ltr'><strong>pertinebant</strong></span> <span class='ocrx_word' id='word_1_277' title='bbox 440 3039 635 3097; x_wconf 89' lang='lat' dir='ltr'><strong>christianam</strong></span> <span class='ocrx_word' id='word_1_278' title='bbox 648 3039 753 3096; x_wconf 79' lang='lat' dir='ltr'><strong>fortius</strong></span> <span class='ocrx_word' id='word_1_279' title='bbox 770 3040 897 3109; x_wconf 89' lang='lat' dir='ltr'><strong>adhesit,</strong></span> <span class='ocrx_word' id='word_1_280' title='bbox 910 3057 1040 3112; x_wconf 90' lang='lat' dir='ltr'><strong>eumque</strong></span> <span class='ocrx_word' id='word_1_281' title='bbox 1053 3041 1090 3096; x_wconf 89' lang='lat' dir='ltr'><strong>ad</strong></span> <span class='ocrx_word' id='word_1_282' title='bbox 1104 3040 1153 3097; x_wconf 91' lang='lat' dir='ltr'><strong>dei</strong></span> <span class='ocrx_word' id='word_1_283' title='bbox 1165 3041 1226 3096; x_wconf 91' lang='lat' dir='ltr'><strong>cul·</strong></span> <span class='ocrx_word' id='word_1_284' title='bbox 1240 3061 1274 3110; x_wconf 82' lang='lat'><strong>30</strong></span> 
     </span>
     <span class='ocr_line' id='line_1_32' title="bbox 72 3127 1226 3202; baseline -0.002 -15"><span class='ocrx_word' id='word_1_285' title='bbox 72 3141 177 3188; x_wconf 88' lang='lat' dir='ltr'><strong>turam</strong></span> <span class='ocrx_word' id='word_1_286' title='bbox 193 3129 395 3202; x_wconf 84' lang='lat' dir='ltr'><strong>ampliandam</strong></span> <span class='ocrx_word' id='word_1_287' title='bbox 414 3137 445 3185; x_wconf 86' lang='lat' dir='ltr'><strong>et</strong></span> <span class='ocrx_word' id='word_1_288' title='bbox 463 3127 655 3185; x_wconf 88' lang='lat' dir='ltr'><strong>christianam</strong></span> <span class='ocrx_word' id='word_1_289' title='bbox 674 3127 848 3200; x_wconf 89' lang='lat' dir='ltr'><strong>religionem</strong></span> <span class='ocrx_word' id='word_1_290' title='bbox 866 3129 1118 3200; x_wconf 87' lang='lat' dir='ltr'><strong>augmentandam</strong></span> <span class='ocrx_word' id='word_1_291' title='bbox 1137 3128 1226 3186; x_wconf 88' lang='lat' dir='ltr'><strong>mira·</strong></span> 
     </span>
     <span class='ocr_line' id='line_1_33' title="bbox 72 3215 1227 3289; baseline -0.004 -11"><span class='ocrx_word' id='word_1_292' title='bbox 72 3219 178 3278; x_wconf 90' lang='lat' dir='ltr'><strong>biliter</strong></span> <span class='ocrx_word' id='word_1_293' title='bbox 188 3218 340 3276; x_wconf 87' lang='lat' dir='ltr'><strong>animauit.</strong></span> <span class='ocrx_word' id='word_1_294' title='bbox 375 3217 464 3274; x_wconf 92' lang='lat' dir='ltr'><strong>Vnde</strong></span> <span class='ocrx_word' id='word_1_295' title='bbox 477 3225 507 3274; x_wconf 91' lang='lat' dir='ltr'><strong>et</strong></span> <span class='ocrx_word' id='word_1_296' title='bbox 521 3218 588 3289; x_wconf 87' lang='lat' dir='ltr'><strong>ipse</strong></span> <span class='ocrx_word' id='word_1_297' title='bbox 603 3215 805 3273; x_wconf 90' lang='lat' dir='ltr'><strong>nobilissimus</strong></span> <span class='ocrx_word' id='word_1_298' title='bbox 817 3216 1040 3285; x_wconf 90' lang='lat' dir='ltr'><strong>Constantinus,</strong></span> <span class='ocrx_word' id='word_1_299' title='bbox 1054 3226 1114 3274; x_wconf 89' lang='lat' dir='ltr'><strong>tam</strong></span> <span class='ocrx_word' id='word_1_300' title='bbox 1124 3225 1227 3274; x_wconf 89' lang='lat' dir='ltr'><strong>sancte</strong></span> 
     </span>
     <span class='ocr_line' id='line_1_34' title="bbox 73 3303 1227 3374; baseline -0.003 -9"><span class='ocrx_word' id='word_1_301' title='bbox 73 3306 185 3366; x_wconf 85' lang='lat' dir='ltr'><strong>matris</strong></span> <span class='ocrx_word' id='word_1_302' title='bbox 198 3307 263 3363; x_wconf 87' lang='lat' dir='ltr'><strong>eius</strong></span> <span class='ocrx_word' id='word_1_303' title='bbox 276 3323 374 3374; x_wconf 89' lang='lat' dir='ltr'><strong>suasu,</strong></span> <span class='ocrx_word' id='word_1_304' title='bbox 388 3305 496 3362; x_wconf 91' lang='lat' dir='ltr'><strong>multas</strong></span> <span class='ocrx_word' id='word_1_305' title='bbox 514 3321 548 3361; x_wconf 86' lang='lat' dir='ltr'><strong>ac</strong></span> <span class='ocrx_word' id='word_1_306' title='bbox 567 3303 884 3360; x_wconf 86' lang='lat' dir='ltr'><strong>honorificentissimas</strong></span> <span class='ocrx_word' id='word_1_307' title='bbox 897 3303 1036 3360; x_wconf 89' lang='lat' dir='ltr'><strong>basilicas</strong></span> <span class='ocrx_word' id='word_1_308' title='bbox 1050 3303 1130 3374; x_wconf 86' lang='lat' dir='ltr'><strong>iecit,</strong></span> <span class='ocrx_word' id='word_1_309' title='bbox 1143 3305 1227 3361; x_wconf 89' lang='lat' dir='ltr'><strong>ditis-</strong></span> 
     </span>
     <span class='ocr_line' id='line_1_35' title="bbox 76 3391 1228 3467; baseline -0.003 -14"><span class='ocrx_word' id='word_1_310' title='bbox 76 3398 219 3467; x_wconf 88' lang='lat' dir='ltr'><strong>simeque</strong></span> <span class='ocrx_word' id='word_1_311' title='bbox 243 3395 331 3450; x_wconf 91' lang='lat' dir='ltr'><strong>donis</strong></span> <span class='ocrx_word' id='word_1_312' title='bbox 355 3393 622 3449; x_wconf 90' lang='lat' dir='ltr'><strong>innumerabilibus</strong></span> <span class='ocrx_word' id='word_1_313' title='bbox 647 3392 767 3449; x_wconf 89' lang='lat' dir='ltr'><strong>dotauit.</strong></span> <span class='ocrx_word' id='word_1_314' title='bbox 803 3391 943 3448; x_wconf 76' lang='lat' dir='ltr'><strong>⁴Interea</strong></span> <span class='ocrx_word' id='word_1_315' title='bbox 965 3409 1037 3448; x_wconf 87' lang='lat' dir='ltr'><strong>vero</strong></span> <span class='ocrx_word' id='word_1_316' title='bbox 1055 3392 1228 3450; x_wconf 88' lang='lat' dir='ltr'><strong>beatissima</strong></span> 
     </span>
     <span class='ocr_line' id='line_1_36' title="bbox 77 3479 1271 3555; baseline -0.003 -16"><span class='ocrx_word' id='word_1_317' title='bbox 77 3481 261 3555; x_wconf 84' lang='lat' dir='ltr'><strong>imperatrix</strong></span> <span class='ocrx_word' id='word_1_318' title='bbox 272 3481 400 3550; x_wconf 89' lang='lat' dir='ltr'><strong>Helena,</strong></span> <span class='ocrx_word' id='word_1_319' title='bbox 408 3479 649 3553; x_wconf 84' lang='lat' dir='ltr'><strong>incomparabilis</strong></span> <span class='ocrx_word' id='word_1_320' title='bbox 662 3479 782 3548; x_wconf 83' lang='lat' dir='ltr'><strong>semina,</strong></span> <span class='ocrx_word' id='word_1_321' title='bbox 795 3479 865 3548; x_wconf 89' lang='lat' dir='ltr'><strong>fide,</strong></span> <span class='ocrx_word' id='word_1_322' title='bbox 877 3479 1022 3550; x_wconf 88' lang='lat' dir='ltr'><strong>reiigione</strong></span> <span class='ocrx_word' id='word_1_323' title='bbox 1036 3497 1071 3535; x_wconf 92' lang='lat' dir='ltr'><strong>ac</strong></span> <span class='ocrx_word' id='word_1_324' title='bbox 1090 3479 1226 3550; x_wconf 88' lang='lat' dir='ltr'><strong>magnifi-</strong></span> <span class='ocrx_word' id='word_1_325' title='bbox 1242 3491 1271 3542; x_wconf 79' lang='lat'><strong>35</strong></span> 
     </span>
     <span class='ocr_line' id='line_1_37' title="bbox 73 3566 1228 3641; baseline -0.006 -12"><span class='ocrx_word' id='word_1_326' title='bbox 73 3569 179 3630; x_wconf 89' lang='lat' dir='ltr'><strong>centia</strong></span> <span class='ocrx_word' id='word_1_327' title='bbox 191 3568 361 3641; x_wconf 84' lang='lat' dir='ltr'><strong>singularis,</strong></span> <span class='ocrx_word' id='word_1_328' title='bbox 374 3584 391 3622; x_wconf 90' lang='lat' dir='ltr'><strong>a</strong></span> <span class='ocrx_word' id='word_1_329' title='bbox 405 3567 514 3640; x_wconf 90' lang='lat' dir='ltr'><strong>spiritu</strong></span> <span class='ocrx_word' id='word_1_330' title='bbox 527 3576 631 3624; x_wconf 91' lang='lat' dir='ltr'><strong>sancto</strong></span> <span class='ocrx_word' id='word_1_331' title='bbox 643 3567 748 3623; x_wconf 88' lang='lat' dir='ltr'><strong>edocta</strong></span> <span class='ocrx_word' id='word_1_332' title='bbox 761 3566 931 3639; x_wconf 89' lang='lat' dir='ltr'><strong>diuinisque</strong></span> <span class='ocrx_word' id='word_1_333' title='bbox 944 3568 1095 3623; x_wconf 86' lang='lat' dir='ltr'><strong>admonita</strong></span> <span class='ocrx_word' id='word_1_334' title='bbox 1107 3567 1228 3624; x_wconf 91' lang='lat' dir='ltr'><strong>visioni-</strong></span> 
     </span>
     <span class='ocr_line' id='line_1_38' title="bbox 74 3654 1228 3727; baseline -0.004 -12"><span class='ocrx_word' id='word_1_335' title='bbox 74 3661 149 3727; x_wconf 89' lang='lat' dir='ltr'><strong>bus,</strong></span> <span class='ocrx_word' id='word_1_336' title='bbox 163 3655 396 3714; x_wconf 88' lang='lat' dir='ltr'><strong>Hierosolimam</strong></span> <span class='ocrx_word' id='word_1_337' title='bbox 410 3655 494 3727; x_wconf 87' lang='lat' dir='ltr'><strong>petiit</strong></span> <span class='ocrx_word' id='word_1_338' title='bbox 504 3663 533 3712; x_wconf 90' lang='lat' dir='ltr'><strong>et</strong></span> <span class='ocrx_word' id='word_1_339' title='bbox 541 3655 582 3711; x_wconf 92' lang='lat' dir='ltr'><strong>ibi</strong></span> <span class='ocrx_word' id='word_1_340' title='bbox 596 3655 693 3710; x_wconf 90' lang='lat' dir='ltr'><strong>locum</strong></span> <span class='ocrx_word' id='word_1_341' title='bbox 704 3655 752 3711; x_wconf 92' lang='lat' dir='ltr'><strong>vbi</strong></span> <span class='ocrx_word' id='word_1_342' title='bbox 763 3661 987 3710; x_wconf 87' lang='lat' dir='ltr'><strong>sacrosanctum</strong></span> <span class='ocrx_word' id='word_1_343' title='bbox 996 3671 1106 3727; x_wconf 89' lang='lat' dir='ltr'><strong>corpus</strong></span> <span class='ocrx_word' id='word_1_344' title='bbox 1116 3654 1228 3712; x_wconf 89' lang='lat' dir='ltr'><strong>Christi</strong></span> 
     </span>
     <span class='ocr_line' id='line_1_39' title="bbox 78 3740 1228 3817; baseline -0.005 -14"><span class='ocrx_word' id='word_1_345' title='bbox 78 3743 184 3804; x_wconf 81' lang='lat' dir='ltr'><strong>crucis</strong></span> <span class='ocrx_word' id='word_1_346' title='bbox 202 3743 334 3817; x_wconf 90' lang='lat' dir='ltr'><strong>patibulo</strong></span> <span class='ocrx_word' id='word_1_347' title='bbox 352 3741 476 3798; x_wconf 82' lang='lat' dir='ltr'><strong>affixum</strong></span> <span class='ocrx_word' id='word_1_348' title='bbox 494 3743 688 3815; x_wconf 90' lang='lat' dir='ltr'><strong>pependerat,</strong></span> <span class='ocrx_word' id='word_1_349' title='bbox 707 3749 737 3798; x_wconf 89' lang='lat' dir='ltr'><strong>et</strong></span> <span class='ocrx_word' id='word_1_350' title='bbox 758 3740 808 3798; x_wconf 89' lang='lat' dir='ltr'><strong>vbi</strong></span> <span class='ocrx_word' id='word_1_351' title='bbox 826 3759 899 3797; x_wconf 88' lang='lat' dir='ltr'><strong>crux</strong></span> <span class='ocrx_word' id='word_1_352' title='bbox 913 3741 1024 3798; x_wconf 90' lang='lat' dir='ltr'><strong>Christi</strong></span> <span class='ocrx_word' id='word_1_353' title='bbox 1044 3742 1177 3806; x_wconf 89' lang='lat' dir='ltr'><strong>latuerat,</strong></span> <span class='ocrx_word' id='word_1_354' title='bbox 1190 3743 1228 3798; x_wconf 89' lang='lat' dir='ltr'><strong>ab</strong></span> 
     </span>
     <span class='ocr_line' id='line_1_40' title="bbox 73 3828 1229 3905; baseline -0.004 -14"><span class='ocrx_word' id='word_1_355' title='bbox 73 3832 186 3892; x_wconf 88' lang='lat' dir='ltr'><strong>incolis</strong></span> <span class='ocrx_word' id='word_1_356' title='bbox 205 3829 390 3905; x_wconf 81' lang='lat' dir='ltr'><strong>perquisiuit</strong></span> <span class='ocrx_word' id='word_1_357' title='bbox 429 3829 544 3900; x_wconf 84' lang='lat' dir='ltr'><strong>Quibus</strong></span> <span class='ocrx_word' id='word_1_358' title='bbox 564 3829 662 3885; x_wconf 91' lang='lat' dir='ltr'><strong>locum</strong></span> <span class='ocrx_word' id='word_1_359' title='bbox 682 3845 716 3885; x_wconf 90' lang='lat' dir='ltr'><strong>se</strong></span> <span class='ocrx_word' id='word_1_360' title='bbox 738 3828 816 3886; x_wconf 92' lang='lat' dir='ltr'><strong>scire</strong></span> <span class='ocrx_word' id='word_1_361' title='bbox 836 3829 1063 3901; x_wconf 85' lang='lat' dir='ltr'><strong>denegantibus,</strong></span> <span class='ocrx_word' id='word_1_362' title='bbox 1076 3829 1162 3885; x_wconf 89' lang='lat' dir='ltr'><strong>iussit</strong></span> <span class='ocrx_word' id='word_1_363' title='bbox 1175 3847 1229 3886; x_wconf 87' lang='lat' dir='ltr'><strong>eos</strong></span> 
     </span>
     <span class='ocr_line' id='line_1_41' title="bbox 74 3915 1275 3992; baseline -0.002 -14"><span class='ocrx_word' id='word_1_364' title='bbox 74 3935 188 3980; x_wconf 90' lang='lat' dir='ltr'><strong>omnes</strong></span> <span class='ocrx_word' id='word_1_365' title='bbox 206 3918 276 3992; x_wconf 90' lang='lat' dir='ltr'><strong>igne</strong></span> <span class='ocrx_word' id='word_1_366' title='bbox 295 3915 431 3974; x_wconf 89' lang='lat' dir='ltr'><strong>cremari.</strong></span> <span class='ocrx_word' id='word_1_367' title='bbox 469 3917 510 3973; x_wconf 89' lang='lat' dir='ltr'><strong>At</strong></span> <span class='ocrx_word' id='word_1_368' title='bbox 534 3916 576 3972; x_wconf 91' lang='lat' dir='ltr'><strong>illi</strong></span> <span class='ocrx_word' id='word_1_369' title='bbox 596 3917 746 3986; x_wconf 88' lang='lat' dir='ltr'><strong>timentes,</strong></span> <span class='ocrx_word' id='word_1_370' title='bbox 766 3915 954 3972; x_wconf 87' lang='lat' dir='ltr'><strong>tradiderunt</strong></span> <span class='ocrx_word' id='word_1_371' title='bbox 972 3915 1077 3989; x_wconf 85' lang='lat' dir='ltr'><strong>regine</strong></span> <span class='ocrx_word' id='word_1_372' title='bbox 1103 3915 1228 3973; x_wconf 88' lang='lat' dir='ltr'><strong>ludeum</strong></span> <span class='ocrx_word' id='word_1_373' title='bbox 1243 3939 1275 3989; x_wconf 83' lang='lat'><strong>40</strong></span> 
     </span>
     <span class='ocr_line' id='line_1_42' title="bbox 73 4003 1229 4082; baseline -0.003 -18"><span class='ocrx_word' id='word_1_374' title='bbox 73 4008 233 4082; x_wconf 86' lang='lat' dir='ltr'><strong>quendam</strong></span> <span class='ocrx_word' id='word_1_375' title='bbox 254 4004 360 4061; x_wconf 87' lang='lat' dir='ltr'><strong>ludam</strong></span> <span class='ocrx_word' id='word_1_376' title='bbox 381 4005 512 4074; x_wconf 88' lang='lat' dir='ltr'><strong>nomine,</strong></span> <span class='ocrx_word' id='word_1_377' title='bbox 534 4003 635 4077; x_wconf 90' lang='lat' dir='ltr'><strong>quiet</strong></span> <span class='ocrx_word' id='word_1_378' title='bbox 657 4003 765 4076; x_wconf 88' lang='lat' dir='ltr'><strong>legem,</strong></span> <span class='ocrx_word' id='word_1_379' title='bbox 784 4012 813 4060; x_wconf 92' lang='lat' dir='ltr'><strong>et</strong></span> <span class='ocrx_word' id='word_1_380' title='bbox 834 4003 931 4060; x_wconf 87' lang='lat' dir='ltr'><strong>locum</strong></span> <span class='ocrx_word' id='word_1_381' title='bbox 951 4004 1001 4060; x_wconf 90' lang='lat' dir='ltr'><strong>vbi</strong></span> <span class='ocrx_word' id='word_1_382' title='bbox 1023 4019 1097 4059; x_wconf 83' lang='lat' dir='ltr'><strong>crux</strong></span> <span class='ocrx_word' id='word_1_383' title='bbox 1118 4003 1229 4060; x_wconf 90' lang='lat' dir='ltr'><strong>Christi</strong></span> 
     </span>
     <span class='ocr_line' id='line_1_43' title="bbox 73 4090 1229 4165; baseline -0.004 -12"><span class='ocrx_word' id='word_1_384' title='bbox 73 4097 207 4154; x_wconf 88' lang='lat' dir='ltr'><strong>latuerat</strong></span> <span class='ocrx_word' id='word_1_385' title='bbox 218 4093 331 4165; x_wconf 89' lang='lat' dir='ltr'><strong>optime</strong></span> <span class='ocrx_word' id='word_1_386' title='bbox 342 4091 443 4149; x_wconf 86' lang='lat' dir='ltr'><strong>nouit:</strong></span> <span class='ocrx_word' id='word_1_387' title='bbox 463 4093 510 4148; x_wconf 90' lang='lat' dir='ltr'><strong>cui</strong></span> <span class='ocrx_word' id='word_1_388' title='bbox 523 4091 628 4164; x_wconf 87' lang='lat' dir='ltr'><strong>regina</strong></span> <span class='ocrx_word' id='word_1_389' title='bbox 640 4099 767 4147; x_wconf 90' lang='lat' dir='ltr'><strong>mortem</strong></span> <span class='ocrx_word' id='word_1_390' title='bbox 781 4099 831 4147; x_wconf 89' lang='lat' dir='ltr'><strong>aut</strong></span> <span class='ocrx_word' id='word_1_391' title='bbox 843 4093 935 4147; x_wconf 88' lang='lat' dir='ltr'><strong>vitam</strong></span> <span class='ocrx_word' id='word_1_392' title='bbox 950 4090 1116 4164; x_wconf 88' lang='lat' dir='ltr'><strong>proposuit,</strong></span> <span class='ocrx_word' id='word_1_393' title='bbox 1130 4091 1187 4147; x_wconf 92' lang='lat' dir='ltr'><strong>nisi</strong></span> <span class='ocrx_word' id='word_1_394' title='bbox 1201 4091 1229 4148; x_wconf 90' lang='lat' dir='ltr'><strong>ei</strong></span> 
     </span>
     <span class='ocr_line' id='line_1_44' title="bbox 74 4176 1231 4251; baseline -0.005 -9"><span class='ocrx_word' id='word_1_395' title='bbox 74 4197 202 4243; x_wconf 87' lang='lat' dir='ltr'><strong>crucem</strong></span> <span class='ocrx_word' id='word_1_396' title='bbox 214 4181 396 4238; x_wconf 89' lang='lat' dir='ltr'><strong>dominicam</strong></span> <span class='ocrx_word' id='word_1_397' title='bbox 408 4178 667 4238; x_wconf 82' lang='lat' dir='ltr'><strong>demonstrauerit</strong></span> <span class='ocrx_word' id='word_1_398' title='bbox 704 4178 780 4235; x_wconf 91' lang='lat' dir='ltr'><strong>Cum</strong></span> <span class='ocrx_word' id='word_1_399' title='bbox 792 4177 882 4251; x_wconf 89' lang='lat' dir='ltr'><strong>igitur</strong></span> <span class='ocrx_word' id='word_1_400' title='bbox 892 4176 972 4235; x_wconf 85' lang='lat' dir='ltr'><strong>farne</strong></span> <span class='ocrx_word' id='word_1_401' title='bbox 984 4186 1014 4234; x_wconf 90' lang='lat' dir='ltr'><strong>et</strong></span> <span class='ocrx_word' id='word_1_402' title='bbox 1028 4177 1135 4249; x_wconf 88' lang='lat' dir='ltr'><strong>inedia,</strong></span> <span class='ocrx_word' id='word_1_403' title='bbox 1143 4177 1231 4236; x_wconf 86' lang='lat' dir='ltr'><strong>souea</strong></span> 
     </span>
    </p>
   </div>
   <div class='ocr_carea' id='block_1_4' title="bbox 75 4299 1231 4431">
    <p class='ocr_par' dir='ltr' id='par_1_4' title="bbox 75 4299 1231 4431">
     <span class='ocr_line' id='line_1_45' title="bbox 112 4299 1231 4365; baseline 0 -12"><span class='ocrx_word' id='word_1_404' title='bbox 112 4303 170 4354; x_wconf 79' lang='grc' dir='ltr'><strong>ιΕ.</strong></span> <span class='ocrx_word' id='word_1_405' title='bbox 183 4302 389 4365; x_wconf 80' lang='lat' dir='ltr'><strong>consequiturus,</strong></span> <span class='ocrx_word' id='word_1_406' title='bbox 476 4299 541 4351; x_wconf 83' lang='lat' dir='ltr'><strong>¹Ci.</strong></span> <span class='ocrx_word' id='word_1_407' title='bbox 555 4301 615 4364; x_wconf 87' lang='lat' dir='ltr'><strong>Leg.</strong></span> <span class='ocrx_word' id='word_1_408' title='bbox 628 4299 715 4349; x_wconf 81' lang='lat' dir='ltr'><strong>Aurea</strong></span> <span class='ocrx_word' id='word_1_409' title='bbox 728 4300 768 4349; x_wconf 89' lang='lat' dir='ltr'><strong>De</strong></span> <span class='ocrx_word' id='word_1_410' title='bbox 780 4300 807 4350; x_wconf 91' lang='lat' dir='ltr'><strong>S.</strong></span> <span class='ocrx_word' id='word_1_411' title='bbox 821 4299 957 4358; x_wconf 83' lang='lat' dir='ltr'><strong>Siluestro,</strong></span> <span class='ocrx_word' id='word_1_412' title='bbox 969 4315 993 4363; x_wconf 91' lang='lat' dir='ltr'><strong>p.</strong></span> <span class='ocrx_word' id='word_1_413' title='bbox 1006 4315 1045 4362; x_wconf 61' lang='lat' dir='ltr'><strong>qa</strong></span> <span class='ocrx_word' id='word_1_414' title='bbox 1126 4301 1231 4354; x_wconf 57' lang='lat' dir='ltr'><strong>’Est</strong></span> 
     </span>
     <span class='ocr_line' id='line_1_46' title="bbox 75 4365 1198 4431; baseline 0 -12"><span class='ocrx_word' id='word_1_415' title='bbox 75 4371 85 4404; x_wconf 79' lang='lat'>¹</span> <span class='ocrx_word' id='word_1_416' title='bbox 105 4370 183 4420; x_wconf 81' lang='lat' dir='ltr'><strong>From</strong></span> <span class='ocrx_word' id='word_1_417' title='bbox 195 4369 241 4418; x_wconf 83' lang='lat' dir='ltr'><strong>the</strong></span> <span class='ocrx_word' id='word_1_418' title='bbox 253 4367 323 4419; x_wconf 84' lang='lat' dir='ltr'><strong>liist.</strong></span> <span class='ocrx_word' id='word_1_419' title='bbox 337 4367 438 4420; x_wconf 85' lang='lat' dir='ltr'><strong>invent.</strong></span> <span class='ocrx_word' id='word_1_420' title='bbox 449 4367 540 4418; x_wconf 83' lang='lat' dir='ltr'><strong>Crucis</strong></span> <span class='ocrx_word' id='word_1_421' title='bbox 545 4384 553 4428; x_wconf 77' lang='lat'>3</span> <span class='ocrx_word' id='word_1_422' title='bbox 570 4367 601 4418; x_wconf 86' lang='lat' dir='ltr'><strong>ci.</strong></span> <span class='ocrx_word' id='word_1_423' title='bbox 616 4367 678 4429; x_wconf 79' lang='lat' dir='ltr'><strong>teg.</strong></span> <span class='ocrx_word' id='word_1_424' title='bbox 689 4367 784 4430; x_wconf 82' lang='lat' dir='ltr'><strong>Aurea,</strong></span> <span class='ocrx_word' id='word_1_425' title='bbox 797 4382 821 4430; x_wconf 91' lang='lat' dir='ltr'><strong>p.</strong></span> <span class='ocrx_word' id='word_1_426' title='bbox 833 4381 891 4430; x_wconf 77' lang='lat'><strong>307,</strong></span> <span class='ocrx_word' id='word_1_427' title='bbox 903 4365 978 4418; x_wconf 88' lang='lat' dir='ltr'><strong>Vinc.</strong></span> <span class='ocrx_word' id='word_1_428' title='bbox 991 4366 1057 4418; x_wconf 88' lang='lat' dir='ltr'><strong>Beli.</strong></span> <span class='ocrx_word' id='word_1_429' title='bbox 1069 4365 1145 4418; x_wconf 85' lang='lat' dir='ltr'>x111.</span> <span class='ocrx_word' id='word_1_430' title='bbox 1156 4384 1198 4431; x_wconf 86' lang='lat'><strong>94.</strong></span> 
     </span>
    </p>
   </div>
   <div class='ocr_carea' id='block_1_5' title="bbox 115 4465 666 4508">
    <p class='ocr_par' dir='ltr' id='par_1_5' title="bbox 115 4465 666 4508">
     <span class='ocr_line' id='line_1_47' title="bbox 115 4465 666 4508; baseline 0 -2"><span class='ocrx_word' id='word_1_431' title='bbox 115 4467 183 4508; x_wconf 82' lang='lat' dir='ltr'><strong>Vol..</strong></span> <span class='ocrx_word' id='word_1_432' title='bbox 196 4467 228 4508; x_wconf 84' lang='lat'><strong>11.</strong></span> <span class='ocrx_word' id='word_1_433' title='bbox 647 4465 666 4506; x_wconf 81' lang='lat' dir='ltr'><strong>C</strong></span> 
     </span>
    </p>
   </div>
   <div class='ocr_carea' id='block_1_6' title="bbox 0 0 1528 4894">
    <p class='ocr_par' dir='ltr' id='par_1_6' title="bbox 0 0 1528 4894">
     <span class='ocr_line' id='line_1_48' title="bbox 0 0 1528 4894; baseline 0 0"><span class='ocrx_word' id='word_1_434' title='bbox 0 0 1528 4894; x_wconf 95' lang='lat' dir='ltr'><strong> </strong></span> 
     </span>
    </p>
   </div>
  </div>
 </body>
</html>
