3012 4898
399 311 493 406 ..Dr
516 307 680 400 &mtto
705 310 898 413 uentu.
1158 333 1230 414 ³17

237 519 263 581 ll
285 507 338 578 Da
357 536 474 578 saucro
494 507 643 579 Paraoco
660 539 781 579 assare
800 539 838 580 nr
855 538 1045 580 consessores
1055 521 1075 580 ¹.

79 643 237 772 BEatus
254 645 335 703 enim
354 645 506 716 Petrocus,
520 647 639 705 natione
652 647 808 719 Cumber',
821 667 859 706 ex
873 648 966 722 regali
979 657 1063 705 ortus
1081 646 1231 721 prosapia,

176 731 218 789 ita
241 733 319 790 vixit
342 751 359 790 a
384 751 487 807 puero,
511 743 543 794 vt
568 752 683 808 sequax
707 735 787 806 fidei,
813 744 843 792 et
873 753 999 810 operum
1028 736 1231 810 apostolorum

72 819 228 896 principis
264 820 403 890 imitator,
433 822 563 895 quodam
594 821 680 896 quasi
710 825 851 898 presagio
883 841 922 881 ex
952 823 1067 898 proprii
1102 823 1232 881 nominis

72 907 287 983 assignatione
306 919 450 983 percepto
468 909 619 981 diuinitus,
638 928 672 968 se
695 911 784 968 etiam
803 921 921 984 petram
940 929 1009 969 esse
1028 913 1231 982 contenderet,

72 996 110 1052 in
129 1014 192 1070 qua
210 1013 296 1053 suam
315 996 472 1054 ecclesiam
491 997 557 1070 ipsa
569 999 680 1056 veritas
698 999 934 1073 superedificare
951 999 1140 1073 promiserat.
1176 999 1260 1060 euis

73 1085 172 1142 talem
186 1085 262 1141 deus
274 1085 442 1142 contulerat
461 1085 595 1158 gratiam,
608 1094 640 1143 vt
656 1085 687 1145 in
706 1087 841 1144 omnium
860 1086 955 1144 oculis
975 1087 1182 1161 beneplacitus
1201 1097 1232 1145 et

73 1180 225 1244 acceptus
244 1181 414 1245 appareret.
461 1172 533 1229 Erat
558 1173 639 1230 enim
659 1175 825 1244 modestus,
851 1174 981 1245 humilis,
1001 1175 1088 1232 dator
1111 1174 1230 1246 hilaris;

74 1259 224 1317 continua
249 1260 394 1316 charitate
425 1258 558 1331 feruens,
582 1262 620 1316 ad
643 1260 745 1318 omnia
770 1261 923 1335 religionis
948 1280 1041 1336 opera
1065 1271 1232 1336 promptus.

76 1347 202 1404 Mortuo
227 1356 328 1404 autem
353 1365 425 1422 rege
450 1357 536 1421 patre
561 1365 623 1418 suo,
646 1349 805 1421 optimates
825 1349 946 1424 quique,
971 1367 1104 1408 consona
1128 1349 1232 1424 populi

75 1434 306 1503 acclamatione,
324 1451 428 1508 regem
447 1435 629 1492 hereditario
647 1435 712 1494 iure
730 1437 830 1510 ipsum
850 1437 1032 1496 constituere
1051 1437 1232 1496 nitebantur.
1248 1464 1279 1500 ro

79 1522 138 1579 llle
157 1540 241 1593 vero,
260 1521 397 1596 neglecta
415 1523 506 1596 regali
524 1541 644 1597 pompa,
663 1525 826 1598 assumptis
845 1543 947 1582 secum
967 1527 1123 1599 sexaginta
1143 1525 1233 1584 sociis

77 1609 301 1666 monasterium
319 1609 434 1667 intrans
451 1610 586 1668 habitum
602 1611 755 1684 religionis
773 1613 914 1687 suscepit.
951 1613 1071 1687 Elapsis
1089 1623 1158 1687 post
1176 1615 1232 1671 hec

76 1699 195 1772 aliquot
219 1697 308 1754 annis
332 1697 363 1756 in
390 1697 568 1755 Hiberniam
592 1699 797 1773 proficiscens,
822 1701 987 1758 litterarum
1012 1701 1179 1775 disciplinis
1203 1711 1233 1758 et

79 1803 170 1842 sacre
194 1785 344 1860 scripture
368 1785 473 1860 viginti
498 1787 586 1844 annis
611 1805 645 1844 se
669 1787 860 1860 mancipauit.
906 1787 1083 1861 Repatriare
1108 1790 1232 1846 tandem

78 1873 227 1946 cogitans,
245 1873 276 1928 ln
299 1873 391 1930 maris
417 1873 514 1930 littore
535 1884 640 1945 ratem,
658 1892 749 1948 quam
768 1875 881 1932 dudum
901 1875 1011 1932 ibidem
1030 1875 1111 1932 nullo
1129 1884 1234 1949 preter
1249 1895 1278 1946 15

77 1963 174 2018 deum
198 1961 324 2016 custode
351 1959 522 2034 reliquerat,
548 1961 628 2018 nulla
653 1979 799 2036 compage
821 1962 919 2020 soluta
940 1961 1087 2035 integram
1109 1961 1233 2021 inuenit.

80 2047 237 2122 Expansis
249 2056 350 2105 autem
362 2047 437 2105 velis
450 2066 588 2122 naueque
599 2058 689 2107 vento
702 2051 873 2118 commissa,
886 2068 1033 2124 prospere
1047 2050 1233 2108 Britanniam

77 2134 234 2209 applicuit
279 2134 420 2208 Egressis
449 2137 487 2194 de
517 2154 594 2194 naue
624 2137 786 2211 discipulis,
812 2156 964 2196 messores
989 2138 1049 2196 illic
1073 2147 1234 2213 operantes

78 2239 186 2279 amare
206 2221 251 2278 eis
273 2222 387 2296 loquuti
410 2233 500 2295 sunt;
526 2223 652 2298 insuper
669 2235 699 2284 et
720 2228 892 2298 importune
911 2235 1018 2299 petunt
1036 2226 1175 2300 quatinus
1193 2227 1232 2283 ad

80 2309 329 2384 restringendam
342 2309 423 2366 sitim
436 2328 522 2367 suam
535 2311 647 2369 sontem
660 2313 705 2370 eis
718 2311 813 2370 dulcis
826 2331 903 2387 aque
916 2314 953 2371 de
971 2315 1095 2388 scopulo
1111 2313 1233 2371 eliceret
1249 2333 1279 2368 πο

80 2396 215 2455 famulus
235 2396 301 2457 dei:
328 2397 393 2456 siue
416 2407 445 2455 vt
467 2398 628 2457 irriderent
647 2402 805 2471 aduenam,
825 2403 889 2459 siue
910 2410 943 2459 vt
961 2402 1026 2459 eius
1048 2403 1233 2459 sanctitatem

80 2485 298 2560 experimento
328 2485 378 2543 tali
409 2496 634 2560 cognoscerent.
680 2488 735 2546 Ille
764 2505 846 2558 vero,
877 2489 928 2563 qui
959 2490 1131 2564 petentibus
1161 2491 1233 2548 dare

80 2572 205 2646 rogata³
217 2582 425 2644 consueuerat,
438 2574 487 2632 dei
500 2585 624 2634 exorata
637 2576 805 2646 clementia,
819 2595 925 2635 saxum
943 2580 1093 2652 percussit
1109 2579 1232 2636 baculo:

79 2669 112 2718 et
127 2678 199 2723 mox
211 2661 282 2718 inde
296 2661 364 2718 sons
376 2679 454 2735 aque
467 2662 562 2719 dulcis
575 2673 663 2737 atque
676 2664 793 2721 lucidus
806 2665 951 2722 scaturire
964 2666 1083 2739 incepit,
1097 2674 1126 2723 et
1139 2683 1233 2740 vsque

80 2750 114 2806 in
129 2749 308 2806 hodiernum
321 2750 402 2807 diem
416 2766 539 2807 manare
553 2769 613 2807 non
627 2752 745 2808 desinit.
767 2751 954 2809 Mirabantur
963 2753 1021 2811 hiis
1030 2753 1104 2810 visis
1114 2754 1233 2811 barbari
1249 2775 1278 2827 ²⁵

79 2839 91 2870 ⁴
105 2837 280 2905 (christiane
296 2837 447 2911 religionis
459 2839 580 2912 penitus
596 2839 704 2912 ignari)
712 2839 732 2908 ⁴,
745 2847 775 2896 et
791 2839 947 2913 querenti⁶
959 2858 1048 2898 seruo
1062 2840 1111 2898 dei
1128 2840 1234 2915 siquis

79 2924 237 2998 religionis
249 2925 345 2982 cultor
356 2924 387 2982 in
400 2925 449 2982 illa
461 2936 543 2983 esset
556 2927 718 3000 prouincia,
732 2937 867 2984 sanctum
880 2930 1031 3001 quendam
1044 2930 1071 2985 ei
1085 2938 1233 2985 monstra-

81 3022 155 3070 runt
168 3013 387 3087 Sampsonem;
407 3014 687 3088 narrationemque⁸
700 3015 843 3072 iacientes
855 3017 894 3072 de
909 3016 1041 3073 solitaria
1053 3015 1113 3072 vita
1126 3017 1192 3073 eius
1204 3025 1234 3074 et

81 3101 277 3175 parcimonia,
296 3100 407 3170 labore,
426 3101 535 3174 vigiliis
559 3111 589 3160 et
613 3103 763 3176 precibus,
784 3111 815 3161 et
838 3104 989 3176 quomodo
1009 3104 1097 3178 panis
1118 3112 1233 3160 tantum

81 3189 226 3246 ordeacei
250 3205 342 3262 parco
365 3199 539 3247 vesceretur
563 3191 671 3248 edulio.
709 3189 777 3248 Hec
801 3191 927 3247 audiens
951 3208 1060 3248 seruus
1085 3191 1143 3261 dei,
1164 3209 1233 3248 cum
1248 3217 1280 3266 30

82 3276 289 3350 Sampsonem
313 3285 395 3334 esset
419 3277 551 3348 intuitus,
576 3279 614 3334 ad
639 3279 729 3335 deum
755 3295 863 3352 preces
888 3277 963 3336 fudit
988 3296 1027 3336 ne
1052 3296 1069 3336 a
1094 3279 1158 3336 loco
1182 3279 1234 3336 illo

82 3365 270 3433 abscederet,
280 3381 436 3438 quousque
447 3365 627 3438 colloquium
640 3367 705 3422 eius
718 3366 830 3423 habere
840 3375 1015 3432 mereretur.
1042 3365 1234 3424 Desiderium

82 3452 187 3510 statim
199 3451 300 3510 anime
313 3451 378 3511 eius
395 3452 498 3510 tribuit
513 3453 542 3510 ei
559 3453 707 3524 dominus,
720 3463 790 3510 voto
807 3453 872 3510 eius
889 3453 1033 3511 adiiciens
1049 3455 1129 3527 quod
1147 3472 1234 3512 orare

82 3555 147 3596 non
165 3539 362 3614 presumpsit.
400 3539 478 3597 Nam
497 3541 598 3598 statim
618 3541 792 3615 Sampson⁷
811 3541 853 3598 ita
871 3541 1017 3598 membris
1036 3541 1157 3616 diriguit
1165 3541 1184 3613 ⁸,
1202 3551 1235 3599 vt

82 3627 328 3697 instrumentum,
353 3645 413 3701 quo
437 3636 550 3684 terram
580 3638 718 3686 euertere
746 3628 869 3697 solebat,
898 3646 988 3686 manu
1020 3647 1143 3687 mouere
1173 3646 1234 3686 non
1249 3655 1279 3707 35

82 3723 200 3790 posset,
212 3714 355 3772 orationis
369 3715 500 3772 hominis
514 3717 563 3772 dei
575 3715 693 3773 vinculo
704 3715 829 3774 vinctus.
867 3715 906 3773 Et
923 3717 1084 3774 accedente
1098 3717 1235 3789 Petroco,

82 3804 116 3861 in
148 3801 214 3859 eius
245 3802 422 3860 salutatione
449 3803 601 3877 Sampson
626 3821 719 3861 saxeo
744 3805 795 3861 illo
816 3803 915 3878 rigore
939 3804 1084 3874 soluitur;
1111 3812 1142 3862 et
1166 3805 1235 3862 dato

82 3889 214 3948 inuicem
228 3889 311 3963 pacis
323 3891 434 3962 osculo,
442 3893 553 3974 gratias
565 3900 595 3949 et
608 3891 712 3949 laudes
725 3893 782 3950 deo
794 3892 951 3949 dederunt
977 3891 1120 3950 Petrocus
1133 3901 1235 3949 autem

83 4017 113 4058 ut
131 4014 233 4058 tuorum
249 4009 410 4059 consorcium
427 4009 454 4058 in
471 4009 535 4060 celis
551 4018 744 4073 promereretur
759 4019 913 4072 sauctorum
932 4010 965 4061 da
982 4008 1091 4058 ecclesie
1108 4016 1160 4071 tue,
1173 4026 1235 4073 que-

82 4089 181 4134 sumus,
199 4073 256 4123 eius
273 4075 422 4124 interuentu
438 4085 588 4138 perpetuam
606 4078 731 4139 consequi
749 4076 870 4138 leticiam,
887 4075 960 4126 cuius
976 4075 1149 4140 deposicionis
1167 4076 1235 4125 diem

83 4139 239 4254 grpttplpupp
250 4139 621 4268 cplcpbrgtssogzffiprperpfippri,
639 4223 663 4270 p
675 4223 732 4270 39⁰,
751 4223 786 4258 ex
804 4207 859 4258 tls.
878 4207 945 4258 Rub.
957 4205 1040 4256 Vallis
1055 4207 1108 4256 aud
1125 4206 1235 4268 θαρρῇς

83 4271 139 4322 abr.
149 4269 216 4320 from
228 4271 274 4322 tlte
286 4271 342 4322 Life
353 4273 449 4336 quoted
461 4271 496 4334 by
508 4273 605 4326 Leland
617 4274 675 4325 ltin.
686 4274 739 4324 viii.
748 4289 788 4335 sa.
854 4272 864 4301 ¹
881 4273 910 4324 Ε.
922 4273 1037 4332 cuniber,
1050 4271 1105 4322 Lel.
1115 4271 1233 4324 Camber.

83 4337 94 4366 ¹
111 4335 142 4386 F„
155 4343 255 4398 rogate.
361 4335 401 4368 Μ
418 4353 467 4387 om.
480 4339 506 4386 in
518 4337 548 4388 T.
657 4341 668 4372 ⁶
685 4338 751 4390 Boll.
763 4347 897 4404 querente„
1006 4335 1017 4368 ⁸
1034 4337 1098 4387 Boll.
1111 4353 1160 4388 otu.
1175 4353 1232 4401 que.

83 4399 140 4459 'E
151 4417 267 4456 samon.
365 4401 376 4432 ¹
390 4402 420 4455 T.
433 4404 558 4469 diniguit.
