3044 4894
285 313 336 382 40
392 379 397 388 ,
599 289 729 376 nont
755 281 1122 388 irruuntque.
1221 343 1224 350 »

286 491 399 565 aliquot
424 489 490 548 dies
516 489 678 563 diligenter
698 487 848 562 quesiuit:
874 485 1047 560 dictumque
1067 495 1114 542 est
1134 483 1162 543 ei
1186 501 1204 540 a
1223 481 1327 541 vicinis
1352 485 1436 556 quod

285 578 391 636 vltimo
414 579 554 636 viderunt
576 595 703 650 puerum
724 594 814 650 quem
838 575 968 649 quesiuit
993 575 1147 631 ludentem
1169 589 1237 630 cum
1260 569 1362 645 pueris
1388 571 1437 628 Iu·
1510 581 1511 598 ¹

289 667 415 723 deorum
436 665 492 722 sibi
511 666 671 734 coetaneis,
690 672 721 721 et
739 666 863 721 domum
881 663 966 719 ludei
984 659 1159 719 cuiusdam¹
1177 661 1345 717 intrantem.
1386 659 1438 716 ln·

288 753 378 811 trauit
399 753 490 826 igitur
513 753 621 809 mulier
648 751 746 809 subito
770 753 894 808 domum
913 751 1003 820 illam,
1025 758 1055 806 et
1073 749 1147 806 vidit
1167 765 1275 821 corpus
1296 747 1383 819 pueri
1407 748 1437 804 in

258 850 272 904 5
288 842 438 914 quendam
452 850 575 915 puteum
588 838 806 914 precipitatum.
845 837 882 894 Et
893 847 979 894 caute
989 836 1160 894 conuocatis
1168 835 1295 892 ciuitatis
1307 833 1438 904 balliuis,

287 927 443 986 inuentum
462 938 509 986 est
528 945 638 1002 corpus
658 936 687 984 et
705 935 882 984 extractum.
921 925 1136 983 blaterantem
1155 923 1250 997 pueri,
1263 921 1388 995 querula
1407 933 1437 980 et

286 1015 443 1086 clamosa¹,
456 1033 563 1072 omnes
577 1015 669 1084 ciues,
689 1013 800 1070 immo⁸
817 1013 944 1070 omnes‘
961 1011 1177 1069 conuenientes
1184 1011 1203 1081 ⁸,
1221 1012 1258 1068 ad
1275 1009 1437 1069 lachrimas

287 1113 316 1161 et
329 1103 459 1177 suspiria
471 1102 652 1177 prouocauit.
691 1103 764 1158 Erat
782 1111 882 1158 autem
903 1099 1014 1158 ibidem
1034 1099 1141 1156 nobilis
1154 1097 1295 1172 quidam⁸
1311 1099 1436 1156 nomine

287 1191 468 1261 lohannes⁷‚
479 1191 526 1249 vir
538 1191 679 1264 quidem⁸
692 1191 928 1262 circumspectus
938 1195 968 1244 et
978 1187 1132 1261 eleganter
1144 1187 1298 1255 litteratus,
1311 1185 1362 1257 qui
1375 1186 1435 1244 ait:
1510 1173 1511 1186 ¹

242 1279 484 1336 10‘Andiuimus
506 1279 585 1352 quod
608 1277 808 1351 quandoque⁰
830 1275 914 1333 Iudei
935 1276 966 1331 in
987 1273 1181 1349 obprobrium
1207 1273 1297 1330 lhesu
1321 1272 1437 1329 Christi

287 1365 401 1423 domini
414 1367 510 1422 nostri
523 1365 656 1422 crucifixi
675 1365 744 1421 talia
763 1381 823 1420 non
841 1372 912 1420 sunt
923 1363 1011 1420 veriti
1028 1365 1222 1437 attemptare,’
1232 1371 1262 1418 et
1274 1368 1362 1433 capto
1374 1378 1437 1418 vno

288 1453 389 1522 ludeo,
404 1453 434 1509 in
453 1453 537 1510 cuius
556 1455 680 1510 domum
698 1451 819 1508 intrauit
838 1467 914 1524 puer
933 1453 1010 1524 (ipse
1030 1450 1132 1524 Hugo)
1144 1448 1165 1482 ¹⁰
1184 1450 1300 1518 ludens,
1318 1456 1349 1504 et
1367 1449 1437 1506 aliis

286 1541 355 1598 ideo
381 1541 559 1614 suspectior,
579 1539 619 1597 ait
637 1540 698 1596 illi:
718 1539 838 1608 ιΜίεετ,
857 1538 957 1595 nescis
976 1538 1045 1610 quia
1066 1546 1096 1594 te
1117 1537 1245 1594 festinus
1266 1543 1367 1592 manet
1389 1537 1437 1592 in·

286 1629 394 1686 teritus
402 1629 442 1685 ¹¹?
472 1637 566 1684 totum
590 1644 697 1684 aurum
723 1627 832 1700 Anglie
857 1643 919 1682 non
944 1626 1095 1683 sufficeret
1117 1627 1154 1682 ad
1179 1624 1366 1698 ereptionem
1386 1625 1438 1681 vel

242 1729 271 1780 15
287 1715 527 1789 redemptionem
541 1725 631 1772 tuam.
668 1715 882 1771 Verumtamen
898 1713 995 1770 dicam
1009 1713 1148 1784 tibi,licet
1162 1712 1293 1784 indigno,
1307 1711 1438 1784 qualiter
1510 1779 1511 1784 ἵ

287 1803 399 1877 poteris
407 1803 498 1860 vitam
508 1811 590 1859 tuam
599 1802 714 1859 saluare
724 1811 754 1859 et
765 1801 909 1869 membra
919 1818 956 1858 ne
966 1800 1120 1858 mutileris.
1140 1801 1307 1873 Vtrumque
1316 1799 1368 1854 tibi
1376 1801 1437 1856 sal-
1510 1791 1511 1798 '

287 1891 373 1961 uabo,
386 1892 412 1946 si
423 1907 604 1963 quecunque
615 1889 646 1946 in
660 1890 716 1946 hoc
729 1907 799 1946 casu
810 1897 981 1962 perpetrata
989 1888 1017 1959 ¹²,
1028 1888 1094 1945 sine
1104 1887 1231 1945 salsitate
1241 1895 1291 1944 aut
1301 1887 1409 1944 fraude
1418 1887 1437 1921 ¹³

288 1979 361 2035 mihi
377 1979 511 2051 pandas!
550 1977 662 2034 iudeus
681 1977 771 2050 igitur
788 1976 848 2046 ille,
861 1975 983 2033 nomine
996 1975 1139 2049 copinas,
1153 1975 1195 2032 sic
1213 1976 1341 2031 credens
1353 1974 1435 2032 viam

286 2066 441 2124 inuenisse
461 2065 619 2134 euadendi,
638 2065 794 2138 respondit
815 2063 937 2120 dicens:
957 2063 1103 2120 ‘Domine
1124 2063 1282 2130 lohannes,
1305 2061 1330 2118 si
1348 2061 1437 2120 dictis

240 2167 272 2203 πο
284 2153 364 2211 sacta
376 2170 565 2228 compenses,
580 2152 711 2226 pandam
730 2151 783 2208 tibi
801 2150 964 2208 mirabilia)
1002 2151 1040 2206 Et
1061 2149 1204 2207 animauit
1223 2167 1292 2207 eum
1312 2159 1343 2206 et
1361 2149 1438 2208 inci·

285 2241 358 2299 tauit
371 2242 408 2297 ad
423 2243 479 2296 hoc
492 2241 629 2298 eiusdem
642 2237 815 2296 iohannis¹⁴
826 2237 981 2295 industria.
1014 2238 1052 2294 Et
1064 2237 1104 2294 ait
1114 2237 1241 2296 iudeus:
1255 2237 1350 2294 ‘Vera
1364 2247 1437 2294 sunt

286 2345 344 2402 que
366 2329 468 2385 dicunt
490 2327 663 2395 Christiani,
685 2325 770 2384 ludei
796 2325 860 2382 sere
882 2327 1013 2399 quolibet
1038 2343 1118 2382 anno
1136 2342 1229 2383 vnum
1254 2342 1381 2398 puerum
1404 2327 1436 2384 in
1510 2395 1511 2404 χ

286 2415 424 2472 iniuriam
444 2425 473 2472 et
491 2415 701 2472 contumeliam
724 2415 814 2471 ihesu
836 2413 1031 2486 crucifigunt:
1051 2414 1106 2470 sed
1126 2429 1185 2468 non
1203 2411 1336 2485 quolibet
1355 2431 1438 2472 anno
1510 2405 1511 2422 ³

286 2503 478 2576 comperitur,
500 2520 574 2559 nam
596 2503 711 2559 occulte
740 2502 796 2559 hoc
824 2499 943 2569 iaciunt,
963 2511 993 2558 et
1018 2501 1091 2558 locis
1115 2501 1222 2558 abditis
1245 2509 1275 2557 et
1299 2503 1438 2559 secretis.

241 2599 271 2649 25
289 2590 383 2647 Hunc
396 2599 496 2646 autem
510 2607 648 2664 puerum,
662 2605 751 2662 quem
762 2589 924 2661 Hugonem
935 2599 1050 2658 vocant,
1063 2587 1328 2645 inmisericorditer
1339 2590 1438 2646 nostn'

289 2677 373 2735 iudei
386 2677 620 2748 crucifixerunt3
640 2686 670 2734 et
684 2694 752 2734 cum
771 2677 893 2744 obisset,
907 2689 935 2733 et
948 2687 1098 2732 mortuum
1114 2675 1300 2732 abscondere
1312 2677 1439 2747 vellent,

286 2763 317 2820 in
337 2773 417 2821 terra
430 2765 514 2821 obrui
529 2783 587 2822 non
602 2765 697 2839 potuit
714 2782 769 2822 nec
787 2765 938 2821 abscondi.
977 2763 1136 2820 Perutile¹⁵
1149 2763 1228 2820 enim
1242 2766 1440 2836 reputabatur

288 2869 399 2925 corpus
411 2852 538 2910 insontis
557 2853 696 2926 augurio:
717 2854 755 2909 ad
769 2853 825 2910 hoc
844 2853 926 2910 enim
945 2851 1175 2909 euiscerabatur.
1212 2851 1332 2908 Etcum
1345 2870 1440 2912 mane
1510 2925 1511 2928 Ἴ

288 2941 382 3014 putab
400 2950 449 2997 tur
461 2941 678 3011 absconditum,
692 2939 784 2999 edidit
797 2940 870 2997 illud
884 2949 963 2997 terra
980 2949 1010 2995 et
1024 2939 1163 3009 euomuit,
1176 2948 1206 2996 et
1218 2956 1309 3011 supra
1322 2949 1439 2999 terram
1510 2933 1511 2996 ἶ

240 3049 273 3098 30
287 3028 474 3086 inhumatum
489 3029 633 3102 apparuit.
671 3029 738 3100 Quo
746 3029 820 3097 viso,
836 3027 919 3084 iudei
930 3027 1055 3083 multum
1069 3028 1272 3097 abhorrentes,
1282 3045 1351 3084 cum
1362 3029 1440 3087 illud
1510 3027 1511 3092 Ξ

286 3116 317 3172 in
344 3126 467 3190 puteum
493 3117 709 3190 proiecissent3
743 3119 811 3188 (deo
835 3116 967 3186 volente)
994 3133 1049 3172 nec
1071 3124 1141 3172 tunc
1167 3114 1307 3171 occultari
1331 3119 1442 3188 potuit.
1510 3169 1511 3180 ,

289 3203 367 3260 Nam
393 3215 489 3260 mater
513 3205 599 3277 pueri
621 3206 760 3278 improba
779 3204 879 3262 omnia
899 3203 1125 3278 perscrutando,
1146 3219 1255 3276 corpus
1277 3201 1440 3262 inuentum
1510 3229 1511 3254 1

286 3291 404 3348 balliuis
423 3291 588 3348 intimauit.'
627 3293 719 3350 ludeo
737 3293 845 3367 itaque,
866 3303 1009 3366 precepto
1029 3291 1135 3365 prefati
1152 3291 1294 3348 iohannis
1307 3291 1442 3351 vinculis
1510 3343 1511 3350 ,

286 3379 466 3452 mancipato,
493 3379 627 3437 canonici
657 3381 784 3438 ecclesie
809 3380 1015 3438 lincolniensis
1034 3379 1244 3452 corpusculum
1275 3378 1333 3436 sibi
1360 3383 1441 3438 tradi
1510 3371 1511 3406 ³

241 3487 271 3538 35
286 3467 445 3540 petierunt,
459 3476 489 3524 et
502 3475 644 3540 tanquam
658 3469 787 3541 preciosi
805 3468 936 3525 martiris
948 3467 1120 3525 venerabile
1130 3484 1239 3539 corpus
1252 3475 1281 3522 et
1294 3478 1440 3526 sanctum

286 3553 451 3610 honorifice
466 3563 545 3611 terre
563 3556 758 3613 tradiderunt.
797 3555 880 3613 iudei
893 3574 965 3613 vero
979 3557 1084 3612 decem
1097 3555 1203 3611 diebus
1215 3571 1344 3627 puerum
1359 3557 1442 3614 infra
1510 3559 1511 3568 ³

286 3655 342 3698 sua
359 3641 526 3698 habitacula
545 3643 679 3700 clausum
694 3652 862 3713 tenuerant,
875 3653 907 3700 vt
923 3652 966 3700 tot
985 3643 1091 3700 diebus
1110 3643 1186 3699 lacte
1204 3651 1309 3715 pastus
1322 3647 1442 3702 atrocia
1510 3641 1511 3648 '

286 3729 472 3801 perfidorum
488 3739 637 3787 tormenta
649 3730 756 3789 fortius
771 3732 909 3789 tollerare
928 3739 1038 3804 posset
1077 3730 1247 3804 Increpauit
1263 3740 1368 3789 autem
1383 3751 1440 3790 rex
1510 3769 1511 3804 3

287 3817 454 3873 Iohannem
485 3817 632 3890 prelatum
654 3819 734 3892 quod
756 3827 817 3875 tam
842 3819 990 3893 flagitioso
1000 3819 1022 3852 ¹⁸
1043 3817 1142 3889 vitam,
1165 3835 1254 3891 quam
1276 3819 1351 3875 dare
1377 3839 1442 3878 non
1510 3849 1511 3900 p

239 3930 272 3982 40
287 3914 412 3978 poterat,
425 3905 628 3978 pollicebatur.
658 3906 796 3979 Cumque
810 3907 922 3964 iudeus
932 3907 1047 3964 videret
1061 3924 1095 3964 se
1108 3906 1189 3962 nullo
1202 3907 1291 3962 modo
1304 3919 1441 3966 mortem
1510 3903 1511 3944 ³

286 3993 415 4050 euadere
446 4010 545 4066 posse,
570 3993 628 4051 ait:
660 3994 819 4052 ‘Imminet
846 3995 921 4052 mihi
945 4012 1027 4052 mors
1053 4012 1130 4065 mea,
1155 4011 1210 4052 nec
1235 4003 1336 4067 potest
1363 3995 1442 4053 mibi
1510 4005 1511 4070 ᾖ

316 4097 372 4148 ¹E.
387 4099 517 4148 cuiusdam
535 4099 611 4148 iudei.
694 4099 750 4148 ¹1¹2.
764 4100 794 4150 cl.
806 4115 878 4150 voce.
959 4100 1083 4152 ’nain
1100 4115 1160 4149 uno.
1240 4099 1359 4150 ‘omin
1380 4103 1440 4152 ΜΡ.
1510 4121 1511 4126 ’

283 4161 294 4193 ⁸
310 4161 339 4211 T.
353 4165 540 4214 conuenientes
552 4179 648 4214 omnes.
715 4164 724 4194 ⁸
742 4167 770 4215 E.
780 4168 885 4216 nomine
896 4168 1006 4230 quidam.
1074 4167 1083 4195 ⁷
1101 4168 1157 4216 ΜΡ.
1169 4165 1224 4215 Iob.
1233 4167 1266 4216 de
1279 4166 1442 4218 Lexintona.
1510 4163 1511 4222 ἶ

284 4227 338 4277 ¹T.
354 4227 382 4278 E.
395 4231 503 4290 quidam.
570 4231 652 4280 ”MR
666 4233 821 4295 quandoque
833 4235 909 4296 quod.
978 4235 995 4262 ¹⁰
1011 4233 1067 4296 ipse
1080 4233 1159 4296 Hugo
1171 4248 1220 4283 om.
1231 4233 1256 4281 in
1268 4232 1296 4282 T.
1371 4235 1390 4266 ¹²
1410 4235 1440 4284 E.
1510 4223 1511 4272 i

285 4291 426 4343 interritus.
498 4293 517 4324 ¹²
534 4295 591 4348 ΜΡ.
603 4307 720 4358 aguntur.
793 4297 811 4328 ²⁸
829 4299 886 4349 MP.
904 4301 961 4350 sine
978 4299 1037 4350 falsi
1053 4300 1170 4352 stamine.
1241 4299 1260 4328 ¹⁸
1277 4299 1306 4349 E.
1322 4300 1440 4351 ioannis.
1510 4313 1511 4360 ξ

284 4359 303 4390 ¹⁵
320 4359 377 4408 MP.
391 4359 484 4410 Inutile
497 4359 537 4428 (l).
602 4362 622 4394 ¹⁸
638 4363 666 4416 T.
680 4363 793 4416 ssacioso.
1510 4361 1511 4370 ¹
