3036 4878
135 225 363 293 tremonia]
389 210 463 302 Db
486 209 546 298 Q.
566 209 783 298 tibmuubu
806 225 900 314 tm
923 220 962 299 sst
984 222 1174 318 mutim·
1215 224 1287 312 677

138 422 284 479 Edmundi
310 425 368 480 non
391 426 488 481 recolit
514 427 709 497 antiquorum:
739 427 783 482 vel
807 444 842 482 ea
871 444 926 498 que
941 427 1092 484 ,modernis
1117 429 1288 500 temporibus

137 504 258 561 diuersis
271 507 343 562 villis
361 518 390 563 et
406 508 503 579 patriis
519 508 695 579 contigerunt
712 519 741 564 et
757 509 845 565 oculis
858 509 886 565 in
900 510 960 566 dies
972 511 1135 582 ingeruntur
1151 512 1287 580 attendat,

136 596 166 642 et
178 589 239 644 luce
253 590 353 646 clarius
363 591 515 646 intuebitur
522 593 597 662 quod
608 609 706 647 omnes
716 602 908 663 persecutores
915 595 1032 650 ecclesie
1043 596 1132 650 sancti
1143 595 1286 650 Edmundi

137 680 188 726 aut
206 671 280 727 vlcio
305 673 401 728 diuina
425 673 544 730 diuersis
574 675 691 744 flagellis
721 675 883 731 examinans
913 677 1035 732 reddidit
1065 689 1214 749 correctos,
1238 688 1288 734 aut

137 755 319 812 reluctamine
331 757 483 814 obduratos
496 757 569 813 iusto
582 758 686 813 iudicio
698 758 853 814 transmisit
864 759 902 814 ad
915 760 1063 816 interua-
1301 779 1315 830 5

154 941 303 1010 Incipiunt
313 941 382 1012 xvij
391 944 533 997 miracula
535 945 619 1015 sacta
629 944 710 1014 apud
725 943 873 1014 Wainflete
884 961 960 998 anno
974 945 1085 1000 Christi
1098 951 1180 1014 1374ο
1194 952 1222 1000 et
1235 951 1272 1017 5⁰.

149 1070 243 1139 QUOD
262 1083 400 1126 CAPELLA
418 1085 461 1128 DE
479 1075 673 1129 WAINFLETE
692 1085 831 1129 RUINOSA
850 1085 911 1128 PER
930 1085 1180 1130 REUELACIONEM
1199 1087 1275 1131 rtur

626 1168 801 1212 REPARATA.

172 1270 173 1274 ’
208 1271 315 1328 Uidam
323 1272 603 1343 Alanuscognomine
613 1273 777 1340 Wastelere,
786 1271 972 1336 deWainflet‚
980 1290 1043 1328 cum
1054 1273 1172 1329 materia
1180 1273 1282 1330 diuersi

241 1355 351 1424 generis
369 1356 515 1410 domorum
528 1365 702 1425 cooperator,
716 1355 882 1425 intempeste
894 1355 985 1411 noctis
1003 1355 1120 1411 silencio
1133 1367 1219 1412 stratu
1233 1373 1283 1412 suo

134 1440 271 1494 recubans
290 1449 319 1493 et
336 1439 443 1508 soporis
461 1439 548 1510 quieti
568 1439 724 1508 indulgens,
737 1440 811 1492 hanc
829 1437 858 1492 in
877 1437 1002 1509 sompnis
1022 1439 1118 1494 habuit
1137 1439 1283 1494 visionem.

133 1521 290 1576 Videbatur
315 1522 390 1577 enim
413 1522 466 1576 sibi
491 1523 565 1592 quod
589 1539 692 1592 ymago
716 1521 806 1576 sancti
832 1521 976 1576 Edmundi
1000 1521 1101 1576 situata
1125 1520 1154 1575 in
1177 1523 1283 1592 capella

133 1605 336 1659 monachorum
354 1605 445 1660 sancti
465 1604 608 1659 Edmundi
627 1601 803 1674 supradicta¹
824 1604 900 1674 apud
913 1603 1069 1668 Wainllete‚
1082 1603 1211 1674 apparuit
1229 1604 1282 1658 sibi
1298 1625 1328 1660 ro

133 1687 174 1743 sic
193 1686 338 1758 inquiens:
367 1687 481 1755 ‘Alane,
497 1686 544 1742 vbi
564 1697 590 1742 te
609 1686 733 1758 disponis
752 1685 837 1741 cicius
855 1685 1003 1757 operaril'
1040 1689 1078 1741 At
1098 1686 1163 1742 ille:
1191 1687 1281 1741 ‘Cum

132 1769 248 1825 domino
261 1770 297 1824 de
317 1771 408 1838 Kyme
426 1770 502 1840 apud
516 1769 658 1838 Borwelle,
672 1769 711 1824 ibi
724 1785 845 1839 namque
864 1768 1085 1824 conuencionem
1104 1769 1140 1823 de
1158 1769 1282 1839 quodam

131 1871 216 1924 opere
234 1852 347 1923 speciali
366 1853 492 1909 celeriter
510 1853 722 1924 prosequendo?
760 1851 813 1906 Cui
827 1851 926 1906 iterum
938 1867 1060 1921 ymago:
1082 1851 1169 1916 ‘Scis,
1183 1851 1281 1921 inquit,

131 1937 207 2008 quod
227 1937 334 2006 capella
351 1954 416 1991 mea
434 1937 470 1991 de
481 1935 614 1990 Wainflet
627 1933 742 1989 omnino
754 1944 797 1989 est
817 1933 930 1988 ruinosa
942 1943 970 1988 et
983 1932 1090 2002 indiget
1101 1933 1281 2002 'reparacione

130 2017 306 2086 necessaria;
330 2019 390 2073 aliis
409 2036 476 2088 ergo
494 2017 687 2089 pretermissis,
700 2018 754 2070 hoc
772 2033 842 2087 opus
861 2033 954 2071 meum
970 2015 1064 2070 animo
1080 2015 1177 2070 libenti
1196 2032 1280 2085 quarn
1295 2037 1324 2088 ¹⁵

129 2102 219 2158 tocius
237 2101 318 2157 stude
336 2102 485 2172 perficere!
523 2102 614 2155 Alano
633 2115 700 2154 vero
719 2098 866 2165 renitente,
885 2109 913 2152 et
931 2098 1042 2153 dicente
1061 2099 1099 2152 ob
1116 2115 1196 2152 suam
1215 2115 1279 2152 con·

128 2184 297 2240 uencionem
313 2184 389 2255 prius
406 2184 509 2238 iactam
529 2201 558 2238 se
574 2182 753 2253 adquiescere
771 2198 829 2236 non
849 2198 932 2253 posse
951 2181 1016 2236 huic
1034 2181 1111 2251 operi
1130 2181 1185 2234 hac
1199 2181 1278 2235 uice:

129 2267 237 2335 ‘Vade,
254 2266 351 2338 inquit,
369 2276 397 2321 et
414 2266 472 2321 noli
489 2267 609 2335 amplius
621 2265 707 2319 michi
724 2265 935 2333 contradicere;
955 2281 1021 2318 nam
1034 2273 1098 2318 ante
1111 2263 1206 2318 omnia
1224 2263 1279 2318 alia

127 2349 215 2404 michi
235 2359 312 2404 tuum
331 2349 466 2420 inpendes
484 2349 640 2415 seruicium,
654 2359 682 2403 et
700 2365 753 2418 ego
772 2347 823 2402 tibi
842 2347 1029 2414 satisfaciam
1050 2347 1106 2400 iarn
1124 2347 1182 2401 noli
1194 2347 1279 2417 perti-

127 2449 252 2489 mescere
277 2449 360 2503 super
380 2432 449 2488 isto!
486 2434 567 2487 Tune
592 2431 683 2486 dictus
708 2431 814 2486 Alanus
839 2441 995 2486 commotus
1019 2441 1046 2486 et
1068 2430 1228 2485 admonitus
1250 2430 1278 2485 in
1294 2453 1324 2488 ro

127 2516 262 2583 crastino,
275 2535 293 2572 a
312 2517 387 2572 nullo
403 2516 514 2571 mortali
527 2532 647 2587 querens
668 2523 716 2570 aut
736 2531 851 2585 sperans
870 2514 1000 2570 diurnum
1017 2513 1195 2585 stipendium,
1207 2532 1278 2585 opus

126 2609 290 2669 cooperture
308 2616 391 2669 super
409 2599 581 2668 sepedictam
606 2598 743 2668 capellam
766 2597 887 2652 fideliter
905 2597 1056 2666 inchoauit,
1078 2607 1106 2652 et
1131 2598 1169 2652 ad
1193 2598 1277 2652 finem

125 2681 296 2738 laudabilem
309 2681 454 2752 perduxit3
473 2691 501 2736 et
514 2698 570 2737 non
583 2681 675 2736 minus
687 2690 730 2736 set
743 2680 832 2749 magis
845 2681 882 2735 de
894 2680 1060 2735 victualibus
1073 2689 1100 2736 et
1113 2680 1277 2736 necessariis

126 2764 234 2820 inuenit
247 2764 481 2820 habundantiam.

252 2936 302 2989 Da
320 2947 455 3000 Qunnnst
474 2946 595 2990 eunoun
615 2944 784 2988 peruncta
802 2946 822 2986 n
842 2944 952 2988 nourr
970 2943 1147 2988 suscitare.

126 3058 259 3182 ANno
271 3074 327 3128 quo
341 3074 434 3127 supra,
446 3056 567 3127 quedam
581 3054 683 3121 Alicia,
697 3053 754 3109 filia
769 3056 930 3123 Margarete
943 3064 972 3109 at
986 3055 1018 3127 pe
1033 3052 1120 3107 Kirke
1134 3053 1168 3107 de
1175 3052 1274 3107 Wain-
1289 3075 1301 3108 r
1305 3077 1319 3125 5

225 3140 299 3206 flete,
311 3139 393 3194 etatis
412 3155 479 3194 vero
491 3139 573 3192 vnius
591 3137 666 3205 anni,
682 3154 732 3207 per
750 3137 882 3193 iudicium
901 3138 1051 3192 multorum
1070 3135 1274 3205 fidedignorum

124 3224 230 3279 ibidem
249 3221 509 3278 circuruastancium
527 3221 579 3276 sub
592 3219 710 3275 notabili
728 3220 824 3290 spacio
843 3231 871 3276 et
890 3219 991 3276 diffuso
1009 3219 1141 3274 defuncta
1158 3219 1273 3274 omnino

124 3305 271 3376 apparuit:
290 3321 341 3375 pro
360 3304 436 3360 cuius
455 3313 545 3358 morte
564 3313 692 3373 parentes
711 3301 794 3358 nimis
807 3301 961 3358 contristati
975 3312 1003 3358 et
1015 3313 1154 3358 merentes
1173 3302 1273 3372 effecti,

123 3407 175 3460 per
186 3405 303 3443 manum
314 3387 422 3441 domini
436 3386 571 3441 Iohannis
584 3387 620 3441 de
634 3387 767 3456 Haytone
780 3385 919 3456 capellani
931 3403 1015 3456 super
1028 3385 1132 3442 dictam
1145 3386 1273 3442 iuuenem

123 3470 270 3526 denarium
290 3480 438 3524 curuarunt
451 3479 586 3524 uouentes
600 3469 662 3537 deo,
677 3477 775 3523 sancto
794 3469 947 3524 Edmuodo
966 3468 1081 3540 eiusque
1099 3469 1223 3539 ymagini
1243 3469 1271 3524 in
1287 3488 1319 3537 30

122 3552 251 3626 predicta
262 3552 386 3623 capella:
407 3561 434 3608 et
448 3551 542 3607 statim
556 3553 648 3622 puella
659 3551 765 3606 reuixit.

229 3723 279 3777 Da
298 3733 432 3786 Quantos
451 3734 636 3778 consancta
655 3733 691 3777 ru
711 3734 850 3778 sancino
869 3733 909 3777 ar
927 3732 1020 3792 nanu
1039 3732 1169 3776 snnnrr.

195 3843 307 3900 Uedam
328 3843 462 3912 Matildis,
482 3844 517 3899 de
534 3843 735 3910 Westchestre,
754 3843 836 3899 etatis
857 3843 966 3899 circiter
984 3843 1011 3896 xl
1031 3859 1175 3908 annorum,
1194 3859 1270 3897 anno

228 3925 334 3982 domini
354 3927 559 3982 M⁰.cce⁰lxxv⁰
575 3925 694 3982 accessit
702 3926 739 3982 ad
752 3927 890 3996 capellam
898 3924 1064 3995 predictam,
1078 3923 1192 3979 omnino
1202 3942 1269 3980 con·

122 4020 209 4067 tracta
222 4010 250 4064 in
264 4009 379 4063 brachio
396 4019 424 4064 et
439 4027 524 4064 manu
540 4009 651 4077 dextris,
665 4009 705 4064 ita
717 4009 791 4079 quod
805 4007 890 4063 nichil
905 4007 1021 4062 omnino
1039 4007 1066 4061 in
1084 4006 1166 4062 dietis
1183 4025 1267 4063 manu

120 4104 148 4148 et
174 4093 290 4148 brachio
310 4092 401 4148 lacere
426 4092 525 4162 potuit,
551 4108 603 4146 nec
628 4091 754 4161 sibiipsi
776 4091 805 4146 in
828 4091 920 4162 aliquo
942 4090 1099 4158 subuenire,
1120 4101 1168 4145 aut
1190 4090 1266 4160 ipsos
1281 4107 1312 4158 35

120 4175 233 4246 erigere.
271 4176 321 4231 Set
337 4174 442 4230 crebris
460 4174 568 4230 instans
587 4173 765 4229 oracionibus
782 4174 809 4229 in
823 4174 899 4229 dicta
911 4173 1027 4246 capella,
1042 4172 1113 4229 inira
1125 4173 1266 4230 modicum

576 4296 583 4326 ¹
601 4294 656 4345 MS.
666 4294 810 4360 snpredleti.
