3012 4898
272 323 345 416 318
584 321 717 410 mota
741 313 1110 424 immutante.

271 521 302 579 in
320 522 385 580 loco
400 521 440 580 ibi
456 523 627 598 propinquo
639 539 708 582 cnm
725 521 790 580 suis
805 521 895 581 sociis
910 519 1098 579 mansionem
1113 519 1191 578 lecit.
1230 519 1292 578 Per
1303 520 1429 594 triginta

271 626 368 668 annos
380 610 422 668 ita
434 611 625 669 innocentem
637 611 729 668 vitam
745 610 787 667 ibi
802 610 870 684 egit,
882 619 914 668 vt
927 609 1041 668 nemini
1057 610 1168 666 faceret
1183 609 1265 682 quod
1283 609 1344 666 sibi
1362 609 1430 666 fieri

271 697 373 756 nollet.
408 697 537 757 Carnem
556 697 597 755 ita
615 697 735 756 ieiuniis
752 708 782 756 et
794 697 902 772 vigiliis
920 697 1026 754 afflixit
1044 706 1075 755 et
1093 697 1204 770 algore,
1216 706 1249 754 vt
1266 698 1308 753 ad
1328 697 1430 770 repri-

271 787 400 844 mendos
420 795 520 844 motus
542 785 661 844 illicitos
678 785 849 859 voluptatis,
869 803 887 842 a
906 785 1066 859 gallicantu
1084 802 1181 858 vsque
1202 783 1376 842 diluculum
1398 785 1429 840 in

243 873 413 936 ttorrentis
434 873 533 932 medio
556 875 655 932 nudus
676 882 876 948 pernoctaret.
923 872 967 930 lta
992 873 1093 947 gulam
1119 873 1290 942 edomabat,
1310 882 1345 929 vt
1364 890 1429 929 non

271 962 369 1020 solum
392 961 550 1020 deliciosos
570 971 733 1038 apparatus
754 979 814 1018 non
834 971 984 1035 quereret,
1004 977 1110 1018 verum
1132 960 1223 1017 etiam
1245 961 1315 1017 solo
1336 961 1431 1034 panis

271 1051 371 1107 edulio
388 1050 541 1124 gauderet.
587 1049 702 1108 Diebus
721 1049 888 1120 dominicis,
913 1067 970 1124 pro
998 1047 1169 1106 reuerentia
1190 1046 1430 1105 resurrectionis

270 1135 428 1207 dominice,
447 1137 567 1211 aliquod
586 1138 775 1212 pulmentum
795 1137 896 1194 sobrie
917 1137 1064 1211 gustabat,
1084 1155 1145 1210 quo
1163 1134 1294 1209 depulsa
1313 1136 1430 1205 esurie,

271 1241 435 1282 neruorum
453 1223 577 1282 ariditas
594 1243 612 1282 a
628 1224 742 1283 domini
759 1223 864 1282 militia
879 1223 965 1283 illum
983 1225 1171 1282 debilitatum
1190 1241 1251 1281 non
1271 1225 1429 1281 redderet

227 1325 258 1365 ιο
273 1311 418 1370 Decursis
431 1311 521 1386 igitur
533 1312 655 1386 triginta
669 1311 757 1370 annis
772 1311 902 1370 Romam
916 1330 1045 1388 peregre
1058 1309 1296 1388 prolectulru1s¹
1309 1330 1383 1369 cum
1396 1311 1428 1368 in

271 1401 454 1458 Comubiam
473 1417 634 1474 regressus
652 1401 768 1473 suisset,
787 1402 934 1459 concitato
952 1410 1112 1458 ventorum
1133 1399 1255 1457 turbine
1277 1399 1360 1458 facta
1380 1409 1430 1458 est

270 1487 373 1563 pluuia
385 1506 496 1562 magna
507 1487 603 1547 valde.
640 1488 678 1546 Et
697 1507 766 1547 cum
783 1491 821 1546 ob
836 1489 891 1546 hoc
910 1489 1068 1563 conquesti
1086 1497 1189 1546 essent
1208 1487 1351 1561 discipuli
1370 1489 1429 1557 sui,

270 1576 455 1650 compescuit
476 1593 614 1635 murmur
638 1595 743 1635 eorum
761 1577 808 1634 vir
828 1577 887 1648 dei,
906 1576 1075 1651 pollicitans
1099 1575 1129 1633 in
1154 1575 1325 1633 crastinum
1346 1575 1430 1633 aeris

271 1663 474 1734 serenitatem,
494 1675 526 1723 et
548 1665 604 1723 iter
628 1666 871 1740 prosperandum
896 1664 968 1722 sore.
1005 1663 1044 1721 Et
1068 1679 1137 1721 cum
1156 1661 1188 1720 in
1207 1663 1346 1720 crastism
1365 1681 1428 1720 non

227 1771 257 1822 ¹5
271 1761 420 1810 cessasset
439 1753 550 1826 pluuia,
568 1753 615 1810 vir
633 1751 682 1810 dei
702 1752 782 1827 cepit
799 1762 916 1810 mestus
935 1751 1011 1822 fieri,
1030 1769 1124 1826 seque
1142 1751 1244 1825 ipsum
1262 1769 1429 1826 presump

270 1839 360 1898 tionis
379 1857 516 1914 arguere,
535 1841 635 1915 quod¹
652 1839 739 1898 aliter
759 1850 841 1899 esset
862 1839 1012 1915 pollicitus
1030 1855 1121 1914 quam
1142 1841 1220 1896 deus
1238 1841 1429 1912 prouiderat.

271 1927 385 1986 Sedata
396 1928 519 1986 tandem
531 1937 712 2002 tempestate
724 1929 773 1987 die
786 1929 882 1996 tertia,
897 1927 997 2002 palam
1013 1945 1047 1985 se
1066 1926 1195 1985 Romam
1214 1925 1426 2001 profecturum

270 2015 429 2075 confitetur
447 2035 484 2074 eo
503 2018 582 2090 quod
602 2017 704 2092 lingua
721 2018 901 2075 temerarius
919 2016 1059 2074 extiterat
1076 2023 1107 2074 et
1125 2015 1277 2072 aduersus
1295 2015 1347 2074 dei
1366 2016 1427 2072 dis·

272 2104 453 2178 positionem
466 2103 542 2162 salso
555 2104 798 2178 prophetauerat.
829 2103 896 2175 Quo
909 2121 978 2162 cum
991 2101 1190 2177 peruenisset,
1198 2112 1230 2159 et
1241 2101 1309 2160 loca
1322 2115 1428 2160 sancta

228 2215 259 2252 so
271 2191 431 2260 visitasset,
445 2191 638 2250 Hierusalem
650 2209 747 2266 vsque
767 2191 974 2266 proficiscitur.
1011 2191 1149 2264 Cumque
1167 2191 1206 2246 ad
1224 2189 1428 2264 sepulchrum

271 2279 384 2338 domini
397 2281 462 2354 pias
475 2298 583 2355 preces
596 2280 725 2338 fudisset
737 2289 767 2338 et
777 2279 946 2350 lachrimas,
953 2295 1061 2337 versus
1072 2278 1189 2335 Indiam
1200 2277 1260 2335 iter
1269 2287 1427 2336 maturare

271 2368 360 2442 cepit
396 2368 456 2425 Per
474 2367 604 2442 plurima
622 2370 746 2426 tandem
764 2369 914 2426 latronum
931 2367 1151 2439 fluminumque
1170 2365 1307 2440 pericula
1324 2367 1427 2424 orien-

271 2456 362 2513 talem
374 2473 470 2529 vsque
484 2457 668 2530 perueniens
681 2473 854 2522 occeanum,
867 2455 961 2513 multa
973 2453 1127 2513 consectus
1143 2451 1323 2511 lassitudine
1340 2453 1427 2512 solus

272 2542 414 2600 dormiuit
430 2543 461 2602 in
476 2543 583 2601 littore.
620 2543 775 2618 Euigilans
792 2552 891 2601 autem
909 2561 927 2600 a
945 2560 1084 2616 sompno,
1096 2541 1170 2599 vidit
1181 2559 1237 2599 vas
1254 2543 1294 2598 ad
1314 2559 1351 2600 se
1368 2559 1428 2613 per

230 2655 259 2708 ²5
273 2648 356 2688 mare
368 2632 538 2702 aduectum,
551 2631 629 2689 intro
641 2631 878 2702 lucidum,vnius
891 2631 1080 2689 solummodo
1092 2647 1188 2703 capax
1201 2629 1344 2688 hominis
1386 2631 1427 2688 Et

271 2719 393 2776 intuens
404 2736 469 2789 vas,
482 2719 671 2777 confidenter
686 2719 717 2777 in
733 2719 806 2776 illud
823 2719 980 2792 ingressus
994 2727 1059 2776 est:
1079 2726 1110 2775 et
1122 2717 1187 2775 solo
1199 2715 1295 2776 maris
1307 2717 1427 2792 impetu

270 2806 336 2864 sine
354 2824 439 2864 remo
457 2815 646 2865 transuectus
665 2817 695 2865 et
714 2807 837 2880 remige,
856 2806 955 2863 insule
972 2805 1091 2863 cuidam
1109 2805 1187 2862 letus
1205 2805 1361 2878 applicuit,
1374 2805 1427 2863 vbi

270 2903 388 2968 septem
406 2895 494 2951 annis
513 2893 776 2968 contemplatiuam
796 2893 856 2968 egit
874 2894 976 2963 vitam,
988 2911 1048 2951 vno
1066 2902 1182 2950 tantum
1201 2893 1288 2966 pisce
1307 2905 1427 2967 pastus,

270 2982 354 3040 horis
372 2981 490 3040 interim
503 2983 660 3056 oportunis
672 2983 816 3040 diuinitus
828 2981 976 3056 apposito.
1014 2979 1140 3039 Peracto
1152 2989 1252 3038 autem
1270 2981 1426 3054 septennii

225 3095 258 3144 gs
270 3071 382 3143 spacio,
395 3071 521 3144 angelus
533 3069 647 3128 domini
660 3070 690 3127 in
704 3071 841 3144 sompnis
853 3071 881 3128 ei
894 3069 985 3126 astitit
1002 3069 1124 3127 dicens:
1145 3067 1229 3142 ‘Age
1248 3067 1320 3137 iam,
1333 3087 1426 3127 serue

270 3158 319 3216 dei
334 3157 467 3228 Petroce,
481 3157 674 3232 proficiscere
685 3167 716 3216 te
728 3158 810 3216 iubet
827 3157 978 3227 dominus,
991 3156 1076 3213 cuius
1093 3165 1167 3215 nutu
1183 3155 1276 3230 piscis
1295 3155 1347 3214 illc
1364 3177 1426 3232 quo

269 3253 300 3301 te
324 3254 442 3319 septem
466 3247 555 3303 annis
579 3245 670 3320 pauit,
692 3254 772 3302 totus
796 3253 889 3303 restat
912 3245 1039 3318 integer,
1061 3253 1092 3301 et
1112 3261 1167 3302 vas
1191 3261 1251 3317 quo
1275 3245 1427 3304 aduectus
1501 3269 1502 3288 ¹

270 3331 371 3390 fueras
388 3351 546 3391 recessuro
566 3343 668 3407 presto
686 3343 742 3391 est
777 3329 837 3390 Vbi
849 3349 922 3390 vero
941 3350 1024 3390 mare
1038 3330 1205 3401 transieris,
1217 3348 1287 3388 cum
1305 3333 1426 3402 baculo,

270 3437 361 3493 quem
374 3438 442 3478 cum
458 3421 568 3479 melote
585 3421 760 3496 reliqueras,
773 3419 964 3478 assistentem
981 3420 1087 3493 lupum
1102 3421 1247 3492 reperies,
1259 3436 1355 3492 quem
1371 3421 1426 3479 tibi

225 3536 257 3587 ³5
270 3507 411 3565 dominus
430 3509 576 3582 collegam
595 3509 663 3567 uie³
681 3509 855 3583 preparauit
874 3509 1021 3583 preuium,
1040 3509 1137 3564 donec
1157 3515 1244 3564 notas
1265 3507 1298 3564 in
1318 3520 1426 3582 partes

269 3597 448 3669 peruenias?
486 3597 636 3654 Omnibus
654 3607 686 3654 vt
704 3599 742 3654 ab
761 3597 869 3670 angelo
888 3597 1000 3654 dictum
1019 3595 1116 3653 fuerat
1133 3595 1272 3668 repertis,
1292 3595 1325 3653 in
1343 3600 1426 3655 occi·

270 3683 421 3742 dentalem
436 3682 620 3742 Britanniam
633 3685 781 3758 peruenit.
816 3683 975 3758 Regnabat
988 3702 1025 3741 eo
1037 3693 1176 3756 tempore
1188 3682 1363 3755 Tenemus,
1377 3687 1426 3745 vir

269 3781 357 3830 atrox
378 3781 409 3830 et
431 3772 513 3830 serus
532 3772 675 3842 moribus,
694 3771 747 3846 qui
765 3773 803 3829 ad
822 3771 921 3829 furum
943 3787 1054 3846 penam
1073 3779 1103 3828 et
1122 3787 1243 3828 reorum
1262 3773 1426 3846 supplicia,

270 3859 364 3918 effera
382 3859 541 3930 tirannide,
555 3869 715 3933 serpentes
728 3870 758 3917 et
770 3877 868 3934 genus
886 3877 976 3917 omne
988 3857 1138 3916 vermium
1156 3857 1329 3916 nocentium
1349 3879 1426 3919 con-
1501 3923 1502 3928 χ

224 3976 258 4026 ⁴⁰
270 3949 388 4022 gregati
401 3947 432 4004 in
447 3948 543 4005 lacum
558 3947 677 4004 fecerat.
709 3948 776 4018 Quo
789 3957 915 4017 mortuo,
925 3965 993 4005 cum
1008 3946 1088 4004 filius
1100 3945 1151 4020 qui
1164 3945 1191 4002 ei
1204 3947 1350 4005 successit
1365 3951 1424 4009 hoc

270 4037 412 4094 tormenti
424 4053 520 4109 genus
534 4035 693 4105 inhiberet,
706 4035 877 4093 huiusmodi
889 4046 1049 4109 serpentes
1061 4032 1426 4111 famelici‘insurgentes,
1501 4047 1502 4094 ζ

270 4125 448 4181 alterutrum
461 4141 531 4181 sese
544 4124 659 4181 crebris
671 4124 885 4197 congressibus
897 4125 988 4181 dente
1006 4122 1099 4181 liuido
1115 4122 1314 4191 attriuerunt;
1333 4135 1366 4181 vt
1383 4130 1424 4186 de

269 4221 352 4269 tanto
368 4229 496 4269 numero
515 4211 612 4269 solum
625 4229 703 4270 vnus
722 4222 902 4283 remaneret,
915 4212 1093 4282 horrendus,
1105 4209 1222 4268 enormi
1239 4227 1378 4284 corpore,
1391 4225 1423 4272 et
1501 4261 1502 4268 ,

270 4299 346 4358 rictu
370 4316 525 4358 venenoso
549 4301 683 4373 pecudes
707 4300 906 4373 hominesque
930 4299 1013 4357 seuis
1037 4298 1173 4356 saucibus
1201 4297 1337 4358 laniaret.
1383 4303 1424 4361 Et
1501 4293 1502 4314 ³

302 4403 400 4456 ¹11¹:
416 4404 554 4468 profectus
603 4405 759 4468 'Bollqui
814 4405 935 4458 ’E.me.
987 4405 1139 4468 ⁴so'l'.,E.
1153 4403 1262 4456 famelici
1273 4415 1423 4470 serpenms.
