3054 4904
278 291 327 360 80
591 284 722 372 moos
747 282 937 389 benamu
962 285 1113 388 finalia.

278 485 375 544 cedidi
396 485 427 542 in
447 496 578 543 terram:
610 495 640 543 et
663 494 771 542 tenens
790 502 912 544 manum
937 503 1035 543 meam
1058 486 1186 544 eleuauit
1211 503 1260 543 me
1284 488 1324 543 de
1347 498 1429 544 terra

279 574 448 647 [rosaque]¹
462 573 593 647 perfudit
607 591 664 642 nie,
678 583 708 630 et
720 583 883 646 extergens
899 573 1006 631 faeiem
1025 591 1132 642 meam,
1145 575 1298 631 osculatus
1310 585 1357 632 est
1371 593 1429 642 me,

277 671 308 720 et
320 663 394 720 dixit
408 663 498 720 mihi:
519 661 615 718 “Noli
628 661 744 730 timere,
758 661 886 734 loseph:
907 662 1025 737 respice
1037 663 1067 719 in
1084 680 1143 731 me,
1155 673 1184 718 et
1202 663 1271 718 vide
1286 663 1357 734 quia
1372 681 1429 736 ego

278 753 373 807 sum.”
414 750 451 807 Et
464 752 593 824 respexi,
603 760 634 806 et
647 749 709 807 dixi
724 771 729 806 :
750 754 766 781 “
778 750 895 806 Raboni
910 750 1041 807 Helias.”
1081 750 1118 806 Et
1131 750 1205 807 dixit
1218 749 1291 806 mihi
1304 770 1311 807 :
1333 756 1350 784 “
1361 751 1428 806 Non

250 853 265 904 5
279 857 346 896 sum
357 838 470 906 Helias,
479 840 533 895 sed
543 837 658 904 lhesus,
668 855 757 910 quem
768 848 800 894 tu
812 837 972 912 sepelisti.''
993 838 1031 895 Et
1040 837 1102 894 dixi
1112 840 1150 895 ad
1159 855 1247 894 eum:
1265 837 1429 895 “Ostende

279 927 352 983 mihi
371 936 598 983 monumentum
613 925 663 982 vbi
681 924 767 998 posui
784 927 838 981 te.''
877 925 915 982 Et
931 935 1039 983 tenens
1055 943 1174 982 manum
1191 943 1290 982 meam
1303 925 1430 982 deduxit

279 1031 328 1070 me
342 1015 371 1072 in
385 1015 482 1070 locum
498 1013 547 1071 vbi
564 1014 690 1085 sepeliui
710 1031 799 1070 eum:
820 1023 850 1070 et
866 1014 997 1071 ostendit
1012 1014 1083 1070 mihi
1100 1015 1266 1084 sindonem,
1281 1023 1310 1071 et
1325 1014 1430 1070 faciale

278 1102 309 1158 in
322 1121 383 1175 quo
395 1112 483 1175 caput
496 1101 562 1158 eius
575 1101 695 1157 inuolu'u
731 1101 817 1157 Tunc
836 1103 944 1174 agnoui
963 1104 1033 1174 quia
1050 1101 1156 1158 lhesus
1173 1111 1236 1158 est:
1256 1111 1286 1158 et
1305 1102 1430 1158 adoraui

279 1198 309 1246 et
334 1190 412 1246 dixi:
445 1189 653 1246 “Benedictus
678 1188 729 1261 qui
753 1188 834 1245 venit
863 1189 893 1245 in
924 1190 1044 1246 nomine
1068 1189 1208 1246 domini.'’
1258 1189 1295 1245 Et
1321 1199 1430 1246 tenens

237 1299 266 1336 ro
280 1295 402 1334 manum
420 1295 517 1334 meam
535 1276 620 1334 duxit
635 1294 682 1332 me
700 1277 730 1332 in
747 1276 943 1344 Armathiam,
961 1276 991 1333 in
1006 1279 1129 1334 domum
1144 1293 1250 1333 meam.
1296 1277 1336 1332 Et
1355 1277 1431 1333 dixit

280 1366 370 1423 mihi:
385 1365 476 1421 “Pax
489 1365 558 1434 tibi;
578 1381 674 1437 vsque
687 1365 724 1420 ad
738 1365 1000 1436 quadragesimum
1013 1365 1093 1421 diem
1107 1381 1167 1420 non
1180 1381 1272 1420 exeas
1285 1366 1324 1421 de
1338 1367 1430 1421 domo

279 1463 338 1509 tua.
359 1453 424 1525 Ego
433 1461 532 1509 autem
542 1453 649 1510 vadam
661 1453 698 1508 ad
709 1451 872 1525 discipulos
880 1455 989 1509 meos?
1009 1452 1045 1508 Et
1058 1452 1117 1508 hiis
1129 1451 1214 1509 dictis
1227 1452 1432 1524 disparuit:-

279 1529 375 1597 ¹Post
395 1540 449 1596 hec
469 1539 539 1597 iidei
557 1542 675 1596 feruore
694 1540 851 1606 animatus,
863 1540 972 1597 nobilis
992 1539 1102 1612 loseph
1122 1541 1159 1596 ab
1172 1539 1332 1596 Armathia
1351 1541 1431 1596 beati

282 1627 412 1701 Philippi
433 1627 561 1701 apostoli
581 1628 799 1700 disciplinatui³
819 1645 854 1684 se
875 1628 996 1685 tradidit
1016 1637 1106 1701 atque
1125 1627 1190 1684 eius
1210 1627 1322 1683 salubri
1343 1628 1432 1684 disci·

238 1735 267 1787 ¹5
281 1716 381 1788 plina¹
393 1717 551 1772 affluenter
565 1715 703 1781 refertus,
716 1717 754 1772 ab
770 1717 837 1788 ipso
849 1733 918 1772 cum
932 1715 992 1772 filio
1009 1733 1064 1771 suo
1078 1715 1175 1772 losese
1191 1715 1361 1787 baptizatus
1376 1725 1433 1771 est.

282 1804 391 1860 Postea
414 1821 487 1860 vero
509 1823 527 1860 a
545 1805 631 1860 beato
652 1803 784 1860 Iohanne
803 1803 939 1876 apostolo
959 1805 1030 1860 dum
1050 1803 1118 1876 ipse
1138 1802 1334 1876 predicationi
1361 1803 1432 1858 Efe-

281 1909 383 1950 sorum
408 1893 572 1962 insudaret,
592 1891 678 1948 beate
704 1903 912 1964 perpetueque
930 1891 1055 1963 virginis
1077 1889 1171 1946 Marie
1193 1889 1433 1962 paranimphus¹

280 1982 435 2053 delegatus
455 1989 510 2050 est,
529 1979 726 2052 eiusdemque
745 1980 874 2050 gloriose
892 1978 1016 2051 virginis
1033 1978 1230 2051 assumptioni
1251 1994 1319 2034 curn
1342 1979 1432 2034 beato

282 2068 421 2140 Philippo
436 2069 605 2140 ceterisque
625 2065 777 2139 discipulis
793 2066 933 2122 interfuit.
960 2067 1061 2138 Atque
1078 2083 1114 2122 ea
1131 2083 1190 2138 que
1205 2066 1243 2122 de
1260 2065 1383 2121 domino
1397 2083 1432 2121 ac

237 2174 268 2209 ιο
280 2158 319 2212 de
328 2157 392 2212 eius
400 2155 544 2228 genitrice
552 2154 685 2211 audierat
698 2164 728 2212 et
741 2154 862 2222 viderat,
873 2154 1064 2210 constanter¹
1077 2171 1133 2226 per
1142 2153 1277 2210 diuersas
1290 2151 1433 2224 regiones

281 2243 453 2316 predicauit.
504 2243 675 2315 Multosque
706 2252 887 2298 conuertens
918 2252 948 2298 et
978 2241 1142 2315 baptizans,
1167 2242 1298 2307 tandem,
1323 2239 1432 2312 quinto

281 2331 397 2388 decimo
414 2340 482 2402 post
499 2329 585 2386 beate
599 2329 722 2402 virginis
741 2329 977 2403 assumptionem
995 2347 1084 2396 anno,
1097 2346 1164 2386 cum
1185 2338 1349 2384 memorato
1369 2328 1433 2384 filio

281 2437 337 2476 suo
363 2417 468 2487 losese,
488 2417 736 2490 quemdominus
760 2417 866 2475 lhesus
885 2419 970 2490 prius
992 2417 1020 2473 in
1043 2417 1162 2474 ciuitate
1185 2416 1292 2473 Sarath
1314 2416 1345 2472 in
1368 2417 1433 2489 cpi-

282 2522 406 2578 scopum
420 2504 606 2562 consecrauit
614 2505 634 2574 ⁷,
644 2507 682 2561 ad
700 2515 837 2562 sanctum
854 2505 1022 2577 Philippum
1036 2505 1203 2578 apostolum
1216 2504 1326 2561 Gallias
1339 2501 1434 2560 uenit.

239 2607 268 2654 ²⁵
282 2592 455 2667 ¹Dispersis
466 2593 545 2649 enim
560 2602 628 2665 post
640 2593 847 2650 ascensionem
858 2593 968 2649 domini
977 2593 1129 2665 discipulis
1142 2611 1197 2665 per
1205 2592 1325 2648 diuersa
1338 2610 1434 2664 regna

283 2681 364 2737 orbis
389 2690 545 2748 terrarum,
563 2689 595 2737 vt
620 2691 747 2738 testatur
768 2681 791 2736 F
793 2680 943 2737 reculsus¹
967 2681 1041 2736 libro
1061 2699 1117 2737 suo
1142 2682 1282 2748 secundo,
1301 2681 1433 2752 capitulo

282 2778 396 2841 quarto,
412 2767 596 2841 reganum¹⁰
613 2768 794 2824 Francorum
814 2768 988 2841 predicandi
1007 2769 1100 2840 gratia
1119 2768 1224 2825 adiens
1246 2768 1434 2841 Philippus¹¹

283 2858 386 2930 plures
398 2859 435 2912 ad
449 2857 539 2913 iidem
553 2856 665 2913 Christi
679 2857 826 2912 conuertit
839 2865 869 2912 et
887 2856 1055 2928 baptizauit.
1091 2856 1206 2913 Volens
1225 2855 1313 2928 igitur
1325 2858 1434 2912 beatus

282 2945 436 3017 apostolus
452 2946 577 3001 verbum
596 2943 644 3000 dei
658 2944 781 3012 dilatari,
795 2944 951 3000 duodecim
971 2963 1009 3000 ex
1028 2943 1184 3016 discipulis
1202 2944 1264 3000 suis
1281 2945 1319 2999 ad
1338 2962 1434 3000 euan-

238 3053 270 3102 30
282 3033 471 3106 gelizandum
490 3032 550 3088 vite
570 3033 696 3088 verbum
715 3034 745 3087 in
765 3032 949 3089 Britanniam
968 3033 1069 3089 misit:
1095 3033 1204 3104 quibus
1222 3032 1433 3088 charissimum

282 3123 411 3177 amicum
430 3138 518 3177 suurn
540 3119 649 3192 loseph
671 3119 847 3192 predictum,
870 3120 920 3192 qui
940 3119 1079 3192 sepeliuit
1100 3119 1263 3187 dominum,
1282 3137 1341 3176 vna
1363 3137 1432 3175 curn

284 3208 344 3264 filio
363 3225 417 3264 suo
437 3207 536 3264 losese
548 3207 567 3240 ¹¹
585 3207 711 3280 prefecit
719 3207 735 3263 ⁸.
774 3207 929 3263 Venerunt
948 3217 1046 3263 autem
1066 3225 1134 3263 eum
1154 3207 1205 3270 eis,
1223 3216 1254 3261 vt
1273 3207 1383 3278 legitur
1403 3207 1432 3262 in

283 3297 359 3352 libro
377 3295 428 3368 qui
448 3296 608 3352 ‘Sanctum
629 3295 734 3351 Graal’
751 3296 926 3367 appellatur,
946 3297 1080 3352 sexcenti
1099 3303 1129 3350 et
1149 3295 1277 3367 amplius
1295 3303 1357 3349 tam
1377 3295 1434 3350 viri

283 3401 373 3455 quarn
387 3383 508 3452 lemine,
518 3383 568 3454 qui
581 3399 688 3438 omnes
702 3393 802 3438 votum
815 3391 963 3438 vouerunt
972 3383 993 3415 ¹¹
1006 3383 1085 3454 quod
1098 3384 1137 3438 ab
1146 3383 1290 3438 uxoribus
1300 3382 1434 3454 propriis

239 3485 269 3534 35
284 3472 476 3538 abstinerent,
489 3488 645 3542 quousque
658 3480 768 3526 terram
783 3471 838 3526 sibi
852 3471 1019 3542 delegatam
1033 3470 1161 3542 ingressi
1176 3469 1312 3525 luissent.
1343 3469 1434 3539 Quod

283 3568 383 3615 tamen
409 3557 585 3630 preuaricati
611 3567 681 3613 sunt
705 3575 812 3614 omnes
841 3567 943 3630 preter
973 3567 1093 3613 centurn
1117 3559 1350 3629 quinquaginta:
1384 3557 1434 3629 qui

284 3645 405 3702 iubente
424 3646 546 3700 domino
565 3663 648 3701 mare
664 3663 757 3717 super
773 3645 925 3701 camisiam
943 3645 1037 3716 ipsius
1054 3645 1169 3700 loseses
1187 3654 1383 3700 transeuntes
1404 3646 1434 3699 in

284 3743 371 3789 nocte
397 3732 545 3789 dominice
565 3733 801 3802 resurrectionis,
820 3734 1028 3805 applicuerunt
1047 3733 1077 3788 in
1097 3749 1194 3789 mane.
1229 3733 1306 3788 Aliis
1332 3741 1435 3788 autem

283 3819 496 3894 penitentibus,
516 3829 546 3876 et
570 3819 668 3876 losese
688 3839 744 3893 pro
768 3822 813 3877 eis
837 3831 949 3890 orante,
972 3823 1064 3876 missa
1086 3829 1133 3876 est
1154 3821 1241 3876 nauis
1262 3837 1280 3875 a
1301 3821 1435 3888 domine,

238 3923 270 3970 40
283 3927 373 3982 quam
396 3927 450 3965 rex
471 3908 613 3965 Salomon
635 3908 793 3964 artificiose
816 3926 870 3964 suo
895 3917 1032 3980 tempore
1055 3907 1250 3964 fabricauerat
1274 3925 1372 3979 usque
1397 3909 1435 3964 ad

284 3998 395 4054 Christi
414 4005 551 4070 tempora
568 3998 760 4053 duraturam:
781 3995 810 4051 in
830 3999 891 4069 qua'
907 3997 956 4052 die
975 3997 1081 4052 eadem
1100 3997 1139 4051 ad
1157 4011 1229 4052 suos
1248 3995 1347 4051 socios
1365 4013 1437 4068 per-

284 4095 441 4156 uenerunt,
466 4103 533 4142 cum
565 4086 696 4157 quodam
727 4086 802 4141 duce
832 4083 991 4140 Medorum
1022 4085 1143 4139 nomine
1177 4084 1317 4151 Naciano,
1344 4101 1437 4156 quem

316 4185 324 4214 ¹
343 4199 373 4232 so
388 4184 438 4240 H.;
457 4199 506 4233 om.
519 4185 545 4232 in
559 4182 588 4233 E.
673 4181 683 4210 ¹
699 4183 728 4231 cs.
743 4183 835 4230 Usher.
912 4182 922 4210 ¹
940 4183 972 4230 H.
988 4182 1157 4243 discipulatui.
1234 4181 1245 4212 ¹
1263 4179 1296 4230 H.
1309 4181 1438 4231 doctrina

284 4251 294 4280 ¹
312 4249 340 4297 E.
354 4252 547 4312 pararumphus.
627 4245 637 4276 ⁸
655 4247 688 4297 H.
702 4249 835 4296 instanter.
912 4247 922 4276 ¹
939 4248 973 4297 H.
986 4254 1189 4298 consecrauerat.
1266 4247 1301 4284 ¹-⁸
1318 4248 1352 4297 ci.
1364 4247 1439 4298 Will.

285 4314 371 4363 Malm.
435 4315 491 4365 ¹E.
506 4315 630 4365 iretulfus.
692 4314 711 4342 ¹⁰
729 4313 954 4376 WM.regionem.
1016 4313 1034 4343 ¹¹
1052 4314 1081 4364 E.
1094 4313 1278 4376 philosophus;
1295 4329 1347 4363 om.
1360 4315 1388 4363 in
1402 4315 1436 4363 ll.

283 4379 303 4407 ¹¹
319 4381 351 4430 al.
366 4380 499 4443 losephes.
601 4379 619 4408 ¹³
638 4379 673 4429 H.
683 4386 818 4430 uoueranl.
