3054 4904
433 309 508 402 vt
532 305 697 396 sarno
722 305 929 394 metuo.
1186 328 1253 400 113

104 511 200 568 boues
212 511 250 568 ad
263 507 400 567 vehicula
413 509 511 566 ducti¹
524 509 604 582 ligna
617 517 648 566 et
659 507 727 582 iuga
739 507 925 566 excutientes
938 505 977 564 ita
990 507 1121 579 dispersi
1134 516 1212 578 sunt,
1221 515 1254 564 vt

104 598 250 672 deinceps
262 597 391 654 inueniri
405 615 465 654 non
478 605 613 669 possent.
704 584 809 655 Cecus
822 597 942 668 quidam
956 613 974 650 a
987 595 1140 652 natiuitate
1152 595 1254 668 sepul-

103 686 210 741 chrum
235 685 331 742 sancti
354 685 489 753 visitans,
515 684 736 756 contemplatur
759 701 888 757 puerum
913 683 1169 757 speciosissimum
1193 681 1252 739 sibi

102 776 256 841 assistere,
275 774 335 829 duo
353 774 452 829 sidera
471 771 639 844 prefulgida
658 788 748 827 manu
767 780 946 843 gestantem,
968 779 998 826 et
1021 770 1077 826 ea²
1096 771 1250 827 oculorum

103 861 228 916 sedibus
253 861 311 917 sibi
335 862 568 933 imprimentem.
607 859 670 914 Nec
694 875 787 928 mora,
812 859 849 915 ad
874 875 909 915 se
934 874 1086 928 reuersus,
1110 857 1282 924 reseratiss

103 947 199 1003 oculis
217 947 290 1004 vidit
309 948 406 1016 clare3
426 947 589 1003 mirabatur
605 945 723 1020 ignotas
740 962 841 1002 rerum
857 945 985 1017 species,
998 945 1101 1001 mundi
1117 945 1253 1017 amplitu-

102 1034 215 1102 dinem,
239 1035 313 1092 lucis
335 1037 472 1104 nitorem,
492 1043 522 1090 et
542 1042 643 1090 cetera
664 1050 723 1106 que
744 1035 775 1089 in
795 1035 907 1089 mundo
929 1041 1007 1088 sunt.
1080 1020 1216 1106 Quidam
1235 1049 1254 1089 a

102 1123 257 1179 natiuitate
274 1130 384 1191 mutus,
396 1121 469 1178 vidit
486 1129 623 1177 sanctum
643 1120 825 1176 Kenelmum
843 1137 911 1176 cum
926 1137 1014 1176 cereo
1032 1117 1176 1192 flagrante
1195 1119 1252 1176 sibi

102 1211 257 1279 aduenire,
270 1217 360 1282 atque
378 1209 419 1266 ita
438 1210 595 1265 ardentem
613 1207 644 1264 in
663 1224 699 1263 os
717 1207 774 1263 sibi
792 1208 925 1281 patulum
942 1207 1128 1280 impingere:
1148 1207 1253 1280 sicque

101 1296 239 1366 exiliens
254 1297 430 1370 loquebatur
448 1304 537 1364 recte,
551 1304 581 1352 et
598 1295 679 1368 que³
697 1296 781 1368 prius
799 1303 913 1351 tantum
933 1303 1050 1367 poterat
1068 1293 1179 1362 audire,
1192 1294 1251 1352 iam
1267 1313 1298 1349 10

101 1384 220 1440 valebat
250 1384 394 1457 proferre.
478 1372 586 1440 Alium
617 1399 737 1455 quoque
766 1390 882 1438 mutum
912 1383 1027 1438 curauit
1059 1382 1251 1454 linguamque

103 1472 234 1530 habilem
248 1475 286 1528 ad
299 1473 481 1545 loquendum
495 1471 640 1540 reddidit3
659 1471 810 1543 quendam
827 1470 907 1526 ferro
924 1469 1087 1526 accinctum
1106 1470 1252 1541 liberauit,

101 1567 288 1616 contractum
307 1559 462 1632 gressibus
481 1558 618 1628 restituit,
635 1575 739 1615 cecum
756 1557 952 1627 illuminauit;
975 1567 1159 1614 contractum
1176 1557 1252 1614 talos

102 1647 222 1703 natibus
236 1648 397 1703 habentem
410 1647 586 1719 impressos,
600 1663 767 1718 manusque
780 1654 907 1703 retortas
913 1645 933 1716 ⁴,
945 1657 977 1702 vt
990 1645 1072 1718 digiti
1086 1655 1250 1702 retrorsum

100 1736 277 1791 inhererent
289 1735 429 1804 brachiis,
444 1733 573 1790 Romam
586 1734 827 1807 proficiscentem
841 1742 870 1790 et
886 1743 918 1790 vt
931 1735 968 1790 ad
985 1743 1123 1790 sanctum
1139 1732 1250 1791 Kenel-
1266 1745 1296 1795 15

101 1841 186 1880 mum
212 1825 316 1880 redeat
337 1821 531 1890 admonitum,
556 1823 692 1878 membra
717 1821 834 1895 gressui
858 1829 927 1894 apta
951 1822 1087 1878 reddidit.
1124 1821 1252 1877 Videbat

101 1912 184 1968 enim
203 1928 331 1985 puerum
350 1909 605 1983 speciosissimum
623 1911 661 1966 de
681 1910 765 1966 altari
784 1910 978 1976 descendere,
998 1925 1149 1981 aureaque
1167 1905 1251 1981 virga

99 2013 194 2073 quam
211 2017 301 2056 manu
319 2000 455 2072 gestabat
471 1999 572 2072 ipsum
589 2005 721 2070 tangere,
733 2009 763 2055 et
781 2007 812 2054 vt
831 2008 968 2071 surgeret
987 1999 1146 2071 imperare.
1183 1998 1250 2068 Quo

99 2091 180 2145 sacto
192 2089 285 2144 altare
299 2085 481 2158 conscendit,
495 2096 525 2144 et
538 2085 679 2143 scrinium
692 2103 780 2144 suum
792 2087 890 2143 subito
902 2086 1031 2144 intrauit.

99 2273 172 2340 [MS.
183 2273 236 2324 'nu
250 2276 330 2326 adds:
593 2269 732 2328 Narratio
741 2269 760 2328 ⁸.

139 2376 289 2460 (Sanctus
314 2391 499 2462 Florencius)
532 2391 649 2449 cuidam
679 2410 750 2450 urso
780 2393 915 2466 precepit
944 2404 976 2450 ut
1006 2412 1079 2452 oues
1110 2393 1250 2468 sing(ulis
1265 2409 1297 2443 20

100 2478 222 2548 diebus)
244 2480 282 2535 ad
301 2489 422 2552 pastum
440 2481 564 2548 ducens,
583 2479 657 2536 hora
681 2489 767 2537 sexta
789 2483 952 2538 reduceret.
991 2481 1106 2553 (Cuius)
1126 2481 1250 2539 iussioni

100 2584 173 2623 cum
204 2567 410 2624 indesinenter
439 2569 669 2640 obtemperaret,
696 2569 833 2640 (quatuor
863 2569 984 2640 sraltres
1013 2569 1125 2628 inuidie
1157 2571 1250 2628 liuore

99 2655 236 2711 excecati
271 2656 403 2712 eundem
439 2656 567 2728 (ursum)
603 2656 779 2713 insidiantes
813 2657 993 2714 occiderunt.
1042 2657 1147 2714 Altera
1177 2675 1250 2714 uero

100 2743 153 2798 die
181 2743 229 2811 (ad
254 2745 371 2816 agrum)
399 2743 572 2800 florencius
595 2761 735 2816 pergenS,
757 2761 860 2801 ursum
886 2746 1017 2801 occisum
1041 2746 1195 2818 repper(it,
1221 2755 1250 2802 et

99 2829 242 2899 sollilcite
258 2829 452 2903 inquirens,a
470 2831 578 2903 quibus
595 2830 768 2888 interiectus
784 2831 881 2888 suerat
898 2832 1026 2906 agnouit.
1062 2832 1147 2888 Tunc
1167 2851 1200 2889 se
1218 2833 1250 2889 in
1265 2848 1295 2899 ²5

96 2921 234 2975 lamenta
252 2918 341 2988 dedit,
355 2917 442 2975 sacti⁶
464 2918 559 2990 magis
578 2918 725 2975 maliciam
743 2937 833 2992 quarn
853 2920 916 2977 ursi
933 2929 1062 2976 mortem
1079 2920 1249 2992 deplorans

96 3017 130 3064 et
143 3005 257 3062 dolon's
270 3007 371 3079 magni
390 3005 519 3063 stimulis
532 3024 678 3062 accensus
695 3007 877 3079 imprecatus
890 3018 936 3064 est
949 3007 1068 3065 dicens:
1090 3007 1205 3080 ‘Spero
1216 3007 1248 3064 in

97 3096 160 3150 deo
186 3093 255 3165 quia
280 3095 310 3149 in
335 3095 396 3150 uita
420 3103 490 3150 ante
514 3093 616 3150 oculos
641 3095 776 3151 omnium
801 3112 839 3150 ex
864 3093 980 3150 malicia
1005 3112 1059 3151 sua
1086 3093 1249 3150 uindictam

97 3181 249 3254 recipient
271 3182 322 3255 qui
344 3181 434 3238 nichil
456 3199 490 3238 se
510 3181 661 3237 ledentem
681 3198 785 3238 ursum
804 3199 905 3238 meum
923 3181 1112 3239 occiderunt.'
1156 3181 1248 3239 Cuius

96 3286 208 3326 uocem
239 3269 376 3341 protinus
406 3269 484 3326 ulcio
513 3269 614 3325 diuina
648 3277 751 3326 secuta
781 3278 835 3327 est.
884 3269 961 3326 Nam
991 3281 1117 3342 quatuor
1142 3270 1250 3327 fratres
1263 3283 1296 3332 30

94 3357 142 3414 illi
161 3357 214 3430 qui
233 3374 338 3413 ursum
360 3359 490 3414 eundem
511 3357 691 3427 occiderunt,
711 3356 811 3413 statim
833 3358 937 3413 morbo
962 3356 1153 3430 elephantino
1179 3367 1249 3414 sunt

93 3445 247 3519 percussi,
260 3447 301 3501 ita
317 3454 350 3501 ut
369 3445 513 3501 membris
526 3444 767 3517 putrescentibus
780 3443 944 3501 interirent.
981 3443 1068 3514 Quod
1080 3444 1188 3502 factum
1203 3444 1251 3502 uir

94 3532 148 3590 dei
176 3532 200 3587 F
201 3533 352 3590 lorencius
376 3532 574 3590 uehementer
596 3531 726 3604 expauit,
752 3549 845 3604 seque
870 3531 1010 3588 fratribus
1033 3533 1249 3602 (malledixisse

97 3620 290 3695 (pertimuit).
335 3619 426 3677 Omni
447 3629 584 3693 tempore
610 3621 670 3676 uite
692 3637 747 3676 sue
769 3619 860 3675 llebat
879 3623 948 3692 quia
967 3621 1125 3677 exauditus
1144 3621 1247 3690 fuerat,

94 3727 132 3766 se
153 3709 307 3765 crudelem
332 3707 363 3764 in
388 3726 492 3765 eorum
513 3708 635 3765 interitu
655 3708 801 3764 clamabat
825 3707 1013 3767 homicidam.
1091 3697 1249 3765 Diaconus
1263 3723 1293 3773 35

94 3796 222 3871 quidam
238 3797 311 3852 dum
328 3796 458 3852 eundem
477 3795 500 3851 F
502 3795 666 3852 lorencium
681 3795 803 3851 uisitare
820 3795 998 3866 intenderet,
1011 3813 1132 3852 omnem
1150 3797 1248 3853 locum

93 3887 128 3942 in
149 3885 273 3940 circuitu
292 3882 367 3940 celle
386 3901 441 3939 sue
459 3883 625 3940 innumeris
644 3883 835 3956 serpentibus
851 3883 973 3956 plenum
994 3883 1075 3939 uidit.
1112 3883 1249 3955 Cumque

93 3973 298 4029 uehementer
316 3971 498 4043 expauisset,
511 3970 649 4028 clamauit
668 3972 789 4028 dicens:
810 3970 926 4027 ‘Serue
945 3970 1003 4040 dei,
1015 3988 1068 4026 ora
1087 3988 1142 4042 pro
1161 3988 1210 4026 me
1219 3969 1247 4028 ⁷!

97 4059 265 4132 Eglressus
278 4061 362 4127 uero)
380 4057 553 4114 Florencius
566 4058 667 4115 oculos
675 4060 713 4114 ad
721 4058 819 4114 celum
833 4067 863 4114 et
873 4059 988 4131 palmas
1002 4058 1146 4128 (tetendit,
1159 4074 1249 4114 orans

97 4147 268 4218 dominum)
290 4155 322 4203 ut
335 4145 418 4202 illam
432 4155 551 4220 pestem
570 4148 647 4202 sicut
666 4147 756 4203 sciret
775 4145 913 4202 auferret.
952 4145 1023 4218 (Ad)
1041 4147 1126 4201 cuius
1143 4161 1249 4202 uocem
1261 4167 1295 4217 40

130 4319 222 4368 ¹Boll.
236 4317 323 4367 iuncti.
382 4315 458 4366 Ji:
472 4332 513 4368 eo.
591 4315 684 4368 'Bolh
697 4317 749 4379 qui.
830 4314 1019 4366 ‘Eretorcas
1099 4315 1163 4365 ³C1'.
1175 4315 1249 4366 Vinc.

96 4385 163 4436 Bell.
176 4384 265 4434 XXII.
278 4399 318 4462 ῃ,
331 4382 441 4446 Gregor.
454 4383 520 4433 Dial.
534 4383 569 4434 iii.
584 4396 620 4444 15
730 4381 740 4411 ⁸
755 4381 810 4431 VB.
822 4381 934 4431 fratrum.
1016 4379 1027 4410 ἵ
1044 4396 1091 4444 pro
1103 4397 1144 4430 me
1156 4382 1188 4431 al.
1200 4397 1250 4430 om.

165 4483 231 4523 vot.
245 4482 277 4522 11.
674 4481 685 4519 1
