3036 4878
469 1147 762 1224 APPENDIX
802 1147 878 1226 Ill.

625 1353 726 1380 —40-

358 1493 448 1554 From
462 1491 534 1555 MS.
553 1493 584 1554 T
577 1496 634 1554 rin.
652 1493 722 1554 Coll.
736 1493 847 1554 Dublr'n
861 1493 892 1553 B
905 1513 930 1568 a,
948 1493 996 1571 ⁸1¹.

191 1658 272 1712 Vt‘rn
290 1669 401 1714 SANCTI
420 1659 605 1728 FREMUNDI,
623 1671 772 1716 AUCTORE
790 1671 833 1714 UT
851 1671 983 1716 DlCl'l'UR
1003 1661 1217 1716 Buttottnuno.

136 1812 260 1867 lucrm
271 1811 329 1868 uita
345 1824 373 1869 et
389 1813 484 1884 passio
496 1814 673 1870 sanctissimi
687 1814 857 1870 Freemundi
873 1814 947 1884 regis
963 1823 991 1869 et
1006 1814 1136 1880 martiris,
1151 1813 1249 1869 Sancti

97 1894 263 1950 Eadmundi
283 1896 356 1967 regis
374 1907 402 1952 et
417 1896 538 1953 martiris
556 1915 590 1952 ex
609 1915 704 1954 sorore
721 1897 842 1968 nepotis,
861 1897 1017 1968 aquodam
1036 1897 1138 1952 clerico
1158 1899 1248 1966 Burg-

96 1978 191 2033 hardo
203 1980 317 2035 nomine
331 1980 426 2035 ueraci
438 1981 501 2036 stilo
514 1982 681 2052 conscripta.
718 1983 775 2037 Sed
790 1991 818 2037 et
833 1981 960 2036 eiusdem
975 1981 1100 2051 corporis
1115 1980 1249 2048 inuentio,

96 2079 116 2116 a
146 2062 229 2116 beato
258 2063 369 2131 Berino,
394 2080 429 2119 eo
458 2073 585 2136 ternpore
614 2064 822 2121 Dorchacensis
851 2063 969 2120 ecclesie
999 2063 1142 2134 episcopo,
1168 2073 1250 2134 prout

96 2143 210 2200 uiderat
227 2155 350 2202 exarata.
1264 2155 1279 2206 ⁵

147 2246 174 2298 D
191 2245 304 2301 laudern
321 2245 426 2302 domiui
440 2244 527 2302 nostri
548 2247 612 2302 lesu
626 2246 739 2314 Christi,
752 2263 806 2317 ego
824 2247 1005 2316 Burghardus
1017 2245 1116 2302 litteris
1134 2244 1252 2315 anglicis

198 2338 227 2383 et
246 2328 339 2384 latinis
357 2328 517 2398 instructus,
534 2330 624 2386 sancti
643 2330 814 2386 Freemundi
832 2331 870 2386 ad
887 2331 993 2385 heremi
1011 2329 1192 2386 solitudinem
1208 2330 1251 2384 fu-

99 2411 202 2483 gientis
220 2411 255 2467 de
272 2413 380 2482 palacio
392 2413 484 2468 socius
496 2413 666 2481 indiuiduus,
679 2431 830 2484 comesque
842 2413 903 2468 eius
922 2422 1022 2468 contra
1040 2413 1104 2468 fidei
1123 2401 1263 2468 inimicos'

99 2513 153 2566 pro
167 2493 270 2550 Christi
286 2495 341 2550 fide
353 2495 513 2552 dimicantis
526 2495 659 2565 effectus3
679 2496 737 2551 uite
749 2514 799 2551 sue
812 2496 988 2552 sanctitatem
1000 2515 1019 2551 a
1035 2496 1162 2567 primeua
1177 2506 1252 2551 etate

100 2595 265 2648 agnoscens,
278 2587 306 2633 et
318 2579 435 2634 martirii
448 2579 491 2635 sui
503 2579 623 2649 posteris
637 2579 831 2635 testimonium
844 2580 1051 2651 derelinquens,
1064 2580 1152 2634 vitam
1165 2579 1252 2650 ipsius
1267 2587 1298 2624 10

100 2661 243 2717 miraculis
256 2679 306 2732 per
320 2661 431 2732 singula
446 2661 581 2718 uirtutum
601 2679 687 2734 opera
705 2664 928 2732 choruscantem,
947 2675 974 2718 et
994 2663 1134 2733 passionis
1152 2664 1252 2719 eximie

100 2745 219 2815 gloriam
237 2763 289 2800 nec
308 2755 397 2801 morte
410 2744 522 2814 uictam,
535 2756 618 2817 prout
634 2745 691 2802 uidi
704 2755 732 2802 et
750 2745 844 2813 didici,
857 2755 885 2800 et
904 2745 969 2800 fidei
988 2746 1148 2800 testimonio
1166 2745 1252 2815 digna

101 2827 230 2898 cognoui,
251 2827 307 2883 lide
331 2829 416 2898 plena
438 2828 571 2884 relatione
595 2827 757 2898 conscripsi.
795 2828 907 2898 Quippe
932 2829 979 2898 qui
1006 2828 1110 2884 Christi
1137 2829 1167 2882 in
1193 2828 1251 2884 suis

102 2910 207 2967 sanctis
221 2909 361 2966 mirabilia
370 2910 511 2981 operantis
520 2911 688 2981 potenciam,
699 2921 727 2966 et
739 2908 888 2980 ma[r]tiris
903 2910 947 2965 sui
960 2911 1064 2980 egregii
1077 2910 1250 2966 Freemundi

103 2993 245 3062 miracula,
262 3011 312 3063 per
330 2995 431 3064 Anglie
449 3003 544 3064 partes
558 2994 775 3065 circumquaque
794 2993 906 3063 egrotis,
924 2993 1040 3062 claudis,
1059 2993 1141 3062 cecis,
1157 2993 1251 3062 aridis,
1267 3001 1297 3054 15

102 3076 291 3147 energuminis
311 3076 366 3132 fide
384 3076 543 3148 petentibus
565 3076 697 3146 exhibita,
719 3076 888 3131 infructuoso
907 3076 1024 3131 silencio
1042 3076 1176 3146 preterire
1194 3093 1251 3132 non

103 3159 187 3231 potui.
224 3160 300 3214 Noui
315 3158 391 3215 enim
406 3159 472 3232 quia
490 3161 566 3231 quod
583 3160 682 3216 dixerit
702 3158 838 3228 ue(ri)tas,
855 3160 933 3214 nulla
949 3160 1043 3215 delere
1061 3160 1162 3230 poterit
1178 3169 1249 3216 etas.

104 3244 195 3300 Credo
213 3242 296 3313 igitur
311 3244 446 3298 celestem
465 3244 626 3299 thesaurum
648 3243 677 3298 in
700 3253 775 3298 terra
797 3243 1003 3311 absconditum,
1022 3242 1072 3297 diu
1089 3245 1175 3298 latere
1194 3258 1252 3298 non

104 3343 194 3397 posse,
206 3343 290 3396 quem
302 3343 352 3397 pro
366 3326 489 3381 fidelium
501 3326 625 3394 utilitate,
639 3343 703 3380 curn
716 3325 769 3396 ipsi
782 3326 927 3396 placuerit,
941 3327 1122 3382 credentibus
1135 3327 1253 3382 uoluerit

105 3410 233 3466 reuelare.
271 3411 337 3464 Non
356 3409 430 3464 enirn
449 3418 540 3479 potest
558 3410 605 3464 lux
626 3410 654 3464 in
675 3409 798 3464 tenebris
821 3409 967 3476 abscondi,
986 3427 1050 3465 curn
1072 3427 1136 3465 eam
1154 3410 1299 3466 deceatne

105 3511 186 3564 super
198 3492 407 3560 candelabrum,
421 3502 450 3546 ut
463 3492 593 3548 omnibus
606 3493 652 3563 qui
666 3493 695 3547 in
712 3493 798 3547 domo
814 3502 880 3547 sunt
898 3495 996 3562 luceat,
1010 3493 1121 3550 eleuari.
1157 3495 1253 3549 Vitam

105 3593 170 3632 uero
180 3575 270 3630 sancti
281 3577 304 3630 F
306 3573 448 3630 reemundi
459 3575 607 3630 uirtutibus
617 3585 644 3630 et
658 3575 799 3630 miraculis
812 3578 933 3645 plenam,
944 3586 972 3631 et
984 3576 1073 3648 ipsius
1083 3577 1253 3648 passionem,

105 3678 155 3731 que
173 3658 321 3714 undecimo
339 3658 386 3714 die
405 3657 475 3712 Maii
493 3676 544 3729 pro
563 3657 667 3714 Christi
686 3658 800 3713 nomine
818 3661 959 3729 completa
976 3669 1027 3727 est,
1046 3659 1169 3715 veritatis
1189 3658 1253 3714 stilo

107 3743 277 3813 conscriptas
298 3759 360 3811 ego,
384 3741 432 3813 qui
457 3740 539 3795 morti
561 3741 620 3796 eius
642 3750 671 3796 et
695 3742 839 3812 sepulture
860 3757 975 3812 presens
1000 3741 1088 3807 extiti,
1108 3742 1137 3796 in
1160 3741 1253 3796 loculo

106 3825 234 3897 plumbeo
248 3825 330 3880 simul
347 3841 411 3879 cum
428 3841 544 3895 corpore
559 3823 622 3879 ideo
638 3823 767 3879 claudere
786 3823 870 3892 uolui,
884 3833 913 3878 ut
931 3823 954 3878 si
970 3824 1042 3878 forte
1056 3823 1124 3878 etati
1142 3834 1252 3893 postere
1267 3837 1297 3888 ²5

107 3909 198 3964 diuina
210 3908 301 3979 pietas
313 3907 433 3962 martiris
446 3907 488 3962 sui
501 3909 525 3962 F
526 3907 670 3963 reemundi
688 3906 859 3977 sepulturam
876 3906 993 3961 uoluerit
1007 3907 1138 3974 reuelare,
1152 3905 1251 3960 litteris

20 4041 21 4052 ,
108 3993 164 4049 istis
177 3991 298 4048 iuuentis
311 3991 339 4046 iu
353 3989 509 4047 sanctitatis
522 3989 691 4059 testimonio,
704 3990 741 4045 ab
756 3988 830 4043 illius
842 3988 926 4044 etatis
939 3988 1101 4044 hominibus
1113 3987 1252 4060 perlectis,

137 4143 145 4173 ¹
161 4142 215 4194 tls.
227 4142 296 4192 Trio.
309 4140 497 4202 Coll.·Dnblin,
508 4141 589 4191 where
606 4139 619 4189 1
636 4137 712 4190 found
730 4137 780 4187 thir
797 4135 881 4198 lile,is
898 4137 940 4187 the
957 4137 1017 4203 only
1033 4137 1088 4187 MS.
1104 4145 1144 4202 yet
1160 4137 1252 4187 known

22 4203 23 4214 ¹
109 4208 184 4286 which
198 4209 320 4286 contains¹
328 4207 369 4258 the
384 4206 506 4272 complete
521 4212 581 4284 text,
592 4205 659 4270 John
670 4204 700 4254 ol
709 4203 866 4266 Tynemouth
878 4204 927 4253 and
941 4203 995 4254 MS.
1008 4203 1098 4253 lansd.
1104 4201 1168 4318 43⁸6,
1180 4202 1198 4252 l.
1211 4217 1252 4266 32,

109 4275 194 4390 mre
197 4273 264 4389 effi
269 4273 447 4390 affiffigts
476 4273 542 4324 lam
553 4271 670 4321 indebted
681 4276 708 4320 to
718 4269 761 4319 the
772 4269 876 4320 Proroet
887 4269 937 4319 and
949 4267 1057 4319 Fellorrr
1067 4269 1096 4319 oi
1128 4267 1251 4321 nu.Coll.

140 4421 202 4462 vor.
215 4421 246 4460 11.
665 4411 717 4470 ty
