3044 4894
304 323 348 390 14
609 299 739 386 mma
765 294 955 400 herous
979 287 1135 398 domu.

298 496 1450 571 stirpeprogenitam3hocidemsentitAmbrosius,sicinquiensintracetera:

298 588 394 644 ‘bona
406 586 576 654 stabularia,
586 603 675 658 quam
684 585 822 644 Christus
835 587 872 642 de
882 595 1016 644 stercore
1028 585 1137 642 leuauit
1149 587 1186 642 ad
1201 587 1344 658 regnum!
1382 583 1452 657 Ego

297 691 370 730 vero
396 674 477 730 illam
499 691 689 747 nequaquam
720 674 890 730 existimem
916 672 1008 731 fuisse
1038 673 1239 740 stabulariam,
1263 673 1321 730 nisi
1345 671 1452 729 forsan

297 762 481 835 tropologice
500 761 649 834 loquendo
667 761 748 818 illius
764 761 895 818 imitator
906 769 988 818 esset
1005 761 1157 818 stabularii
1176 761 1222 818 cui
1242 761 1272 817 in
1291 759 1453 832 euangelio

270 848 506 918 5Samaritanus
530 849 578 906 ille
599 867 633 906 ac
655 849 790 906 omnium
812 847 954 906 dominus
977 849 1167 906 vulneratum
1192 848 1277 905 illum
1299 847 1350 921 qui
1370 848 1453 904 inter

299 937 491 994 Hierusalem
504 947 534 994 et
548 936 643 994 Ierico
650 936 754 993 incidit
763 936 794 992 in
805 937 945 1006 latrones,
954 935 1074 995 fidelius
1083 935 1202 994 tradidit
1215 935 1450 994 custodiendum

297 1033 387 1098 atque
406 1025 700 1082 curandum—talem
719 1039 849 1096 namque
866 1041 901 1082 se
920 1023 1013 1082 fuisse
1031 1024 1225 1081 stabulariam
1244 1023 1453 1097 indigentibus
1503 1049 1504 1068 r

297 1113 402 1169 sedule
420 1113 628 1182 ministrando,
642 1129 774 1184 sequens
788 1112 825 1170 ad
845 1112 969 1185 plenum
983 1129 1039 1168 nos
1051 1113 1169 1169 docebit
1187 1111 1319 1168 historia.
1357 1109 1449 1166 Illam

296 1200 422 1273 insuper
434 1209 464 1258 et
477 1200 650 1273 opinionem
662 1217 722 1274 qua
741 1199 824 1256 multi
843 1216 911 1256 eam
930 1199 1006 1256 clam
1026 1199 1152 1272 patriam
1165 1198 1280 1272 fugisse
1297 1198 1452 1256 affirmant

255 1303 286 1340 ιο
298 1305 332 1344 ac
358 1297 473 1360 raptam
497 1287 577 1361 apud
597 1287 726 1344 Romam
751 1287 789 1342 ab
810 1286 999 1359 imperatore,
1016 1295 1067 1344 aut
1088 1287 1187 1361 aliqua
1210 1286 1280 1344 talia
1298 1285 1451 1358 sompniis

298 1375 415 1445 similia,
428 1375 510 1444 mihi,
523 1385 554 1431 vt
566 1391 642 1443 rear,
655 1374 755 1430 minus
768 1374 897 1446 placent,
911 1391 978 1431 cum
996 1375 1063 1432 talis
1082 1374 1183 1447 opinio
1202 1391 1263 1430 non
1276 1383 1337 1430 tarn
1349 1373 1450 1446 ipsius
1503 1429 1504 1462 ,

297 1461 1449 1536 tamsanctefeminedenigraretfamam,quamipsumquoquenobilissimum
1503 1463 1504 1532 ζ

298 1549 527 1608 Constantinum
537 1549 672 1622 spurium
686 1567 721 1606 ac
733 1558 820 1606 extra
831 1550 983 1624 sponsalia
992 1551 1126 1622 genitum
1134 1549 1362 1622 comprobarem
1377 1565 1450 1606 cum
1503 1541 1504 1544 '

296 1647 398 1695 tamen
429 1637 529 1710 ipsum
561 1639 624 1694 iure
655 1637 835 1695 hereditario
865 1637 984 1694 culmen
1015 1637 1190 1695 ascendisse
1221 1634 1449 1710 imperatorium

255 1746 284 1798 15
298 1725 450 1782 neminem
469 1726 565 1782 lateat
603 1725 666 1782 Sed
685 1724 760 1797 ipsis
779 1725 879 1782 forsan
899 1726 950 1799 qui
962 1727 1020 1783 ista
1032 1725 1229 1798 scripserunt,
1241 1725 1310 1780 talia
1328 1725 1449 1796 placue-

299 1823 368 1870 runt
385 1813 455 1886 quia
473 1812 588 1886 potiora
606 1821 636 1870 et
649 1813 766 1870 veriora
785 1813 920 1870 inuenire
940 1813 1063 1870 minime
1081 1821 1252 1886 potuerunt.
1291 1811 1354 1868 Nos
1373 1829 1450 1868 vcro

297 1900 435 1973 antiquas
455 1901 645 1958 reuoluentes
666 1901 814 1971 historias,
826 1919 863 1958 ea
874 1918 933 1974 que
946 1901 1190 1958 conuenientiora
1207 1909 1277 1956 sunt
1290 1900 1449 1972 magisque

297 1989 453 2060 autentica,
475 1988 629 2059 (resecatis
654 1988 826 2062 superfluis)
849 1988 987 2062 potestati
1013 1988 1182 2047 obediendo
1206 1986 1236 2044 in
1261 1987 1449 2058 medium,vt
1503 2047 1504 2052 ,

298 2085 403 2150 postea
412 2076 533 2150 patebit,
544 2077 629 2134 salua
647 2076 771 2134 meliore
784 2077 845 2134 fide
857 2075 992 2149 proferre
1005 2077 1183 2134 curauimus.

597 2235 692 2306 les
710 2263 827 2304 sanem
847 2235 985 2304 Hauartn
1004 2265 1125 2304 assius.
1503 2311 1504 2328 ,

254 2361 284 2397 ²0
378 2351 473 2408 Elena
503 2350 692 2408 sanctissima
716 2351 837 2422 femina,
862 2351 1023 2408 christiane
1050 2351 1202 2424 religionis
1228 2348 1309 2408 basis
1334 2349 1449 2408 firmis·
1503 2371 1504 2376 ¹

413 2438 505 2509 sima3
532 2456 571 2495 ex
592 2438 698 2495 marito
717 2439 901 2512 imperatrix,
922 2457 961 2497 ex
981 2449 1066 2512 patre
1086 2439 1208 2512 regina3
1228 2437 1340 2495 Cloelis
1365 2439 1449 2510 regis

299 2525 455 2582 Britannie
467 2525 555 2582 vnica
568 2525 622 2582 fuit
634 2525 704 2582 filia.
741 2526 824 2583 Gens
838 2527 949 2600 quippe
962 2527 1134 2594 britannica,
1148 2527 1237 2600 longo
1251 2535 1388 2598 tempore
1403 2527 1450 2582 in·

298 2613 433 2671 numeris
444 2614 596 2670 erroribus
607 2613 758 2686 implicata
768 2631 802 2670 ac
815 2615 903 2672 idolis
913 2615 1051 2672 seruiens
1059 2615 1160 2672 surdis
1170 2624 1200 2670 ct
1208 2615 1307 2683 mutis,
1318 2623 1449 2670 tartaree

298 2701 437 2774 potestati
456 2701 575 2757 subdita
589 2702 679 2774 paulo
696 2711 766 2758 ante
785 2702 840 2759 hec
859 2712 1013 2776 tempora:
1033 2703 1071 2758 ad
1087 2719 1190 2759 veram
1209 2703 1330 2758 tandem
1351 2701 1450 2758 chris-
1503 2773 1504 2778 ἵ

255 2803 284 2854 ²5
297 2787 378 2846 tiane
394 2789 465 2844 fidei
487 2789 663 2862 religionem
683 2797 821 2863 tempore
842 2789 926 2848 Lucii
952 2789 1033 2864 regis
1057 2791 1114 2846 deo
1134 2797 1279 2862 operante
1300 2789 1451 2862 peruenit.
1503 2783 1504 2790 '

299 2876 348 2933 ¹ls
366 2876 513 2950 siquidem
529 2876 647 2947 Lucius,
665 2895 704 2934 ex
722 2887 808 2951 patre
821 2878 916 2935 Coillo
931 2878 1043 2952 optime
1062 2877 1171 2935 indolis
1183 2894 1267 2950 puer,
1281 2876 1311 2932 in
1325 2877 1451 2934 iuuenili

298 2973 376 3022 etate
388 2965 515 3021 senilem
528 2966 628 3021 animo
642 2965 784 3022 caniciem
798 2967 931 3023 moribus
944 2965 1122 3040 preferebat.
1159 2966 1217 3035 Qui
1227 2981 1296 3020 cum
1305 2963 1451 3021 defuncto

298 3061 383 3124 patre
396 3051 481 3126 regni
495 3052 665 3110 diademate
677 3052 836 3125 insignitus
849 3055 964 3124 fuisset,
973 3053 1087 3110 exitum
1101 3071 1189 3110 suum
1206 3051 1331 3125 preferri
1340 3051 1451 3110 volens

298 3139 455 3213 principio,
468 3157 486 3196 a
499 3140 606 3212 spiritu
619 3149 724 3197 sancto
734 3142 858 3198 edoctus
867 3141 1010 3214 epistolas
1022 3139 1196 3198 Eleutherio
1204 3157 1282 3213 pape
1296 3137 1453 3196 humiliter

254 3247 285 3294 ³0
298 3227 416 3297 direxit,
441 3238 550 3301 petens
569 3237 600 3284 vt
631 3227 668 3285 ab
699 3245 736 3285 eo
762 3229 853 3286 fidem
878 3227 1073 3285 christianam
1105 3227 1239 3300 recipere
1269 3237 1452 3284 mereretur.

300 3315 411 3372 Beatus
435 3333 507 3388 ergo
527 3315 662 3388 pontifex
688 3315 747 3386 ille,
775 3325 929 3390 comperta
948 3316 1015 3373 eius
1033 3316 1165 3371 maxima
1182 3314 1351 3383 deuotione,
1371 3315 1451 3372 duos
1503 3317 1504 3382 l

299 3403 540 3476 religiosissimos
564 3402 653 3474 viros,
675 3403 836 3476 fugacium
856 3403 997 3460 videlicet
1021 3411 1051 3460 et
1074 3402 1280 3471 Damianum¹,
1300 3403 1337 3458 ad
1363 3401 1450 3460 illurn
1503 3417 1504 3464 i

299 3490 398 3548 misit:
417 3489 469 3564 qui
485 3509 557 3548 mox
568 3491 651 3549 verbi
664 3492 712 3548 dei
731 3490 991 3563 incamatione[m]
1005 3489 1121 3547 dulcius
1134 3489 1333 3563 predicantes,
1346 3489 1449 3561 ipsum

298 3595 384 3635 sacro
397 3579 575 3651 baptismate
587 3578 747 3636 abluerunt
759 3588 789 3635 ct
802 3581 839 3635 ad
853 3579 1007 3636 Christum
1020 3587 1242 3635 conuerterunt.
1281 3576 1343 3632 Nec
1364 3595 1452 3636 mora
1503 3575 1504 3642 ἶ

254 3684 284 3736 35
299 3675 512 3724 concurrentes
534 3665 666 3739 vndique
690 3666 780 3724 totius
805 3666 934 3724 nationis
953 3666 1055 3739 populi
1073 3665 1153 3739 regis
1171 3664 1344 3737 exemplum
1366 3664 1451 3726 inse·
1503 3695 1504 3704 ἱ

298 3763 436 3828 quantur,
458 3755 626 3828 eodemque
646 3754 769 3810 salutari
789 3753 928 3810 lauachro
948 3754 1091 3824 mundati,
1114 3752 1218 3810 celesti
1244 3769 1337 3825 regno
1363 3756 1452 3812 resti·

298 3853 437 3912 tuuntur;
457 3843 678 3915 destructisque
695 3842 826 3914 vndique
843 3841 965 3915 templis
978 3841 1195 3911 demoniorum,
1210 3849 1240 3898 et
1258 3855 1363 3897 eorum
1381 3840 1452 3900 loco
1503 3827 1504 3900 l

299 3928 550 4002 ecclesiisvbique
558 3929 900 4003 erectis⁸ditissimeque
908 3929 1024 3998 dotatis,
1034 3929 1064 3986 in
1073 3938 1134 3986 toto
1142 3946 1236 4001 regno
1244 3929 1320 3984 fides
1328 3927 1453 4000 vigebat

299 4017 450 4074 catholica.
488 4016 558 4090 Ipso
571 4017 701 4089 denique
711 4035 783 4090 rege
797 4017 888 4074 Lucio
901 4019 932 4074 in
941 4017 1001 4074 fide
1014 4017 1158 4074 catholica
1165 4015 1290 4073 feliciter
1297 4014 1452 4088 defuncto,

253 4123 285 4172 40
298 4113 400 4162 tamen
420 4105 486 4162 sine
505 4105 608 4162 sobole
626 4122 686 4179 quc
704 4105 762 4161 sibi
781 4107 963 4174 succederet,
976 4105 1054 4162 illico
1072 4113 1140 4178 post
1160 4103 1224 4161 eius
1243 4111 1371 4159 mortem
1387 4105 1454 4164 dis·

299 4193 408 4250 sidium
421 4203 519 4251 ortum
532 4202 579 4250 est
590 4192 669 4251 inter
678 4192 834 4264 Britones;
848 4193 949 4251 multis
962 4192 1092 4267 denique
1100 4193 1130 4250 vi
1143 4207 1270 4266 regnum
1279 4191 1353 4247 illud
1362 4189 1452 4251 inua-

331 4305 340 4335 ¹
359 4306 399 4355 Ex
411 4305 489 4357 Galfr.
504 4306 709 4372 hfonm.lV.19;
723 4307 763 4371 V.,
770 4307 835 4357 with
847 4308 986 4359 additions.
1053 4307 1063 4337 ¹
1079 4305 1112 4358 G.
1125 4307 1158 4356 u.
1172 4305 1302 4370 Fagaaum
1314 4311 1342 4355 et
1354 4305 1452 4358 Duvia·

296 4385 366 4424 num.
465 4372 621 4424 ’aeratis
