3008 4904
417 294 493 387 Ut
518 291 681 382 &811ssss
707 292 938 382 lDssmllttUss.
1178 317 1249 388 239

98 500 244 556 docerem
256 495 382 564 velletis,
391 496 477 554 vobis
489 496 635 570 prodesse
649 499 768 569 posset.¹
804 495 860 553 Cui
874 513 929 553 rex
941 495 1000 552 ait:
1020 495 1070 553 ‘Si
1082 497 1167 552 vxori
1181 511 1249 551 mee

99 597 130 643 et
151 587 212 642 filio
233 585 333 658 possis
352 583 488 641 conferre
509 583 647 655 salutem,
666 603 734 640 mee
754 583 868 640 telluris
890 585 1075 656 episcopum,
1095 583 1142 639 vel
1167 592 1249 639 certe

98 673 277 748 participem
296 674 464 730 medietatis
483 673 567 744 regni
588 672 647 728 mei
666 681 696 728 te
714 674 910 728 constituam!
948 671 1003 728 Cui
1022 672 1179 728 sacerdos:
1200 671 1250 726 ‘Si

98 763 138 818 ad
158 771 293 817 sanctam
306 760 493 817 Osmannam
508 759 656 832 virginem
675 777 742 815 curn
761 777 855 815 vxore
873 768 902 815 et
923 759 984 814 filio
1003 760 1146 816 accedere
1165 758 1249 828 velis,

98 850 168 922 ipsa
189 848 347 915 mediante,
369 847 505 904 restituta
522 847 639 920 vtrique
663 847 788 920 pristina
814 848 940 903 sanitate
964 847 1124 919 gaudebis!
1163 845 1278 918 Reges

97 940 200 1010 itaque
213 954 281 993 cum
293 954 388 992 vxore
399 944 428 992 et
445 935 505 992 filio
522 944 551 992 et
569 935 662 991 multo
676 935 816 991 comitatu
832 935 870 991 ad
888 935 986 990 locum
999 933 1122 1006 virginis
1139 951 1249 1007 prope-

98 1035 195 1094 rante,
204 1033 233 1081 et
246 1041 311 1079 eam
325 1023 480 1091 salutante,
488 1022 573 1095 virgo
587 1031 689 1078 sancta
702 1023 794 1079 dixit:
816 1021 911 1092 ‘Quid
923 1021 1082 1094 queritisi'
1114 1021 1250 1094 Cumque

97 1113 143 1169 illi
166 1111 314 1169 dixissent
333 1111 414 1182 quod
437 1111 509 1166 nihil
535 1109 614 1166 aliud
634 1127 725 1182 quam
746 1110 871 1166 salutem
893 1127 998 1166 eorum
1020 1125 1096 1181 quos
1118 1108 1250 1181 torqueri

97 1201 222 1257 videbat
232 1206 400 1271 quererent,
410 1197 567 1255 confestim
580 1198 636 1253 hoc
651 1198 729 1255 dicto
743 1197 877 1254 restituta
890 1205 937 1253 est
950 1197 1063 1252 sanitas
1073 1205 1133 1252 tam
1146 1196 1250 1269 regine

98 1305 191 1360 quam
206 1286 276 1342 filio.
315 1285 383 1344 Hiis
402 1294 502 1342 autem
520 1294 550 1341 et
569 1285 634 1342 aliis
652 1285 772 1342 multis¹
786 1285 970 1341 choruscans
990 1283 1149 1352 miraculis,
1163 1284 1250 1340 beata
1265 1293 1297 1330 10

97 1378 185 1448 virgo
202 1373 357 1430 Osmanna
375 1375 496 1430 tandem
515 1373 639 1430 feliciter
657 1373 796 1447 migrauit
814 1375 852 1430 ad
871 1372 1034 1442 Christum,
1054 1371 1158 1444 quinto
1178 1371 1250 1428 Idus

97 1462 291 1537 septembris.

584 1597 767 1658 lem

134 1710 215 1778 ²Vir
233 1721 346 1778 domini
367 1721 514 1789 Eutices⁸,
533 1729 565 1778 vt
585 1719 624 1776 ait
643 1719 829 1790 Vincentius,
852 1721 980 1776 decurso
1000 1719 1060 1778 vite
1081 1737 1136 1777 sue
1155 1720 1251 1777 stadio

99 1810 364 1867 circumstantibus
379 1808 520 1865 fratribus
536 1808 636 1864 emisit
653 1808 800 1880 spiritum.
838 1807 875 1864 Et
888 1825 955 1864 cum
968 1809 1006 1864 ab
1018 1807 1083 1864 eius
1097 1808 1251 1881 discipulis

98 1897 230 1970 exequie
242 1905 427 1970 pararentur,
437 1897 525 1952 viuus
537 1895 658 1966 resedit,
667 1896 790 1952 dicens:
811 1894 893 1951 ‘Deo
906 1895 1026 1968 gratias.
1057 1895 1165 1952 Sciatis
1181 1895 1250 1967 quia
1265 1915 1295 1966 15

97 1986 129 2041 in
150 1985 210 2041 hiis
228 1986 424 2056 quadraginta
441 1983 529 2040 annis
542 2001 634 2040 vnum
647 1992 762 2039 tanturn
774 1983 856 2038 diem
869 2000 929 2038 non
947 1981 1071 2039 memini
1089 2000 1137 2039 me
1150 1983 1250 2040 cibum

98 2073 272 2144 sumpsisse
292 2071 351 2128 nisi
369 2071 454 2144 prius
472 2071 635 2128 fleuissem.
674 2069 774 2127 Hodie
791 2079 892 2126 autem
911 2069 1027 2126 sublato
1045 2087 1164 2127 merore
1181 2089 1250 2126 con·

98 2161 216 2217 solatus
234 2168 281 2216 est
299 2177 348 2216 me
366 2161 451 2228 deus,
465 2167 494 2214 et
513 2158 592 2215 inter
610 2159 720 2214 choros
738 2157 914 2230 angelorum
927 2157 1030 2213 tribuit
1047 2156 1120 2213 mihi
1133 2158 1251 2230 requie·

96 2247 191 2305 tionis
211 2247 326 2304 locum!
363 2246 400 2302 Et
419 2246 475 2303 hec
493 2246 598 2303 dicens
616 2245 647 2302 in
666 2263 740 2318 pace
760 2244 915 2317 requieuit.
986 2233 1150 2319 *Quadam
1165 2255 1251 2302 nocte

97 2343 321 2406 compastores
336 2351 481 2406 equorum
495 2333 611 2390 Odonis
630 2334 746 2389 abbatis
765 2332 964 2388 cluniacensis
976 2332 1207 2402 obdormissent,
1221 2342 1251 2389 et
1266 2350 1298 2385 20

97 2423 194 2480 irater
210 2421 332 2494 quidam
351 2419 480 2494 peruigil
498 2420 529 2476 in
548 2422 683 2477 oratione
702 2420 888 2492 persisteret,
901 2419 949 2476 fur
968 2419 1059 2489 affuit,
1073 2429 1251 2493 raptumque

97 2527 212 2583 equum
224 2509 360 2565 ascendit
372 2517 402 2564 et
415 2507 505 2581 sugit3
526 2507 679 2581 predictus
692 2525 764 2564 vero
778 2507 870 2563 frater
882 2506 985 2563 maluit
998 2525 1109 2580 equum
1122 2509 1251 2580 perdere

97 2615 192 2672 quam
205 2595 357 2653 silentium
371 2613 522 2669 rumpere.
555 2595 644 2652 Facto
657 2604 758 2651 autem
771 2612 861 2652 mane
870 2594 1009 2652 viderunt
1022 2595 1140 2652 eminus
1153 2595 1251 2652 furem

96 2703 160 2742 vno
181 2685 211 2740 in
232 2684 297 2740 loco
322 2683 448 2740 affixum
471 2699 565 2756 super
582 2700 694 2755 equum
715 2683 830 2739 sedere.
867 2682 966 2752 Quem
986 2683 1251 2755 apprehendentes

98 2781 250 2846 pastores,
274 2771 407 2828 vinctum
432 2770 510 2845 patri
536 2770 635 2827 Odoni
661 2769 825 2827 miserunt:
855 2771 905 2843 qui
930 2769 958 2826 ei
983 2769 1116 2843 quinque
1140 2771 1251 2826 solidos
1266 2785 1296 2835 ²5

99 2869 262 2932 argenteos
286 2857 350 2914 dari
374 2858 519 2932 precepit,
540 2858 645 2915 dicens
670 2857 813 2914 iniustum
838 2874 907 2915 esse
933 2875 1002 2914 eum
1024 2859 1138 2930 absque
1160 2857 1252 2930 digna

100 2948 243 3004 mercede
262 2945 420 3016 dimittere,
435 2963 472 3002 eo
490 2945 570 3017 quod
589 2962 645 3018 per
663 2945 753 3001 totius
771 2946 867 3002 noctis
885 2945 1021 3018 spacium
1040 2946 1167 3002 multum
1187 2962 1252 3001 sus·

100 3035 241 3096 tinuisset
254 3034 395 3091 laborem.

244 3235 270 3296 ll
290 3221 344 3291 Dr
362 3250 479 3291 sxncro
498 3220 659 3292 Osnuxno
678 3248 820 3289 rrrscoro
839 3249 877 3288 rr
894 3249 1086 3290 consessore
1094 3231 1113 3290 ⁸.

284 3347 309 3408 ll
327 3344 365 3402 In
383 3347 647 3403 commemoratione
667 3347 761 3402 sancti
778 3344 925 3402 Osmundi
939 3343 1032 3402 Lectio
1048 3343 1074 3402 I.

163 3459 460 3517 Ommemorantibus
468 3459 554 3514 nobis
566 3457 670 3515 sedula
678 3457 878 3530 deuotion[e]⁶
891 3457 998 3514 merita
1008 3456 1172 3514 beatissimi
1182 3475 1252 3514 con-

200 3547 323 3604 fessoris
345 3545 504 3614 Osmundi,
524 3545 615 3603 libeat
635 3554 718 3602 tante
740 3545 904 3602 sanctitatis
927 3562 1064 3602 normam
1085 3563 1125 3603 ex
1147 3546 1251 3602 ordine
1267 3569 1299 3618 30

101 3636 309 3708 contemplari,
322 3643 354 3691 vt
373 3634 493 3708 pariter,
510 3635 632 3690 domino
651 3643 812 3704 annuente,
831 3633 969 3691 collibeat
988 3651 1089 3690 mores
1107 3651 1141 3690 ac
1160 3633 1252 3691 vitam

101 3725 199 3799 ipsius
211 3741 266 3797 pro
284 3724 395 3779 nostris
409 3722 523 3778 viribus
541 3721 658 3778 imitari.
700 3721 901 3794 Proponimus
918 3721 1007 3794 igitur
1024 3720 1076 3778 tibi
1092 3721 1224 3794 primum
1232 3722 1252 3791 ⁷,

101 3832 120 3870 o
140 3811 326 3868 nobilissima
344 3810 462 3867 indoles
480 3810 633 3879 iuuenum,
647 3809 678 3865 in
696 3809 846 3866 Osmundi
865 3809 960 3866 nostri
978 3807 1119 3882 auspiciis
1138 3809 1252 3866 ducens

101 3913 132 3958 te
142 3899 153 3932 ⁸
164 3898 365 3956 adolescentie
382 3907 432 3956 tue
450 3898 523 3955 felix
536 3915 570 3955 ac
583 3897 760 3970 expeditum
776 3897 970 3953 itinerarium.
1006 3896 1087 3953 Audi
1099 3914 1171 3970 ergo
1183 3913 1252 3953 cum

135 4025 366 4078 ¹E.mnltisaliis.
446 4025 674 4076 ²Cs.Vinc.Bell.
689 4025 790 4074 XXlll.
802 4039 843 4088 59.
926 4025 983 4076 ⁸13.
996 4025 1101 4074 eutices.
1185 4023 1253 4073 'Ex

100 4095 169 4144 Viuc
187 4093 252 4142 Bell.
262 4092 377 4142 XXllll.
386 4093 425 4142 ⁶0.
491 4091 575 4140 ⁸This
588 4091 681 4152 legend
688 4107 738 4140 om.
748 4091 775 4139 in
787 4090 816 4139 T.
826 4107 833 4150 ς
849 4105 920 4140 same
931 4097 988 4140 text
997 4092 1024 4140 in
1034 4089 1147 4138 Breviar.
1156 4089 1252 4139 Sarisb.

101 4161 145 4210 ed.
161 4158 268 4208 Procter
278 4165 306 4206 et
318 4157 509 4216 Wordsworth,
526 4157 626 4207 Cambr.
646 4157 750 4216 1882-6,
764 4155 836 4208 fasc.
855 4157 902 4206 111.
917 4171 960 4218 pp.
973 4169 1096 4220 471-495.
1130 4155 1186 4205 The
1197 4155 1253 4205 iirst

100 4227 178 4276 three
194 4224 294 4273 lessons
305 4239 349 4272 are
361 4223 481 4274 reserved
493 4223 534 4271 ior
550 4223 579 4271 ln
596 4222 849 4272 Commemoratione
864 4222 891 4272 S.
904 4221 1032 4271 Osmundi
1044 4225 1080 4284 (p.
1093 4221 1163 4286 486).
1195 4221 1254 4271 The

102 4291 130 4344 H
138 4307 194 4340 rurs
206 4297 298 4352 except
310 4289 439 4339 Nocturns
447 4304 492 4337 are
504 4288 618 4338 omitted.
653 4287 711 4336 The
719 4295 774 4337 text
785 4288 807 4336 is
819 4288 876 4336 that
887 4287 917 4336 oi
926 4287 1043 4337 Portitor.
1057 4301 1128 4348 1519.
1196 4285 1206 4316 ⁸
1223 4286 1252 4337 E

101 4357 262 4408 deuocionis.
345 4352 354 4384 '
372 4355 424 4404 SR.
436 4353 598 4418 principium.
680 4351 691 4382 ¹
707 4353 737 4404 E.
748 4354 877 4416 ducente,
896 4353 947 4403 ΞΒ.
960 4354 1057 4404 ducens
1068 4361 1095 4402 te
1107 4354 1146 4402 ud
