3042 4884
313 292 382 382 ¹7⁶
620 291 752 379 ssfllid
777 288 967 394 [inmun
991 289 1143 396 irata

309 487 442 559 expetiit.
478 487 518 547 Vt
542 500 641 549 autem
663 500 808 565 paternus
832 509 976 550 assensus
1002 493 1058 552 sibi
1082 493 1218 564 innotuit,
1237 493 1275 550 ad
1297 490 1459 550 eeclesiam

309 574 408 632 statim
427 577 613 651 confugiens
632 579 808 653 virginitatis
827 581 1014 655 propositum
1033 583 1112 655 quod
1135 590 1236 638 mente
1257 582 1431 638 firmauerat
1442 581 1459 647 ¹,

308 661 468 722 deuotione
486 676 549 722 tota
566 667 689 724 domino
708 669 944 726 commendauit:
964 679 994 726 et
1012 679 1158 726 nocturna
1174 671 1296 727 tandem
1313 668 1460 742 captans*

309 749 435 822 silentia,
448 753 657 812 comitantibus
670 771 737 812 eam
750 756 875 826 duobus,
888 757 1043 813 dumtaxat
1055 756 1100 813 sui
1113 757 1220 814 secreti
1233 757 1369 826 consciis,
1383 775 1459 813 sene

279 835 447 904 suidelicet
467 839 634 898 Barbencio
658 843 790 913 nomine,
812 843 1030 918 Rosebeaque³
1048 841 1238 918 pedissequa,
1255 844 1307 917 qui
1331 847 1369 902 ad
1391 845 1458 901 eius

308 927 485 999 obsequium
498 927 614 986 fuerant
626 931 769 1003 deputati,
782 939 874 987 totam
888 932 1064 989 transcurrit
1076 932 1214 1001 insulam,
1228 942 1257 989 et
1274 949 1358 988 mare
1373 933 1457 1005 galli-

308 1031 376 1071 cum
398 1015 557 1086 transiens,
578 1017 676 1074 locum
701 1027 805 1092 aptum
827 1018 857 1074 in
879 1036 939 1092 quo
960 1028 1127 1076 moraretur
1145 1019 1281 1092 quesiuit
1319 1020 1458 1092 Cumque

308 1104 430 1160 tandem
455 1105 492 1160 ad
514 1103 641 1161 Ysaram
668 1105 793 1163 fluuium
818 1105 850 1162 in
875 1124 952 1180 pago
978 1106 1155 1164 Beluacensi
1179 1107 1402 1180 peruenissent,
1427 1116 1458 1164 et

307 1189 417 1261 ipsum,
436 1200 467 1248 vt
489 1191 591 1262 lemur,
610 1193 712 1250 diuina
730 1193 840 1251 virtute
860 1194 974 1266 absque
993 1193 1112 1268 nauigio
1130 1203 1377 1264 transmeassent,
1396 1195 1458 1252 illic

266 1295 296 1334 ιο
308 1277 392 1351 virgo
407 1288 511 1336 sancta
522 1288 591 1352 post
607 1289 688 1338 tanta
700 1290 846 1338 terrarum
863 1281 1014 1354 marisque
1031 1282 1133 1355 spacia
1144 1291 1286 1356 tanquam
1297 1299 1406 1355 passer
1418 1285 1457 1340 de

308 1365 415 1438 laqueo
432 1366 604 1424 venantium
623 1379 735 1442 erepta,
753 1369 784 1425 in
804 1369 868 1426 loco
887 1371 938 1442 qui
958 1369 1088 1426 Pontus⁴
1104 1369 1212 1426 dicitur
1229 1388 1297 1427 cum
1316 1370 1380 1427 suis
1399 1372 1457 1427 deo

308 1453 424 1510 seruire
439 1453 525 1527 cepit,
538 1464 568 1510 et
584 1455 764 1528 incognitam
781 1474 815 1514 se
831 1455 964 1513 ibidem⁸
976 1457 1068 1514 latere
1085 1457 1218 1514 credidit.
1256 1458 1340 1516 Illius
1352 1469 1456 1514 tamen

308 1540 435 1598 stimulis
450 1541 501 1614 qui
517 1552 623 1599 cuncta
640 1543 827 1616 perlustrans
843 1553 984 1617 tanquam
1002 1545 1050 1600 leo
1067 1545 1190 1618 rugiens
1205 1545 1307 1603 circuit
1323 1563 1458 1619 querens

309 1645 399 1701 quem
417 1631 542 1686 deuoret
563 1629 721 1704 instigatus
744 1632 877 1704 prelatus
898 1631 1077 1700 Maxentius,
1096 1642 1277 1706 congregata
1294 1634 1456 1691 satellitum

266 1731 295 1782 ¹5
309 1717 404 1786 turba,
422 1725 528 1790 portus
546 1717 679 1775 marinos
697 1721 773 1776 adeo
791 1719 992 1791 perlustrauit,
1012 1721 1108 1776 donec
1129 1737 1197 1776 eam
1218 1721 1364 1779 transisse
1387 1741 1457 1795 cog·

308 1803 410 1861 nouit:
437 1813 467 1860 et
486 1804 556 1878 quia
573 1806 624 1862 lux
644 1807 674 1862 in
693 1806 825 1862 tenebris
842 1807 931 1863 celari
951 1825 1011 1862 non
1029 1815 1156 1880 poterat,
1169 1809 1313 1866 deductus
1331 1810 1456 1867 demum

309 1893 347 1948 ad
362 1892 458 1948 locum
471 1893 521 1966 qui
532 1893 641 1966 virgini
653 1895 798 1968 prebebat
810 1894 980 1967 hospitium,
989 1894 1073 1951 facile
1083 1896 1163 1968 quod
1176 1897 1319 1969 querebat
1331 1896 1458 1954 inuenit.

309 1979 407 2049 Quam
419 1997 590 2053 aggressus,
605 1981 722 2038 blandis
738 1980 780 2040 vti
797 1981 876 2054 cepit
893 1981 1038 2054 alloquiis,
1051 1982 1076 2038 si
1089 1999 1149 2055 quo
1163 1984 1252 2041 modo
1269 1993 1373 2056 posset
1390 1987 1458 2044 eius

308 2069 496 2140 propositum
521 2069 672 2129 infirmare
694 2077 724 2126 et
748 2086 930 2126 consensum
955 2068 1043 2133 illius,
1065 2070 1175 2127 multas
1197 2071 1253 2127 sibi
1274 2073 1458 2144 promittens

265 2173 297 2210 ao
310 2155 438 2226 diuitias,
459 2155 611 2214 inclinare.
655 2156 717 2214 Sed
742 2173 810 2212 cum
835 2157 886 2212 illa
909 2167 971 2214 tam
996 2157 1197 2214 blandientem
1222 2177 1312 2232 quam
1337 2161 1459 2218 diuitias

309 2243 533 2316 promittentem
556 2261 635 2316 eque
656 2253 822 2316 respueret,
842 2243 1015 2316 contempni
1041 2261 1075 2302 se
1094 2246 1202 2302 videns
1225 2245 1405 2317 Maxentius,
1426 2258 1457 2306 et

308 2347 364 2403 pre
382 2330 427 2386 ira
443 2333 503 2387 iam
522 2331 656 2405 seipsum
677 2349 737 2387 non
755 2331 888 2404 capiens,
906 2333 1054 2389 aduersus
1072 2333 1120 2390 dei
1140 2333 1265 2392 famulos
1283 2336 1459 2405 concitatus,

309 2418 384 2475 mori
403 2419 492 2492 elegit
511 2419 568 2476 nisi
588 2419 724 2491 protinus
742 2418 917 2476 vindicetur.
957 2418 1069 2476 Iniecta
1086 2419 1184 2494 itaque
1203 2439 1294 2479 manu
1312 2424 1458 2496 pestifera

309 2505 434 2579 virginis
456 2507 556 2564 crines
577 2507 712 2580 arripuit,
732 2506 870 2579 flexaque
892 2506 1018 2574 ceruice,
1037 2507 1168 2580 gladium
1186 2508 1309 2566 vibrans
1327 2523 1418 2584 caput
1440 2529 1458 2568 a

265 2614 295 2663 ²5
310 2611 436 2667 corpore
455 2594 613 2668 separauit.
649 2594 850 2650 Trucidautur
862 2594 972 2651 deinde
989 2593 1068 2650 ierro
1081 2595 1146 2652 eius
1160 2595 1346 2655 Barbencius
1363 2609 1456 2673 atque

310 2681 460 2752 Rosebia;
473 2683 636 2739 reddentes
644 2690 725 2739 terre
734 2699 867 2753 corpora,
876 2681 947 2738 celis
957 2681 1073 2739 animas
1083 2682 1258 2741 inserebant.
1281 2685 1458 2745 Recedente

308 2778 410 2826 autem
428 2771 566 2826 ministro
585 2770 718 2839 sathane,
733 2785 842 2841 corpus
861 2785 946 2826 sacre
961 2769 1093 2843 virginis,
1106 2781 1194 2844 prout
1213 2789 1231 2828 a
1249 2772 1390 2831 fidelibus
1407 2777 1457 2848 qui

310 2857 366 2914 hoc
385 2875 402 2914 a
420 2858 483 2914 suis
502 2857 636 2930 patribus
654 2858 749 2914 relatu
767 2856 847 2913 fideli
864 2867 1054 2930 acceperunt,
1068 2859 1238 2932 [narratur],
1253 2876 1271 2916 a
1288 2869 1370 2917 terra
1387 2881 1459 2919 con-

309 2962 438 3018 surgens
457 2955 545 3019 caput
563 2945 718 3018 proprium
737 2945 769 3001 in
787 2945 925 3002 manibus
947 2946 1077 3019 sumpsit
1097 2955 1128 3006 et
1149 2964 1167 3004 a
1189 2948 1254 3004 loco
1272 2949 1399 3006 martirii
1421 2952 1458 3008 ad

263 3053 297 3104 30
309 3050 378 3090 eum
394 3033 424 3089 in
438 3051 497 3106 quo
510 3050 590 3091 nunc
602 3033 650 3090 dei
667 3033 817 3090 voluntate
835 3031 960 3105 quiescit
975 3034 1116 3105 pendulis
1133 3035 1262 3092 brachiis
1278 3038 1459 3110 deportauit.

311 3120 372 3177 lllic
403 3138 476 3178 sane
501 3121 692 3194 postmodum
716 3120 853 3178 edificata
879 3130 925 3177 est
956 3120 1084 3191 basilica,
1109 3124 1139 3180 in
1165 3141 1224 3196 qua
1250 3124 1365 3182 meritis
1394 3127 1460 3184 eius

309 3208 401 3265 multa
414 3209 554 3265 miracula
567 3209 707 3280 leguntur
719 3217 856 3265 ostensa:
879 3207 956 3264 Nam
968 3217 998 3264 et
1011 3209 1072 3266 ceci
1085 3209 1196 3266 ibidem
1209 3219 1278 3267 sunt
1290 3211 1459 3284 illuminati,

309 3295 420 3368 leprosi
438 3295 580 3362 mundati,
600 3297 746 3353 demones
771 3297 808 3352 ab
833 3295 967 3352 obsessis
991 3296 1168 3368 corporibus
1193 3297 1321 3370 effugati,
1348 3303 1459 3359 mortui

309 3383 483 3440 resuscitati.
521 3381 610 3439 Hunc
628 3384 716 3440 etiam
735 3383 833 3439 locum
847 3383 972 3440 Carolus
989 3383 1040 3455 qui
1055 3393 1127 3441 tunc
1141 3385 1287 3458 temporis
1304 3391 1460 3460 regnabat,

263 3490 294 3541 35
309 3471 435 3526 multum
449 3469 557 3543 legitur
569 3469 721 3539 dilexisse,
734 3469 910 3543 magnisque
923 3469 1097 3530 muneribus
1111 3471 1274 3530 honorasse
1282 3471 1300 3529 ⁸.

397 3693 419 3750 ii
442 3680 496 3750 Da
515 3709 631 3749 sancro
652 3680 798 3749 Manno
816 3693 1075 3751 Ancmsrrscoro⁷
1095 3711 1132 3751 er
1150 3697 1369 3754 conrassoaal.

369 3831 426 3888 Vm
452 3839 551 3888 autem
576 3839 698 3887 sanctus
722 3830 910 3903 Augustinus
938 3849 1042 3904 regem
1069 3831 1277 3891 Ethelbertum
1300 3837 1338 3891 ad
1365 3837 1459 3895 tidem

404 3919 609 3986 conuenisset,
629 3917 710 3975 misit
733 3919 862 3976 Romam
883 3919 1076 3977 Laurentium
1097 3929 1127 3976 et
1146 3920 1278 3989 Petrum,
1295 3923 1348 3995 qui
1370 3925 1460 3981 beato

309 4007 441 4082 pontifici
458 4005 603 4080 Gregorio
621 4014 743 4078 gentem
756 4006 925 4079 Anglorum
945 4007 1036 4064 fidem
1050 4007 1160 4066 Christi
1179 4012 1361 4082 suscepisse,
1376 4021 1408 4070 et
1426 4031 1459 4071 se

343 4224 387 4274 ¹r.
399 4225 560 4275 formauerat.
627 4223 839 4286 ¹13.captiuans¹
905 4223 961 4274 ⁸T.
975 4225 1098 4278 Rosebia.
1164 4225 1325 4288 ‘T.pontis
1401 4229 1459 4280 ⁸T.

309 4289 403 4339 ibidem
415 4307 452 4342 se.
535 4289 755 4340 ‘Ehonerasse
838 4288 1038 4355 'T.episcopo.
1120 4291 1208 4342 'Abn
1220 4293 1285 4342 [rom
1296 4294 1342 4344 the
1353 4293 1413 4346 Vita
1424 4297 1459 4360 by

309 4355 430 4406 Goscelin
442 4357 468 4405 in
482 4357 537 4406 tls.
549 4356 629 4419 Vesp.
643 4357 673 4407 B.
686 4356 763 4416 xit.;
780 4356 811 4406 cf.
825 4357 897 4406 Beda
909 4357 928 4408 1.
942 4373 982 4421 ⁹9·
