3012 4898
64 341 127 394 ns.
140 341 210 410 ns]
379 325 455 418 Dc
477 321 698 427 penitentia
723 319 918 411 bubuli
1147 341 1219 417 305

64 528 304 592 impregnabsntur
313 545 377 580 uero
388 545 481 580 omnes
491 532 577 581 anime
589 539 641 582 tem
651 531 764 581 uirorum
776 545 852 594 quam
865 527 1008 592 mulierum,
1020 542 1070 590 que
1081 524 1222 576 descende·

63 606 133 656 bant
157 607 184 656 in
206 615 334 670 stagnum,
353 615 380 659 et
402 609 449 659 ita*
472 610 579 672 grauide
601 610 808 674 prestolabantur
826 616 929 672 tempus
952 609 984 657 ad
1004 613 1114 670 partum.
1150 605 1222 654 Intus

63 693 159 734 autem
176 687 360 736 mordebantur
382 687 408 736 in
431 688 574 738 uisceribus
591 704 663 738 more
679 689 798 751 uiperino
817 687 855 754 [s]
874 687 946 750 prole
969 694 1104 746 concepte,
1133 684 1222 744 sicque

64 761 304 829 [uegeta]bantur’
314 765 408 814 misere
420 765 446 814 in
458 767 528 816 unda
540 767 632 829 frigide
642 768 735 816 mortui
752 767 830 816 maris
847 766 928 829 glacie
945 772 1071 815 concreta.
1105 762 1223 824 Cumque

63 849 175 904 tempus
195 851 265 892 esset
283 851 312 894 ut
330 851 460 907 parerent,
478 846 618 895 clamantes
636 845 771 909 replebant
788 845 885 894 interos
903 843 1050 904 ululatibus,
1068 843 1149 892 etsie
1168 845 1250 899 ser-5

64 927 167 981 pentes
178 921 318 984 pariebant.
355 922 492 974 Per-iebant
508 932 593 974 autem
610 941 665 974 non
680 926 764 974 solum
781 925 885 980 semine,
902 930 943 973 set
959 922 1041 972 eciam
1058 921 1115 984 uiri,
1129 927 1156 969 et
1172 921 1223 970 hoc

63 1013 124 1046 non
144 1013 193 1060 per
210 1001 395 1064 membraque
413 1009 503 1052 natura
523 1003 655 1053 constituit
678 1004 722 1053 tali
745 1003 828 1052 officio
851 1001 1043 1062 conueniencie,
1064 1015 1155 1049 uerum
1176 1014 1224 1062 per

63 1077 176 1126 brachis
192 1079 267 1128 simul
285 1089 311 1129 et
331 1088 445 1142 pectora,
462 1082 619 1144 exibantque
639 1089 805 1145 erumpentes
824 1096 871 1144 per
892 1087 983 1130 cuncta
1000 1081 1114 1128 membra
1131 1079 1222 1139 bestie,

63 1155 199 1205 habentes
211 1157 293 1220 capita
304 1159 426 1209 ardencis
437 1166 464 1208 et
474 1159 558 1209 serres
568 1167 595 1210 et
607 1167 692 1210 rostra
702 1159 857 1218 acutissima,
865 1159 957 1221 quibus
968 1159 1026 1221 ipsa
1036 1158 1106 1207 unde
1118 1157 1224 1206 exibant

64 1249 184 1297 corpora
200 1235 365 1286 dilaniabant.
407 1237 438 1286 ln
460 1239 548 1288 caudis
571 1246 656 1287 autem
679 1239 734 1288 suis
757 1237 886 1287 habebunt
908 1237 999 1286 eedem
1022 1237 1105 1286 bestie
1128 1235 1222 1284 multos
1238 1244 1270 1284 to

64 1313 186 1374 aculeos,
199 1314 242 1376 qui
254 1316 328 1376 quasi
339 1315 407 1365 hami
419 1323 489 1366 retro
502 1317 602 1377 retorti,
614 1317 684 1380 ipses
699 1332 714 1366 a
729 1317 820 1379 quibus
837 1317 943 1365 exibant
958 1316 1057 1365 animes
1068 1315 1223 1377 pungebant.

66 1393 164 1441 Bestie
175 1407 285 1455 namque
296 1393 338 1442 ille
350 1394 468 1444 uolentes
479 1395 560 1456 exire,
573 1411 630 1445 cum
642 1395 737 1445 caudas
749 1410 808 1445 suas
822 1410 874 1444 non
887 1401 995 1458 possent
1005 1409 1093 1444 secum
1110 1393 1222 1452 trahere,

66 1473 95 1519 in
117 1471 176 1533 ipsa
193 1485 301 1534 corpora
319 1472 387 1522 unde
406 1473 511 1522 exibunt
531 1482 614 1523 rostra
632 1489 680 1523 sus
698 1473 818 1523 ardenciu
839 1481 866 1522 et
888 1473 973 1522 serres
995 1480 1145 1534 retorquere
1169 1487 1223 1530 non

64 1551 218 1612 cessabunt,
237 1551 321 1600 donec
337 1567 369 1600 es
386 1567 468 1614 usque
490 1553 522 1601 ad
541 1567 601 1602 ossa
618 1553 690 1601 arida
706 1559 902 1610 consumerent;
925 1557 952 1600 et
971 1552 1009 1601 sic
1029 1551 1104 1601 simul
1124 1551 1223 1600 concla-

65 1635 174 1677 mantes
185 1629 282 1678 stridor
291 1629 429 1692 glacierum
442 1631 623 1680 inundancium
634 1639 661 1680 et
674 1631 786 1680 ululatus
800 1631 940 1679 animarum
952 1631 1136 1680 sustinencium
1146 1629 1223 1678 talem
1239 1635 1268 1687 1⁵

65 1723 166 1770 penam
180 1714 207 1756 et
223 1708 334 1770 mugitus
350 1709 488 1758 bestiarum
505 1710 659 1760 exeuncium
675 1710 708 1758 ab
724 1710 764 1759 eis
774 1709 960 1772 perueniebant
970 1710 1003 1758 ad
1019 1709 1110 1758 celum
1144 1708 1224 1758 Erunt

65 1786 140 1834 enim
156 1787 184 1835 in
202 1787 321 1836 omnibus
336 1787 444 1838 diuersis
460 1788 579 1838 membris
593 1795 620 1838 et
633 1789 718 1850 digitis
733 1789 892 1838 diuersorum
907 1787 1045 1838 bestiarum
1062 1787 1154 1850 capita,
1173 1803 1224 1849 que

66 1866 128 1927 ipsa
145 1865 261 1914 membra
278 1865 429 1914 mordebant
449 1881 530 1928 usque
547 1867 580 1916 ad
598 1882 693 1918 neruos
710 1873 737 1917 et
757 1883 827 1917 ossa.
861 1865 998 1916 Habebunt
1017 1874 1102 1915 sutem
1122 1866 1224 1929 linguas

66 1945 146 1992 uiuus
164 1943 192 1991 in
211 1943 314 1993 modum
333 1945 458 2007 aspidum,
476 1961 526 2008 que
543 1953 625 1995 totum
641 1946 753 2008 palatum
772 1953 799 1995 et
813 1945 920 1995 arterias
938 1945 1122 1994 consumebant
1140 1959 1222 2008 usque

67 2023 102 2072 ad
116 2022 262 2085 pulmones.
290 2022 411 2072 Verenda
422 2039 525 2086 qnoque
537 2023 593 2087 ipsa
603 2023 718 2073 uirorum
730 2039 759 2074 ac
771 2025 903 2074 mulierum
915 2029 988 2073 erant
1000 2023 1050 2086 (in)
1058 2024 1224 2074 similitudine
1239 2027 1271 2064 ²0

66 2101 246 2162 serpencium,
269 2101 313 2163 qui
335 2101 470 2151 inferiores
493 2110 579 2165 partes
601 2103 700 2152 uentris
721 2102 866 2152 lacerabant
885 2108 912 2151 et
933 2102 990 2164 ipsa
1010 2101 1115 2152 uiscera
1137 2103 1224 2168 [inde]

67 2179 224 2228 abstrahere
241 2179 387 2229 studebunt.
420 2180 493 2230 Tunc
509 2181 545 2230 ait
559 2181 685 2242 angelus:
703 2180 780 2230 ‘Hec
794 2188 835 2230 est
850 2195 918 2243 pens
935 2181 1124 2241 canonicorum,
1139 2197 1224 2232 mons·

68 2259 192 2317 chorum,
212 2257 468 2322 sanctimonialium)
491 2267 688 2321 ceterorumque
711 2259 951 2318 ecclesiasticorum,
971 2259 1014 2322 qui
1038 2258 1151 2324 (mentiri
1174 2261 1225 2310 deo

67 2352 120 2399 per
135 2337 280 2397 ton)surem
297 2344 324 2386 et
340 2337 453 2386 habitum
471 2345 620 2398 noscuntur,
635 2338 690 2402 (qui
706 2336 817 2400 linguas)
830 2352 889 2386 suas
901 2337 1082 2401 ex(scuemnt)
1095 2339 1161 2388 sicut
1172 2354 1225 2388 ser-

68 2421 178 2478 pentes,
191 2415 229 2478 (et
240 2415 354 2482 membre
364 2429 410 2464 suc
421 2416 485 2480 non)
498 2415 669 2466 cohibuerunt
679 2416 712 2465 ab
723 2416 859 2465 immundis
871 2415 1001 2481 (operibus
1013 2423 1040 2465 et
1051 2416 1161 2481 ue)ntris
1173 2417 1225 2467 ille·
1240 2421 1270 2472 ²5

70 2493 166 2542 cebris
200 2492 277 2542 Hanc
287 2508 380 2556 penam
392 2495 567 2557 (sustinebunt
579 2494 622 2557 qui
634 2495 802 2543 immoderata
813 2492 925 2558 lux)uria
936 2510 966 2542 se
977 2494 1102 2557 polluunt,
1114 2502 1141 2545 et
1154 2496 1224 2560 (ideo

72 2573 151 2620 istam
167 2570 307 2634 sustinere)
320 2577 346 2621 te
361 2571 481 2636 oportet!
515 2572 573 2622 iliis
590 2572 664 2622 dictis
681 2580 820 2635 rapuerunt
837 2587 894 2622 eam
911 2573 1036 2622 demones
1053 2589 1110 2623 cum
1127 2575 1225 2637 impetu

72 2659 100 2699 et
117 2650 247 2699 dederunt
260 2649 364 2716 (bestie)
377 2650 574 2701 deuorandnm¹.
609 2651 674 2700 Cum
691 2657 777 2700 autem
794 2657 855 2713 post
867 2649 1003 2714 (predicta)
1017 2658 1146 2702 tormenta
1156 2659 1226 2702 esset

71 2730 99 2777 in
118 2735 194 2791 partu
211 2727 364 2790 uipersrum,
382 2729 454 2779 affuit
472 2731 495 2778 ei
516 2729 623 2791 angelus
642 2729 715 2788 lucis,
734 2735 761 2778 et
777 2736 888 2792 tangens
906 2744 963 2778 eam
979 2731 1088 2788 sanauit,
1105 2739 1133 2780 et
1151 2730 1225 2793 sequi

71 2807 198 2870 precepit.
233 2807 457 2869 Preterfiilgorem
469 2814 556 2857 autem
573 2807 681 2871 (angeli)
696 2807 792 2857 nullum
804 2807 889 2856 lumen
901 2807 1035 2857 habebant.
1069 2808 1225 2871 Pergebant·
1239 2813 1272 2865 30

71 2902 126 2948 que
146 2901 194 2949 per
212 2885 269 2935 loca
285 2886 408 2935 terribilis
425 2895 452 2936 et
474 2886 553 2935 multo
570 2886 768 2949 precedentibus
785 2887 887 2946 diriora,
907 2885 949 2934 nia
969 2885 1046 2935 ualde
1066 2894 1176 2950 angtrstn
1199 2893 1227 2937 et

71 2965 151 3026 qnasi
163 2965 196 3012 de
209 2965 349 3026 (cacumine
360 2963 476 3014 altissimi
488 2963 583 3013 montis
600 2965 735 3026 tendente)
747 2965 774 3013 in
789 2964 960 3027 precipicium.
997 2965 1113 3028 (Quanto
1126 2964 1224 3029 nutem)

72 3044 136 3107 prus
147 3041 321 3092 descendebat
331 3042 374 3091 nn
385 3043 479 3103 anima,
492 3045 574 3102 (tanto
586 3041 681 3106 minus)
695 3043 803 3092 reditum
816 3043 848 3092 ad
860 3043 939 3091 uitam
950 3043 1077 3105 ερεηιιι.
1134 3030 1226 3110 Dum

71 3129 162 3171 aute·
184 3120 316 3171 Tundaius
337 3121 371 3170 ad
393 3121 541 3182 angelum:
564 3119 700 3186 ‘Domine,
724 3135 776 3183 quo
799 3119 896 3172 imusl’
930 3121 1078 3183 Respondit
1100 3121 1225 3184 angelus:

71 3199 154 3248 ‘Hec
170 3199 212 3248 uis
229 3198 298 3248 ducit
319 3199 352 3248 ad
372 3196 499 3249 mortem’
533 3197 566 3248 Et
583 3199 683 3249 anima:
707 3197 793 3260 ‘Quid
812 3205 851 3248 est
870 3213 933 3260 ergo
952 3200 1021 3261 quod
1041 3199 1164 3261 scriptum
1186 3205 1226 3248 est
1239 3204 1270 3258 35

72 3281 92 3307 ‘⁸
102 3279 167 3326 Lata
179 3286 206 3326 et
218 3277 335 3340 spaciosa
345 3283 386 3326 est
398 3277 440 3326 uie
456 3293 507 3339 que
524 3277 594 3326 ducit
609 3278 642 3326 ad
660 3283 777 3337 mortem,
789 3276 899 3326 etmulti
916 3284 976 3326 sunt
988 3277 1043 3341 (qui
1054 3276 1163 3341 in)trant
1180 3293 1227 3340 per

71 3372 134 3406 eam
146 3354 176 3414 '';
192 3371 249 3405 cum
267 3356 397 3404 neminem
414 3355 455 3403 hic
467 3363 555 3418 preter
567 3354 638 3420 (nos)
651 3352 815 3404 uideamust’
849 3355 997 3418 Respondit
1008 3354 1132 3417 angelus:
1152 3354 1225 3404 ‘Non

71 3435 108 3483 de
128 3433 188 3498 (hcc
204 3433 256 3496 uia)
271 3434 366 3483 dictum
378 3439 426 3493 est,
442 3439 484 3482 set
500 3434 533 3482 de
549 3433 701 3497 (impudica
717 3441 744 3482 et
762 3433 849 3482 illicita
867 3430 1002 3499 (seculari⁴
1013 3433 1076 3496 uia,)
1090 3449 1140 3496 que
1157 3434 1227 3484 ducit

70 3514 107 3562 ed
126 3509 216 3560 istum!
251 3509 361 3576 E(untes
378 3518 464 3560 autem
484 3510 585 3573 longius
603 3510 641 3574 et)
662 3511 728 3560 ultra
744 3513 847 3561 modum
865 3511 1033 3576 la(borantes,
1052 3519 1180 3562 uenerunt
1198 3513 1225 3561 in

70 3588 182 3653 uallem)
199 3589 335 3650 hbmrum,
354 3588 440 3653 ibique
463 3589 607 3654 uide(n1nt)
625 3589 734 3639 isbrices
750 3590 776 3638 in
794 3590 885 3652 quibus
904 3589 1054 3654 (max)i1nus
1076 3591 1227 3640 audiebatur
1238 3599 1273 3652 4ο

72 3668 193 3732 (luctus).
234 3667 307 3718 Tunc
325 3669 363 3719 eit
381 3667 504 3730 angelus:
529 3667 641 3717 ‘Tortor
659 3668 708 3717 iste
728 3667 846 3732 uo(catur
861 3668 1013 3732 Vulcanus),
1030 3683 1077 3730 per
1094 3670 1166 3718 cuius
1188 3669 1225 3717 in·

71 3747 181 3810 genium
199 3753 351 3796 corruerunt
369 3747 483 3811 plur(imi
501 3753 528 3795 et
544 3746 577 3795 sb
593 3747 651 3809 ipso
668 3742 842 3811 mucinntur).’
875 3746 1012 3810 ‘Domine,
1031 3747 1114 3809 inquit
1132 3747 1225 3808 anima,

72 3826 109 3890 (si
134 3825 218 3874 debeo
240 3825 304 3889 pati)
327 3824 389 3874 illud
411 3822 598 3874 tormentumi'
637 3822 760 3885 ‘Debes’
782 3824 825 3873 nit.
867 3823 939 3888 (Quo
967 3823 1046 3888 dicto)
1071 3826 1227 3887 precedebat

71 3919 143 3964 eam,
166 3902 209 3952 illa
230 3910 316 3952 autem
337 3904 443 3967 plorans
466 3903 636 3969 (sequebstur
655 3903 736 3965 eum).
769 3903 803 3952 Et
825 3917 886 3952 ecce
905 3903 1039 3967 (tortores)
1059 3918 1116 3952 cum
1139 3903 1226 3965 ignitis

71 3981 216 4044 forcipibus
242 3988 367 4044 ceperunt
395 3981 463 4030 illam
491 3988 518 4031 et
543 3982 709 4044 proiecerunt
733 3981 760 4030 in
786 3981 912 4030 cuminum
941 3980 1008 4044 ignis
1035 3982 1177 4043 ardentem,
1200 3989 1226 4032 et
1240 3991 1271 4044 45

70 4062 114 4112 sic
133 4057 411 4121 summioribus,
429 4060 495 4109 sicut
513 4060 581 4109 solet
600 4058 694 4108 ierrum
717 4059 744 4108 in
764 4059 868 4108 fornace
885 4059 1027 4109 examinari
1044 4060 1079 4108 ita
1095 4061 1226 4110 examina·

70 4141 138 4190 bant
165 4151 233 4198 um,
260 4139 344 4188 donec
373 4139 406 4188 ad
435 4137 556 4188 nichilum
584 4139 764 4200 redigerentur
790 4137 876 4187 anime
906 4153 957 4200 que
985 4137 1019 4186 ibi
1050 4137 1223 4200 paciebantur.

71 4219 194 4279 Cumque
215 4215 252 4266 ita
273 4215 488 4280 liquefierent'ut
509 4216 589 4266 nichil
611 4215 680 4266 uliud
701 4215 752 4266 nisi
774 4231 841 4278 aqua
860 4223 1026 4280 apparerent,
1048 4215 1228 4278 iugulnbnntur

107 4327 163 4380 ¹T.
177 4328 278 4380 iterum.
373 4326 430 4380 'T.
442 4329 631 4392 mergebantur.
728 4327 784 4380 ⁸T.
796 4327 980 4379 deuorandum.
1073 4327 1152 4379 WB.
1166 4335 1227 4379 ets.

69 4395 307 4447 ‘Muctusntet

107 4493 176 4534 VOL
189 4491 221 4534 ll.
642 4491 664 4532 Χ
