3052 4896
88 322 313 392 mantuo:
433 309 508 402 Dc
532 305 592 398 b.
618 307 895 396 ttttntnnlncu.
1164 315 1238 406 563

88 525 235 566 seruorum
249 511 309 568 eius
321 511 359 568 ad
371 511 466 568 omnia
480 528 536 584 que
549 512 645 568 iubeat
656 511 733 567 iussa
744 510 870 567 domini:
891 507 971 582 [imo]
983 509 1090 581 inpiger
1100 519 1130 566 et
1142 511 1239 567 volun·

87 595 178 649 tarius
196 612 231 650 ex
248 595 300 650 eo!
335 597 460 666 Angelus
479 605 592 651 autem:
613 595 693 651 ‘Hec
712 613 831 663 summa,
846 593 944 666 inquit,
961 593 1126 650 obediencia
1143 604 1196 664 est,
1209 604 1239 650 vt

87 693 149 732 non
161 679 242 734 tarde
253 689 301 734 aut
318 679 413 749 tepide
432 680 508 750 quod
526 679 633 734 iussum
651 679 734 734 fuerit
753 689 871 749 agatur;
891 679 957 749 quia
969 678 1134 735 obediencia
1145 689 1239 736 mente

87 761 146 815 cleo
167 761 270 817 deuota
290 762 381 817 maior
401 772 445 816 est
467 762 597 816 omnibus
618 761 762 816 sacrificiis
782 771 810 817 et
833 761 1137 818 holocaustomatibus!
1175 762 1240 817 Hiis

88 843 183 908 dictis,
208 844 304 900 statim
331 847 449 914 angelus
476 845 584 900 domini
613 843 641 898 in
666 862 750 900 auras
774 843 876 912 euadit,
902 853 1015 900 sanctus
1039 854 1133 900 autem
1158 845 1268 906 Wins

87 928 212 982 waloeus
234 928 401 998 precingens
422 945 461 997 se,
482 929 535 983 iter
554 927 629 984 facit.
666 929 705 982 Et
726 919 791 982 curn
810 928 933 983 venisset
953 928 991 982 ad
1011 937 1144 998 parentes
1164 945 1240 998 suos,

87 1010 189 1066 videns
202 1010 264 1066 illos
282 1029 392 1067 merore
409 1011 553 1067 conlectos
571 1021 685 1082 propter
702 1010 787 1066 filiam
806 1028 885 1066 suam
904 1020 1058 1066 extremum
1076 1010 1134 1066 iam
1152 1013 1240 1066 anhe-

86 1093 169 1148 litum
183 1111 256 1164 pene
267 1095 439 1155 fundentem.
453 1111 569 1150 causam
581 1094 663 1150 huius
680 1095 783 1150 doloris
797 1104 825 1149 et
837 1093 966 1164 gemitus,
979 1105 1006 1149 et
1019 1095 1147 1150 ordinem
1160 1095 1239 1166 quasi

87 1177 194 1232 inscius
220 1177 342 1250 inquirit.
389 1179 434 1233 Illi
459 1187 554 1234 autern
577 1178 689 1248 penitus
710 1178 840 1247 ignorare
861 1194 892 1232 se
914 1176 1048 1244 dicentes,
1067 1179 1121 1233 hec
1145 1178 1239 1248 sepius

86 1261 316 1330 respondebant:
346 1261 426 1317 ‘Scis
451 1261 520 1332 ipse,
542 1261 608 1329 scis,
633 1269 730 1316 sancte
753 1259 808 1327 dei,
827 1277 895 1314 narn
919 1260 987 1316 certi
1011 1278 1108 1316 sumus
1132 1261 1285 1316 nullum10

86 1353 117 1398 te
137 1343 192 1398 deo
212 1345 355 1400 reuelante
374 1345 462 1400 latere
483 1353 629 1400 secretum.
675 1345 724 1400 Set
744 1343 768 1398 si
789 1344 857 1414 quid
876 1354 965 1414 potes,
985 1353 1013 1398 et
1033 1344 1056 1398 si
1078 1354 1106 1399 te
1127 1345 1183 1399 vlla
1201 1345 1239 1400 ad

87 1426 311 1483 misericordiam
329 1427 434 1498 proprii
451 1427 595 1496 sanguinis
613 1427 734 1482 aduocat
752 1428 855 1497 gracia,
868 1426 972 1483 adiuuat
989 1444 1043 1482 nos
1060 1427 1128 1481 dum
1145 1428 1240 1482 adhuc

86 1509 227 1566 viuinrus.¹
263 1510 390 1566 Tandem
405 1511 488 1580 igitur
498 1510 622 1581 recolligi
634 1527 752 1580 ogerum
764 1527 879 1580 gregem
890 1510 1023 1581 precepit,
1036 1521 1064 1566 ct
1077 1527 1139 1566 earn
1152 1527 1238 1582 quam

87 1593 190 1648 ceteris
208 1593 427 1650 eminenciorem
446 1595 536 1649 cernit
554 1603 650 1648 tenere
670 1610 706 1648 ac
725 1593 881 1649 euiscerare
902 1593 1046 1664 precepit:
1075 1604 1103 1649 et
1127 1594 1239 1649 oculum

87 1676 191 1732 sororis
209 1677 268 1733 eius
290 1678 444 1733 secundum
466 1676 583 1747 predicti
598 1677 691 1746 angeli
713 1676 758 1731 dei
777 1693 935 1732 sermonem
953 1677 990 1732 de
1007 1677 1161 1732 ventriculo
1178 1676 1284 1740 eius15

86 1759 181 1814 diuiso
199 1760 305 1832 detulit,
324 1771 408 1832 atque
423 1759 453 1815 in
468 1762 561 1816 locum
576 1776 667 1828 suum,
685 1759 761 1815 facta
776 1761 832 1815 deo
850 1760 1007 1830 graciarum
1023 1760 1147 1828 accione,
1166 1761 1238 1816 sicut

85 1843 178 1897 suerat
199 1843 276 1914 prius
297 1843 484 1899 recollocauit.
519 1845 589 1899 Ales
608 1860 722 1915 quoque
742 1843 885 1913 predictus
906 1844 1011 1898 nullam
1033 1844 1175 1899 sustinens
1196 1843 1238 1898 in·

86 1925 197 1993 iuriam,
215 1925 310 1982 illesus
329 1936 357 1982 et
375 1927 455 1998 quasi
473 1945 492 1982 a
509 1928 585 1982 nullo
603 1937 795 1982 contractatus
813 1936 921 1982 ceteras
942 1926 1039 1981 adibat
1058 1943 1135 1982 aues.
1173 1926 1238 1982 Hiis

86 2007 211 2079 denique
228 2010 319 2076 iactis,
331 2009 494 2080 parentibus
510 2027 528 2064 a
546 2027 577 2064 se
597 2009 714 2080 pacifice
732 2018 762 2064 et
774 2009 869 2064 verbis
881 2008 1076 2064 consolatoriis
1088 2009 1238 2064 admonitis

85 2101 173 2163 atque
194 2092 291 2148 humili
311 2093 512 2148 benediccione
537 2093 565 2148 in
586 2093 670 2149 bonis
691 2093 822 2168 operibus
843 2093 1022 2160 concinnatis,
1042 2092 1177 2148 remeauit
1200 2094 1238 2148 ad
1253 2107 1285 2143 πο

86 2192 163 2230 suos.
185 2179 196 2242 ΙΙ
219 2177 291 2232 Item
310 2177 346 2232 de
365 2176 540 2232 mirabilibus
561 2176 687 2232 eiusdem
710 2177 798 2246 gestis
822 2178 877 2232 hoc
900 2175 1005 2230 sactum
1025 2175 1136 2231 uidetur
1156 2177 1238 2232 nobis

85 2258 205 2314 minime
225 2261 442 2329 pretereundum
463 2260 578 2316 narrari.
615 2259 746 2330 Quadam
768 2259 872 2315 etenim
893 2258 961 2314 dum
981 2259 1026 2314 die
1045 2257 1178 2330 quidam¹
1204 2276 1239 2316 ex

85 2340 232 2412 discipulis
246 2343 302 2398 suis
315 2343 529 2412 ingrauescente
547 2343 640 2399 subito
657 2359 777 2413 sompno
794 2343 885 2398 sessos
898 2343 991 2413 sopori
1003 2342 1127 2397 dedisset
1140 2352 1216 2398 artus
1230 2359 1236 2398 :

85 2441 155 2480 ecce
176 2443 291 2497 serpens
307 2427 417 2496 gelidus
436 2442 531 2482 morsu
553 2427 654 2497 pedem
673 2426 734 2482 eius
752 2425 825 2495 lesit,
843 2435 988 2497 totumque
1006 2442 1116 2481 veneno
1134 2425 1237 2482 infecit.

86 2508 140 2564 llle
163 2519 258 2564 autem
276 2510 497 2580 expergefactus,
517 2526 626 2565 veneno
650 2508 706 2564 iam
731 2526 787 2564 non
813 2509 903 2564 solum
928 2526 979 2579 per
999 2509 1101 2580 pedem
1121 2519 1164 2565 set
1188 2526 1238 2580 per
1254 2524 1283 2575 ²⁵

85 2601 174 2647 cunta
195 2591 361 2662 grassante²
384 2594 512 2647 membra
535 2609 654 2664 pergens
679 2592 715 2647 ad
740 2591 904 2662 magistrum
928 2609 1010 2648 suum
1031 2593 1163 2648 ostendit.
1198 2595 1237 2648 At

86 2684 203 2730 sanctus
221 2676 420 2744 winwaloeus,
433 2677 537 2746 pedem
553 2692 672 2731 cernens
686 2675 758 2729 vltra
775 2691 859 2745 quam
872 2675 949 2730 credi
968 2685 1059 2746 potest
1075 2675 1236 2743 distentum,

85 2767 115 2813 et
128 2767 221 2814 cetera
233 2760 360 2814 membra
372 2757 429 2814 iarn
444 2776 494 2829 pre
511 2769 619 2814 tumore
632 2758 802 2813 candescere
815 2757 1000 2828 incipiencia:
1021 2759 1127 2827 ‘Vade
1140 2758 1237 2828 inquit,

84 2840 205 2896 ostende
222 2841 308 2896 michi
323 2843 416 2896 locum
435 2841 464 2896 in
482 2851 585 2912 quote
604 2840 713 2896 illicitus
731 2840 862 2911 corripuit
881 2842 1032 2912 sompnus!
1069 2843 1132 2896 Nec
1148 2859 1237 2912 mora,

84 2922 215 2994 quamuis
233 2925 343 2991 debilis,
355 2934 470 2994 urgente
489 2935 583 2980 tamen
602 2925 776 2990 necessitate,
789 2924 908 2994 perrexit
925 2924 962 2979 ad
977 2925 1078 2978 locum.
1115 2925 1236 2979 Sanctus
1251 2935 1283 2985 3ο

84 3006 208 3077 deniqne
231 3008 427 3076 Winwaloeus,
452 3018 592 3079 prostrato
617 3007 646 3062 in
671 3009 802 3063 oracione
825 3005 863 3062 ad
888 3016 990 3062 terram
1020 3023 1145 3076 corpore,
1170 3024 1236 3077 pro-

85 3089 247 3161 spectisque
270 3092 485 3162 circumquaque
510 3091 538 3146 in
563 3091 680 3146 circuitu
704 3091 835 3146 omnibus
859 3089 938 3156 locis,
963 3090 1105 3160 quandam
1129 3089 1236 3145 inuenit

84 3174 215 3228 fissuram
240 3173 287 3229 vbi
309 3191 340 3229 se
361 3174 484 3230 lubricus
504 3173 605 3244 anguis
626 3175 831 3229 occultauerat:
861 3189 981 3243 moxque
1001 3172 1047 3227 vbi
1070 3173 1151 3242 signa
1173 3174 1235 3229 eius

84 3257 203 3312 inuenta
223 3267 296 3325 sunt,
321 3258 442 3313 clamat:
479 3256 638 3328 ‘Quicquid
656 3256 756 3312 letiferi
778 3255 894 3311 seminis
916 3255 944 3311 in
965 3255 1018 3312 ista
1039 3256 1133 3311 latitas
1153 3256 1234 3325 rima,

84 3356 210 3410 erumpe,
229 3339 310 3410 prodi
328 3341 413 3410 lotas,
432 3341 535 3396 Christi
554 3340 650 3395 edisce
668 3341 801 3410 trophea.¹
839 3341 902 3395 Nec
919 3339 968 3396 diu
987 3349 1120 3408 moratus,
1138 3341 1281 3405 aedituas

86 3421 191 3478 Christi
210 3424 332 3492 nomine,
353 3440 504 3494 squameus
525 3423 641 3478 sibilans
663 3423 792 3493 apparuit
812 3439 945 3493 serpens:
971 3433 1013 3478 set
1031 3424 1127 3478 statim
1145 3424 1235 3479 crucis

85 3503 192 3561 Christi
212 3507 313 3562 vexillo
333 3507 479 3562 confossus
500 3506 614 3561 nemine
633 3505 750 3560 feriente
769 3505 881 3561 interiit.
929 3507 1049 3562 Sanctus
1071 3517 1165 3562 autem
1184 3506 1234 3576 vir,

84 3589 142 3644 deo
153 3591 261 3659 gracias
273 3607 369 3659 agens,
382 3606 484 3660 aquam
497 3589 590 3660 peciit,
603 3599 631 3644 et
644 3605 708 3644 curn
720 3591 783 3644 oleo
795 3589 911 3644 confusa
923 3589 1123 3645 benediccione
1141 3589 1235 3644 misci-

84 3683 158 3740 tans,
172 3671 291 3740 infirmo,
304 3688 376 3742 pene
389 3687 498 3727 ueneno
511 3683 686 3742 consumpto,
699 3671 817 3741 porrigit
829 3672 1001 3728 bibendam:
1021 3673 1161 3728 aestatim
1174 3673 1235 3727 eius

84 3754 133 3825 qui
151 3771 224 3824 pene
242 3767 367 3810 mortuus
387 3756 484 3823 suerat,
503 3755 635 3810 animatis
653 3756 790 3825 paulatim
808 3765 985 3811 succrescunt
1004 3755 1134 3810 vitalibus
1154 3756 1234 3810 uires
1247 3769 1282 3821 40

84 3841 134 3894 Set
157 3848 236 3908 pater
255 3838 314 3894 eius
340 3841 491 3904 Fracauus‚
513 3839 566 3893 hoc
590 3855 702 3911 quoquc
722 3839 840 3894 audiens
860 3839 1035 3905 miraculum,
1058 3856 1172 3894 currens
1196 3839 1233 3894 ad

83 3922 162 3976 illum
180 3922 249 3978 talia
266 3932 468 3977 commemorat
486 3922 600 3978 dicens:
630 3924 722 3978 ‘Nate
743 3939 806 3978 mee
817 3921 860 3991 (l),
882 3933 911 3978 te
930 3922 1067 3993 deprecor
1086 3933 1117 3977 ut
1137 3938 1234 3976 exores

83 4004 230 4060 dominum
251 4006 336 4061 deum
354 4015 432 4061 tuum
452 4015 482 4060 vt
501 4006 556 4060 tale
576 4003 736 4076 pestiferum
754 4022 844 4074 genus
865 4003 1049 4076 [nusquam]³
1067 4006 1095 4059 in
1114 4005 1167 4060 ista
1185 4021 1234 4074 ap-

82 4098 182 4160 pareat
200 4087 329 4158 regione.’
366 4089 414 4144 Sic
430 4087 477 4143 illo
496 4089 580 4144 deum
598 4087 756 4155 innocente,
768 4089 873 4144 sactum
892 4098 935 4143 est
947 4099 977 4144 vt
995 4089 1100 4144 nullum
1118 4087 1234 4143 omnino

82 4171 218 4241 deinceps
231 4171 405 4241 serpencium
424 4188 513 4240 genus
530 4171 694 4242 apparuisse
710 4172 821 4227 dicatur
835 4172 863 4227 in
881 4172 927 4227 illa
943 4173 1063 4243 regione.
1101 4173 1138 4227 Et
1155 4171 1178 4228 si
1197 4172 1234 4227 ab
1247 4185 1279 4238 45

82 4253 178 4326 aliquo
190 4255 342 4326 aliquando
355 4271 442 4326 vsque
454 4255 540 4310 hodie
556 4254 612 4311 illic
624 4255 748 4311 delatum
761 4255 843 4310 luerit
860 4256 904 4310 uel
920 4255 1059 4326 probandi
1072 4255 1165 4324 modo,
1178 4255 1234 4312 cito

116 4387 125 4418 ¹
142 4403 176 4438 sc.
188 4387 343 4454 Tetbgouus.
431 4385 442 4418 '
458 4387 514 4440 MS.
526 4387 676 4455 grcssancia.
764 4387 774 4418 ¹
791 4403 857 4452 om.;
874 4403 903 4440 so
914 4387 945 4438 T.
957 4388 1002 4450 E:
1018 4389 1052 4440 al.
1065 4405 1199 4455 nunqnam.

620 4479 671 4523 00
684 4481 700 4522 2
