3054 4904
273 271 321 358 96
583 265 715 352 uma
739 261 931 366 mutila
954 261 1107 366 arula

273 475 343 538 post
373 465 611 540 quinquennium
641 467 759 524 siderea
783 466 832 524 via
861 465 1076 524 huoentium¹
1100 475 1293 539 prosequuta,
1318 465 1423 524 iustus

273 556 461 626 subrogatur.
498 555 557 625 Qui
574 555 666 628 priori
683 555 812 612 ecclesie
827 571 882 612 sue
899 553 1024 610 roffensi
1042 553 1213 610 Romanum
1231 571 1287 627 pro
1303 572 1338 611 se
1350 573 1425 611 con-

274 643 402 698 secrauit
432 642 619 716 episcopum.
669 642 748 700 Huic
779 643 861 700 enim
888 641 970 698 lusto
995 640 1165 698 Bonifatius
1195 659 1274 714 papa
1299 642 1424 715 pallium

274 728 383 786 direxit
397 747 467 786 cum
482 731 588 788 litteris
606 731 868 798 commendatitiis,
880 732 912 786 in
930 730 1039 802 quibus
1056 747 1126 786 eum
1145 729 1281 786 bortatur
1295 731 1425 803 qualiter
1518 763 1519 784 r

245 826 307 878 ise
339 817 418 874 inter
441 835 513 876 suos
538 819 650 876 babere
675 819 820 876 debuerit.
863 817 1012 890 Suscepto
1035 825 1135 873 autem
1160 817 1250 889 pallio
1273 818 1426 874 ordinauit

275 915 413 962 sanctum
432 915 602 964 consortem
621 924 710 964 suurn
730 906 888 964 Paulinum
906 905 987 978 genti
1007 904 1341 962 Northanbumbromm
1359 906 1426 978 epi-

274 1009 418 1066 scopum:
449 1011 541 1067 quem
565 996 735 1052 ordinatum
760 993 841 1050 misit
865 1010 935 1050 curn
962 991 1145 1064 Etbeiburga
1168 993 1294 1064 virgine,
1318 1009 1425 1050 sorore

275 1081 355 1152 regis
370 1081 504 1150 Edbaldi,
518 1084 557 1140 ad
570 1099 673 1152 regem
692 1081 861 1149 Edwinum‚
872 1091 904 1137 vt
916 1081 948 1138 in
960 1080 1021 1136 vita
1039 1080 1175 1136 eiusdem
1191 1081 1286 1136 sancti
1305 1079 1424 1136 Edwini

275 1169 415 1242 superius
435 1169 535 1243 liquet
609 1157 713 1226 Iustus
731 1169 831 1243 itaque
849 1169 987 1226 studebat
1005 1169 1076 1224 totis
1094 1168 1211 1224 nisibus
1229 1169 1426 1241 magnificare

230 1266 263 1304 ¹0
275 1257 430 1314 dominum
455 1257 486 1314 in
512 1259 623 1316 sanctis
643 1260 707 1315 suis
726 1257 903 1324 mirabilem,
923 1255 974 1329 qui
996 1265 1065 1328 post
1089 1255 1230 1312 tenebras
1254 1256 1363 1326 lucem,
1386 1259 1426 1314 de

274 1344 382 1400 timore
407 1345 557 1412 fiduciam,
580 1347 619 1402 de
644 1345 834 1402 tribulatione
858 1343 917 1400 illis
938 1343 1068 1400 leticiam
1090 1343 1214 1400 confert
1253 1343 1357 1412 Prece‚
1379 1344 1426 1400 in·

275 1433 456 1504 crepatione‚
470 1432 669 1505 promissione
688 1431 792 1505 glorie,
805 1441 920 1488 terrore
934 1430 1075 1501 iehenne,
1087 1431 1253 1488 visceribus
1270 1431 1427 1488 charitatis
1518 1481 1519 1486 ,

275 1519 447 1592 parturiens
466 1521 544 1577 filios
569 1519 748 1593 adoptionis,
770 1519 1004 1576 innumerabiles
1028 1521 1066 1576 ad
1091 1517 1243 1574 Christum
1268 1520 1427 1576 conuertit

276 1607 345 1664 Hiis
365 1625 439 1664 vero
458 1626 534 1682 quos
553 1610 591 1666 de
609 1607 759 1681 apostasia
782 1607 951 1674 reduxerat,
969 1605 1137 1663 amabiliter
1154 1607 1290 1663 dicebat:
1311 1607 1427 1664 ‘Filioli

232 1705 261 1754 ¹5
276 1695 344 1764 mei,
357 1713 434 1769 quos
446 1695 554 1752 itenrm
567 1697 708 1770 parturio,
722 1697 817 1753 donec
831 1694 976 1750 formetur
988 1693 1125 1750 Christus
1136 1695 1168 1750 in
1181 1693 1283 1750 vobis:
1349 1682 1427 1751 Non

276 1801 370 1856 parue
394 1784 560 1840 sanctitatis
583 1783 789 1842 testimonium
810 1782 1013 1839 estimandum
1033 1783 1182 1854 estquod
1203 1790 1327 1838 sanctus
1346 1799 1429 1855 papa

277 1871 448 1930 Bonifacius
473 1873 594 1928 beatum
616 1871 730 1929 lustum
756 1869 927 1944 apostolicis
952 1869 1058 1926 litteris
1082 1870 1281 1938 commendat,
1299 1871 1429 1942 eiusque
1519 1933 1520 1944 χ

276 1959 392 2016 meritis
409 1977 443 2016 ac
461 1959 594 2016 celorum
614 1960 738 2032 premiis
756 1959 891 2031 gentium
909 1957 1139 2014 conuersionem
1157 1957 1319 2028 asscribat;
1340 1959 1429 2015 cuius
1519 2011 1520 2032 q

275 2056 362 2104 tenor
374 2047 442 2104 talis
454 2048 533 2104 est²:
553 2035 783 2104 ‘Dilectissimo
795 2045 879 2102 fratri
895 2045 985 2114 lusto,
1001 2043 1180 2101 Bonifacius
1205 2044 1304 2114 Quam
1317 2046 1431 2102 deuote
1519 2113 1520 2116 Ἴ

231 2149 263 2185 ro
275 2152 426 2209 quamque
444 2137 534 2192 etiam
553 2135 711 2208 vigilanter
728 2152 784 2207 pro
802 2133 914 2192 Christi
932 2133 1091 2205 euangelio
1109 2133 1307 2189 elaborauerit
1325 2143 1430 2190 vestra

276 2223 454 2292 fraternitas,
472 2241 533 2279 non
552 2223 650 2279 solum
670 2221 797 2295 epistole
815 2239 834 2277 a
851 2221 937 2278 vobis
955 2220 1070 2278 directe
1087 2229 1183 2288 tenor,
1198 2220 1291 2275 immo
1311 2219 1430 2277 indulta
1519 2277 1520 2288 ,

240 2331 245 2342 ·
277 2312 409 2383 desuper
433 2312 517 2383 operi
541 2319 643 2367 vestro
669 2309 815 2383 perfectio
841 2307 992 2366 indicauit
1038 2307 1101 2364 Nee
1126 2307 1207 2364 enim
1232 2308 1431 2380 omnipotens

276 2401 352 2456 deus
376 2407 426 2454 aut
451 2397 497 2454 sui
522 2397 653 2454 nominis
683 2406 904 2454 sacramentum
934 2405 985 2452 aut
1014 2395 1107 2452 vestri
1139 2395 1267 2452 fructum
1294 2395 1433 2453 laboris’

276 2485 418 2556 deseruit,
443 2487 515 2543 dum
546 2486 612 2558 ipse
640 2485 878 2558 predicatoribus
909 2483 1058 2556 euangelii
1083 2483 1213 2540 fideliter
1236 2484 1431 2556 repromisit:
1520 2515 1521 2520 κ

233 2585 262 2634 ²⁵
278 2575 373 2630 “ecce
396 2591 454 2646 ego
474 2572 629 2630 vobiscum
651 2590 718 2630 sum
744 2574 885 2630 omnibus
907 2573 1015 2630 diebus
1038 2571 1153 2645 usque⁴
1174 2572 1211 2626 ad
1236 2588 1433 2628 consumma·

277 2663 390 2717 tionem
410 2663 514 2718 mundi
524 2661 561 2716 ⁸.'¹
599 2661 687 2731 Quod
713 2661 888 2734 specialiter
907 2659 1038 2717 iniuncto
1065 2658 1149 2716 vobis
1173 2659 1343 2715 ministerio
1362 2661 1433 2717 eius

277 2747 436 2805 clementia
460 2749 686 2817 demonstrauit,
711 2748 853 2821 aperiens
874 2751 966 2806 corda
990 2750 1123 2821 gentium
1143 2748 1180 2802 ad
1200 2746 1431 2818 suscipiendum

277 2835 488 2910 predicationis
499 2845 600 2893 vestr-e
617 2837 768 2910 singulare
786 2837 963 2894 misterium.
1001 2835 1112 2908 Magno
1129 2835 1210 2891 enim
1229 2835 1348 2906 premio
1360 2855 1433 2893 ves-
1520 2833 1521 2840 '

277 2923 437 2997 tigiorum·
457 2933 628 2980 vestrorum
648 2924 857 2982 delectabilem
882 2941 1005 2981 cursum
1030 2923 1170 2980 bonitatis
1194 2939 1248 2978 sue
1276 2923 1432 2996 suffragiis

233 3027 265 3077 30
278 3011 443 3081 illustrauit,
469 3013 541 3068 dum
566 3013 748 3068 creditorum
771 3013 857 3068 vobis
881 3013 1063 3068 talentorum
1088 3009 1264 3068 fidelissime
1292 3013 1432 3084 negocia-

279 3099 369 3157 tionis
387 3097 494 3156 officiis
508 3100 632 3156 vberem
648 3099 777 3156 fructum
796 3100 985 3171 impendens,
999 3099 1046 3155 ei⁷
1059 3100 1139 3172 quod
1158 3098 1278 3170 signare
1296 3100 1432 3170 possetis

280 3187 481 3260 multiplicatis
504 3187 747 3258 generationibus
767 3189 948 3260 preparauit.
987 3187 1114 3260 Hocque
1138 3186 1228 3242 etiarn
1253 3185 1303 3241 illa
1326 3187 1432 3244 uobis⁸

281 3275 558 3348 recompensatione
583 3275 723 3330 collatum
750 3283 797 3331 est
818 3293 877 3348 qua
895 3274 1030 3332 iniuncto
1049 3273 1215 3330 ministerio
1234 3272 1344 3346 iugiter
1361 3292 1432 3347 per-

279 3363 421 3419 sistentes
442 3361 580 3419 laudabili
601 3362 746 3435 patientia
765 3363 1004 3435 redemptionem
1026 3362 1125 3434 gentis
1146 3361 1224 3416 illius
1243 3361 1433 3433 expectatis'

234 3457 265 3508 35
279 3459 308 3506 et
321 3449 432 3506 vestris
443 3458 476 3506 vt
488 3449 671 3522 proficerent
684 3449 800 3506 meritis
813 3467 916 3506 eorum
930 3459 977 3506 est
990 3449 1117 3506 saluatio
1132 3449 1298 3521 propinata,
1312 3449 1433 3506 dicente

279 3536 420 3593 domino:
454 3535 531 3609 “qui
561 3537 803 3609 perseuerauerit
827 3555 923 3610 vsque
954 3537 983 3592 in
1016 3537 1117 3606 finem,
1144 3536 1191 3592 hic
1216 3537 1320 3592 saluus
1348 3537 1433 3593 erit.”

280 3624 394 3681 Saluati
417 3641 489 3696 ergo
510 3625 583 3680 estis
603 3641 658 3696 spe
678 3624 822 3697 patientie
847 3635 877 3681 et
902 3623 1059 3680 tolerantie
1077 3626 1194 3689 virtute,
1212 3633 1243 3679 vt
1263 3622 1433 3680 infidelium

279 3713 370 3768 corda
396 3710 522 3767 naturali
545 3727 578 3766 ac
600 3712 815 3784 supersticiose
834 3713 940 3768 morbo
962 3720 1088 3784 purgata
1107 3710 1153 3768 sui
1171 3721 1434 3782 consequerentur

280 3799 516 3855 misericordiam
538 3799 704 3854 saluatoris.
742 3800 898 3871 Susceptis
919 3817 1049 3872 namque
1071 3797 1205 3871 apicibus
1227 3797 1280 3854 filii
1305 3799 1403 3856 nostri
1414 3800 1435 3832 ¹⁰

233 3901 267 3952 40
282 3886 407 3942 Edbaldi
433 3886 522 3959 regis,
547 3886 716 3958 reperimus
737 3899 849 3959 quanta
870 3887 947 3942 sacri
969 3885 1078 3960 eloquii
1098 3885 1263 3942 eruditione
1282 3887 1349 3942 eius
1367 3887 1435 3942 ani-

280 3991 364 4030 mum
376 3975 414 4030 ad
425 3991 498 4030 vere
511 3973 718 4030 conuersionis
732 3983 761 4030 et
773 3974 939 4030 indubitate
951 3973 1021 4029 fidei
1035 3974 1243 4030 credulitatem
1260 3971 1436 4031 fraternitas

279 4071 381 4119 vestra
401 4063 586 4134 perduxerit
624 4061 691 4131 Qua
710 4079 749 4118 ex
768 4079 801 4118 re
824 4063 862 4118 de
884 4061 1108 4134 longanimitate
1130 4061 1292 4118 clementie
1310 4062 1436 4118 celestis
1520 4057 1521 4062 ’

313 4207 369 4258 ¹13.
382 4209 516 4260 laurentio.
607 4207 673 4258 'ct
687 4209 759 4259 Beda
772 4209 842 4270 11‚u.
927 4207 984 4258 ‘a
996 4207 1090 4258 laboris
1102 4207 1217 4259 fructum.
1303 4207 1359 4258 ιΊ“.
1371 4218 1400 4260 et
1413 4227 1437 4260 v.

280 4275 446 4390 Ῐοαέιὶεὲιὲιὶ.
501 4274 743 4337 ‘atfastigiornm
804 4273 862 4327 'E.
875 4281 909 4326 et.
975 4275 1031 4324 ⁸E.
1044 4275 1127 4325 nobis.
1185 4273 1242 4326 tat.
1254 4279 1439 4337 exspectastis.

1519 4353 1521 4476 l
