3048 4884
410 263 487 358 Di
511 259 675 354 sautu
701 261 929 362 stimuum.
1047 373 1050 379 Ι
1172 275 1244 364 369

90 461 215 522 metrice
240 461 323 536 artis,
348 463 540 534 astronomie,
564 473 595 524 et
618 463 803 524 arithmetice
827 465 1031 524 ecclesiastice
1055 465 1245 542 disciplinam

91 551 170 608 inter
182 568 340 610 sacrorum
354 551 474 627 apicum
485 553 638 610 volumina
650 552 713 612 suis
729 553 912 612 auditoribus
928 555 1124 612 tradiderunt.
1157 555 1247 612 Vnde

90 647 121 694 et
137 639 278 713 plerique
293 657 398 698 eorum
413 639 550 715 discipuli
568 641 689 700 latinam
701 659 882 716 grecamque
894 642 1027 715 linguam
1040 660 1117 716 eque
1129 650 1162 702 vt
1177 660 1247 716 pro·

91 727 190 798 priam
208 728 240 784 in
257 745 316 802 qua
332 728 395 786 nati
411 740 484 788 sunt
498 738 655 790 nouerunt.
691 729 747 790 Set
762 739 792 786 et
808 747 900 788 sonos
912 729 1051 788 cantandi
1066 730 1098 788 in
1111 729 1247 799 ecclesia,

90 832 169 886 quos
186 824 315 874 eatenus
328 815 360 874 in
373 816 483 874 Cancia
499 826 614 874 tantum
629 827 784 887 nouerant,
796 819 835 874 ab
851 817 909 874 hoc
920 827 1057 890 tempore
1070 835 1127 890 per
1139 833 1246 875 omnes
1261 823 1276 876 ⁵

91 903 265 976 Anglorum
277 903 421 962 ecclesias
433 904 550 962 discere
563 915 717 978 ceperunt
749 905 853 978 ltaque
866 903 1043 962 Theodorus
1056 905 1246 978 perlustrans

91 989 247 1060 uniuersa,
269 991 417 1049 ordinauit
435 992 510 1051 locis
530 991 686 1066 oportunis
708 992 875 1066 episcopos,
894 993 990 1050 tenuit
1012 991 1135 1050 coucilia
1143 991 1162 1062 ¹,
1182 1009 1247 1048 cor·

93 1076 172 1133 rexit
197 1077 383 1150 imperfecta,
405 1079 517 1138 lidem²
542 1080 717 1138 catholicam
740 1081 851 1154 vbique
875 1079 1051 1155 predicauit‚
1079 1078 1248 1138 sanctitatis

92 1164 246 1238 exemplis
258 1183 313 1223 sua
324 1168 503 1225 documenta
514 1167 675 1226 illustrans.
713 1167 941 1225 Ordinationem
954 1167 1048 1224 sancti
1061 1167 1172 1234 (ledda,
1185 1183 1247 1224 non

94 1251 151 1309 rite
163 1254 341 1321 consecrati,
352 1263 385 1312 vt
401 1255 431 1312 in
445 1254 511 1312 eius
523 1256 584 1312 vita
596 1255 736 1328 superius
748 1264 839 1328 patet,
848 1256 1037 1313 confirmauit
1044 1255 1064 1314 ⁸.
1139 1242 1246 1314 Huius
1263 1273 1293 1310 ro
1366 1247 1369 1255 ‘

94 1340 279 1398 sanctissimi
288 1341 441 1400 Theodori
454 1351 593 1416 tempore
606 1360 667 1401 non
683 1343 782 1402 solum
793 1343 897 1400 Grecis
910 1353 940 1400 et
953 1342 1068 1400 Latinis
1079 1341 1246 1402 litterarum

94 1428 263 1500 gymnasiis
273 1429 293 1500 ⁴,
311 1431 366 1487 sed
383 1431 473 1488 etiam
490 1440 662 1489 sanctorum
679 1431 812 1488 maxime
828 1430 994 1504 frequentia
1006 1431 1102 1488 instar
1118 1430 1247 1488 clarissi-

95 1531 215 1572 morum
234 1516 367 1574 siderum
383 1528 445 1575 tota
461 1519 648 1590 resplenduit
659 1518 778 1592 Anglia
816 1517 854 1576 Et
868 1520 995 1576 audiens
1012 1519 1105 1578 fidem
1119 1517 1249 1576 ecclesie

95 1620 152 1676 per
168 1603 303 1662 heresim
323 1605 488 1663 Euticetis⁸
504 1605 837 1679 constantinopolitani⁸
854 1606 981 1663 multum
1001 1623 1070 1664 esse
1089 1607 1247 1675 turbatam,

96 1691 149 1764 [et]
164 1693 309 1750 ecclesias
325 1693 493 1767 Anglorum
511 1694 549 1751 ab
568 1693 739 1752 huiusmodi
756 1693 823 1750 labe
841 1693 993 1750 immunes
1010 1695 1178 1768 perdurare
1196 1695 1291 1766 de·15

95 1780 243 1845 sidereus,
262 1781 385 1838 collecto
403 1783 592 1839 sacerdotum
611 1783 826 1854 doctorumque
846 1789 921 1850 cetu,
941 1781 1026 1837 cuius
1051 1790 1156 1838 essent
1174 1781 1245 1838 fidei

95 1867 206 1939 singuli
224 1867 348 1925 sedulus
367 1868 542 1942 inquirebat,
561 1869 754 1942 omniumque
775 1870 950 1926 unanimem
970 1868 1001 1924 in
1022 1869 1082 1925 lide
1101 1867 1247 1926 catholica

96 1954 233 2029 repperit
248 1973 439 2014 consensum.
475 1956 564 2014 Vnde
581 1965 612 2013 et
628 1956 708 2014 idem
727 1964 849 2013 sauctus
866 1965 952 2030 pater
964 1958 1002 2013 ad
1019 1955 1247 2013 instructionem

95 2045 287 2116 sequentium
299 2043 405 2102 litteris
417 2045 495 2102 inter
507 2054 606 2102 cetera
617 2044 686 2101 talia
699 2045 911 2102 commendare
924 2045 1054 2101 curauit:
1069 2043 1246 2101 ‘Credimus

96 2140 126 2187 et
143 2141 321 2190 constanter
337 2133 524 2203 confitemur,
538 2133 705 2190 secundum
721 2141 824 2206 patres
843 2140 972 2201 sanctos,
984 2130 1108 2206 proprie
1121 2139 1151 2188 et
1163 2149 1246 2189 vera-
1262 2149 1293 2186 no

96 2220 171 2276 citer
195 2229 312 2293 patrem
336 2220 484 2278 etlilium
510 2229 540 2277 et
564 2219 702 2293 spiritum
727 2227 874 2288 sanctum,
898 2218 1059 2276 trinitatem
1083 2219 1114 2274 in
1135 2217 1249 2276 vnitate

96 2307 392 2378 consubstantialem,
412 2317 442 2365 et
462 2308 604 2366 unitatem
624 2307 655 2364 in
677 2306 819 2376 trinitate,
840 2308 895 2363 hoo
918 2317 973 2376 est,
994 2324 1086 2364 vnum
1106 2308 1197 2365 deum
1217 2306 1247 2363 in

96 2396 193 2451 tribus
212 2395 430 2467 [subsistenciis
441 2393 523 2468 vel]⁷
536 2395 675 2469 personis
692 2394 1004 2463 consubstantialibus,
1021 2395 1136 2468 equalis
1154 2395 1246 2468 glorie

96 2491 127 2539 et
145 2483 288 2539 honoris?
326 2483 364 2540 Et
382 2494 450 2557 post
469 2484 638 2556 multaque
658 2484 696 2539 ad
718 2481 788 2539 fidei
808 2483 1029 2540 consessionem
1048 2483 1248 2556 pertinebant,

97 2569 236 2643 scripsit:
257 2570 460 2645 ‘Suscipimus
478 2580 597 2628 sanctas
615 2579 645 2628 et
662 2570 851 2627 uniuersales
870 2571 1003 2643 quinque
1023 2572 1157 2644 synodos
1178 2572 1247 2627 bea·
1262 2588 1292 2640 ²5

96 2666 196 2714 torum
205 2669 343 2731 patrum:
358 2659 539 2733 suscipimus
546 2668 576 2715 et
589 2658 790 2731 glorificamus
803 2657 958 2714 dominum
972 2668 1109 2714 nostrum
1125 2657 1247 2716 ihesum

97 2744 254 2802 Christum
275 2747 351 2804 sicut
370 2747 413 2803 illi
432 2747 682 2820 glorificauerunt,
699 2744 773 2802 nihil
794 2747 941 2802 addentes
959 2745 1007 2800 vel
1026 2745 1246 2813 subtrahentes

96 2843 127 2890 et
139 2833 344 2906 glorificamus
355 2836 446 2892 deum
458 2843 575 2908 patrem
593 2833 658 2891 sine
674 2832 767 2903 initio,
781 2831 917 2889 etlilium
930 2834 995 2889 eius
1007 2832 1193 2905 vnigenitum
1206 2849 1245 2888 ex

97 2930 185 2993 patre
209 2922 343 2994 genitum
367 2931 438 2979 ante
463 2921 573 2990 secula,
592 2930 622 2978 et
647 2920 785 2992 spiritum
810 2929 947 2977 sanctum
971 2920 1188 2993 procedentem
1208 2935 1247 2976 ex

97 3019 186 3082 patre
205 3018 236 3066 et
253 3009 315 3066 lilio
333 3009 580 3080 inenarrabiliter,
599 3008 675 3066 sicut
694 3009 925 3081 predicauerunt
944 3006 985 3062 hii
1005 3023 1081 3079 quos
1100 3023 1248 3063 memora·
1262 3032 1294 3082 50

98 3097 203 3154 ulmus
222 3097 316 3154 sancti
335 3097 470 3169 apostoli,
483 3097 639 3170 prophete,
656 3105 685 3152 et
704 3096 859 3152 doctores?
937 3083 1062 3168 Agatho
1076 3111 1150 3150 vero
1168 3111 1247 3168 papa

99 3185 131 3240 in
146 3185 271 3241 basilica
287 3185 444 3242 saluatoris
463 3184 561 3241 Rome
577 3183 635 3240 illis
652 3182 758 3240 diebus
778 3183 808 3238 in
828 3181 970 3238 coneilio³
986 3181 1123 3254 scripsit:
1144 3181 1248 3238 ‘Diffi-

97 3272 201 3328 nimus
226 3281 257 3329 et
281 3267 438 3329 statuimus
459 3280 491 3329 vt
513 3271 747 3344 unumquodque
771 3286 898 3342 regnum
923 3269 953 3325 in
977 3269 1130 3326 Britannia
1151 3268 1248 3326 insula

99 3359 296 3418 constitutum
309 3360 417 3417 habeat
429 3360 596 3417 secundum
610 3357 825 3414 moderaminis
842 3373 1013 3413 mensuram
1026 3357 1248 3430 prouinciarum

98 3449 260 3522 episcopos
278 3447 319 3506 ita
337 3456 470 3517 statutos,
482 3455 514 3503 vt
533 3446 621 3504 simul
639 3463 745 3502 omnes
764 3461 833 3501 cum
853 3443 1079 3517 archiepiscopo
1092 3445 1248 3503 duodecim
1263 3461 1293 3512 35

97 3535 294 3593 ecclesiarum
328 3536 468 3609 presules
503 3541 705 3602 numerentur,
736 3549 812 3606 quos
842 3531 1094 3606 archiepiscopus,
1124 3533 1174 3607 qui
1211 3533 1248 3589 ab

99 3624 183 3696 [hac]
193 3621 205 3656 i
217 3623 379 3696 apostolica
396 3625 470 3681 sede
486 3621 567 3696 pallii
584 3621 697 3678 honore
710 3622 876 3690 decoratur,
889 3620 1036 3692 prouehat
1047 3629 1137 3693 atque
1151 3637 1248 3677 sacer·

98 3711 190 3768 dotali
207 3713 302 3784 gradu
319 3728 371 3768 eos
389 3711 532 3768 canonice
547 3709 672 3780 ordinet,
685 3707 840 3782 ipsiusque
858 3715 973 3764 tantum
993 3707 1170 3764 ordinationi
1190 3707 1249 3764 sint

99 3799 235 3857 subiecti.
272 3799 436 3857 Statuimus
457 3798 547 3857 etiam
565 3807 597 3855 vt
615 3797 784 3871 quicunque
806 3795 996 3854 ecclesiastici
1019 3795 1139 3866 ordinis,
1158 3795 1250 3852 armis

99 3905 161 3945 non
174 3897 302 3958 vtantur,
311 3905 366 3945 nec
379 3887 547 3944 citharedus
560 3886 690 3944 habeant
701 3886 750 3944 vel
758 3902 935 3959 quecunque
948 3882 1181 3957 simphoniaca⁹,
1193 3899 1249 3939 nec
1262 3897 1296 3948 40

99 3993 295 4050 quoscunque
308 3974 388 4032 iocos
400 3975 448 4033 vel
461 3975 547 4032 ludos
559 3983 628 4031 ante
640 3991 675 4032 se
689 3973 847 4046 (exerceri)
857 3971 878 4006 ¹⁰
893 3972 1083 4045 permittant:
1103 3969 1173 4044 quia
1185 3986 1249 4028 om·

99 4063 150 4122 nia
166 4063 224 4122 hec
240 4063 398 4138 disciplina
413 4073 516 4122 sancte
533 4061 658 4120 ecclesie
673 4063 845 4120 sacerdotes
860 4060 966 4118 fideles
980 4075 1052 4116 suos
1066 4058 1177 4116 habere
1189 4073 1252 4118 non

133 4203 191 4256 ²1.
202 4203 316 4256 consilia.
390 4203 597 4266 'undamque
673 4201 971 4252 'Bedconsumrnauit
1051 4197 1105 4250 ιΤ.
1118 4198 1250 4262 gygncsis

100 4271 323 4335 ⁵1¹.Eutychetis.
413 4269 505 4321 ‘Bed
518 4264 752 4332 Constantinopoli.
842 4265 955 4328 'soT.;
973 4280 1023 4318 out.
1037 4264 1063 4314 in
1076 4264 1106 4316 E.
1193 4263 1251 4320 ⁸13.

100 4337 220 4390 consilio.
318 4333 396 4388 ’vit
408 4336 571 4402 symphonia.
635 4360 638 4366 ·
669 4333 689 4366 ¹·
705 4351 756 4386 orn.
767 4335 794 4384 in
805 4333 835 4386 T.
846 4331 900 4386 vit.

137 4449 202 4490 vot.
215 4447 246 4492 u.
653 4429 704 4488 ab
