3028 4894
274 315 350 408 De
373 313 536 405 sanctu
563 314 729 415 ulnus
742 316 1053 422 'stolonum
1166 327 1237 417 389

81 514 327 574 communicatus
356 517 478 577 nomine
505 520 554 577 vel
583 520 747 595 participio.
790 519 879 580 Vnde
908 523 1045 580 turbatus
1075 538 1144 580 cum
1174 523 1239 580 suis

83 603 216 662 nimium
233 622 297 675 rex,
310 623 378 662 cum
390 608 473 664 omni
490 606 679 666 festinatione
696 611 734 666 ad
752 627 862 683 papam
879 610 1004 668 nuncios
1021 608 1117 668 mittit.
1156 611 1239 669 Misit

82 709 211 765 quoque
223 710 279 750 rex
293 692 476 751 Francorum
489 697 527 752 ad
540 713 692 754 summum
704 697 876 771 pontificem
890 707 921 754 et
937 699 974 754 ad
988 697 1150 756 familiares
1166 716 1238 756 suos

83 778 265 848 cardinales,
289 781 437 839 mandans
460 784 541 855 quod
564 784 615 858 qui
639 784 899 858 archiepiscopum
924 793 1069 858 tangeret,
1093 786 1238 860 pupillam

83 875 225 940 tangeret
249 867 327 925 oculi
351 868 414 940 sui;
443 887 537 943 super
561 871 661 928 omnia
685 889 758 928 vero
782 873 905 946 rogabat
930 889 969 929 ne
993 873 1133 930 dominus
1157 891 1267 948 papa5

84 955 222 1011 solueret
233 972 311 1028 quos
323 964 384 1012 tarn
397 967 520 1014 sanctus
532 959 775 1033 archiepiscopus
789 969 850 1016 tam
861 960 939 1017 iuste
948 959 1080 1034 ligasset.
1110 960 1238 1034 Scripsit

83 1058 208 1114 quoque
227 1043 367 1100 dominus
386 1062 466 1118 papa
483 1045 667 1104 Francorum
685 1045 758 1120 regi,
771 1049 919 1105 mandans
936 1055 966 1104 et
983 1064 1093 1121 rogans
1105 1057 1137 1106 vt
1153 1049 1237 1122 pacis

83 1130 286 1188 mediatorem
300 1149 335 1189 se
352 1132 556 1206 interponeret
568 1134 742 1208 benignum.
779 1135 866 1192 Vnde
883 1144 914 1192 et
931 1136 968 1191 ad
986 1136 1131 1210 pleraque
1147 1138 1236 1193 collo·

82 1217 160 1291 quia
174 1217 254 1276 inter
264 1221 364 1292 ipsum
378 1229 407 1276 et
424 1238 537 1294 regem,
551 1222 811 1296 archiepiscopum
823 1222 947 1280 vocauit.
983 1223 1072 1280 Vnde
1090 1224 1185 1281 semel
1202 1241 1237 1282 se

82 1306 125 1362 ad
143 1306 239 1380 pedes
258 1307 339 1380 regis
350 1307 460 1381 Anglie
478 1309 612 1382 procidit,
625 1309 747 1368 dicens:
766 1310 912 1367 ‘Domine
930 1327 993 1379 rex,
1006 1320 1099 1368 totam
1115 1328 1236 1368 causam
1253 1335 1284 1374 ιο

80 1394 170 1450 vnde
186 1393 333 1450 internos
349 1403 414 1452 orta
426 1406 474 1453 est
486 1396 641 1467 dissentio,
654 1407 704 1455 tuo
718 1397 870 1454 committo
882 1397 1013 1469 arbitrio,
1026 1400 1110 1456 saluo
1123 1399 1237 1456 honore

82 1481 155 1538 dei!
190 1480 258 1537 Tali
281 1481 447 1540 adiectione
468 1483 568 1541 audita
592 1501 647 1542 rex
667 1486 865 1542 vehementer
886 1485 1112 1557 scandalizatus,
1133 1487 1236 1544 multis

81 1569 280 1642 improperiis
292 1579 322 1627 et
333 1570 503 1644 obpropriis
514 1571 616 1644 ipsum
629 1572 735 1642 affecit,
749 1590 878 1646 arguens
893 1590 963 1630 eum
975 1581 1117 1647 tanquam
1131 1591 1236 1647 super·

82 1659 168 1728 bum,
188 1665 219 1713 et
242 1655 326 1731 regie
344 1657 549 1716 munificentie
570 1661 780 1717 immemorem
802 1669 832 1718 et
856 1660 1024 1734 ingratum;
1053 1670 1083 1718 et
1107 1662 1147 1718 ait
1172 1661 1235 1734 regi

84 1743 113 1800 F
113 1743 232 1801 rancie:
253 1744 419 1819 ‘Quicquid
431 1745 481 1802 isti
494 1746 687 1820 displicuerit,
698 1747 767 1804 dicit
780 1747 887 1804 honori
900 1747 949 1804 dei
962 1764 1031 1804 esse
1044 1751 1235 1820 contrarium,
1251 1771 1280 1822 ¹5

82 1841 117 1889 et
137 1831 180 1888 sic
199 1849 254 1888 sua
272 1841 303 1888 et
321 1849 389 1889 mea
408 1833 508 1890 omnia
526 1834 583 1891 sibi
595 1835 771 1892 vendicabit
810 1835 871 1892 Sed
891 1852 930 1891 ne
942 1835 1047 1892 videar
1065 1837 1171 1894 honori
1186 1837 1235 1894 dei

80 1919 135 1976 vel
161 1919 217 1976 sibi
242 1918 273 1976 in
298 1919 396 1993 aliquo
417 1921 494 1978 velle
521 1922 672 1993 resistere,
699 1923 755 1980 hec
778 1922 889 1979 offero:
919 1922 985 1992 Que
1009 1931 1235 1980 antecessorum

82 2007 236 2080 [suorum]
247 2007 254 2038 ¹
267 2005 363 2064 maior
375 2016 405 2064 et
417 2008 550 2065 sanctior
561 2008 630 2066 fecit
644 2018 870 2067 antecessorum
882 2027 1020 2066 meorum
1033 2009 1165 2080 minimo,
1179 2011 1235 2068 hec

81 2093 160 2152 mihi
174 2093 268 2165 iaciat,
281 2104 311 2152 et
323 2095 460 2168 quiesco?
491 2096 838 2170 Acclamaturvndique:
859 2097 955 2154 ‘Satis
968 2114 1022 2154 rex
1036 2115 1070 2155 se
1082 2098 1235 2154 humiliat!

82 2182 235 2238 ‘Domine
256 2181 490 2256 archiepiscope,
509 2183 604 2256 inquit
624 2201 678 2240 rex
698 2184 832 2252 Francis,
851 2185 897 2241 vis
919 2183 1014 2242 maior
1032 2202 1101 2243 esse
1123 2185 1235 2243 sanctis
1250 2206 1282 2244 πο

80 2270 167 2342 viris,
192 2269 240 2326 vel
270 2269 378 2327 melior
403 2269 511 2327 Petro?
547 2270 626 2340 Quid
651 2272 790 2330 dubitas?
828 2270 906 2329 Ecce
931 2289 991 2346 pax
1019 2289 1073 2346 pre
1103 2271 1234 2330 foribus!

80 2357 343 2430 Archiepiscopus
361 2357 534 2431 respondit:
561 2357 680 2415 ‘Sancti
699 2359 951 2432 predecessores²
968 2360 1028 2416 mei
1046 2360 1234 2433 temporibus

80 2445 159 2514 suis,
176 2444 233 2502 etsi
255 2461 315 2502 non
335 2446 435 2502 omnia
456 2463 490 2502 se
509 2446 656 2503 aduersus
674 2447 764 2503 deum
784 2447 964 2516 extollentia,
983 2449 1113 2522 quedam
1133 2457 1235 2506 tamen

80 2541 365 2591 resecarunt-nam
378 2533 403 2590 si
416 2532 517 2590 omnia
529 2533 670 2591 radicitus
682 2535 893 2608 extirpassent,
906 2536 974 2608 quis
984 2553 1063 2592 nunc
1072 2537 1235 2594 aduersum

81 2639 143 2679 nos
161 2620 264 2694 ignem
281 2620 486 2695 temptationis
504 2622 667 2679 excitaret?
705 2621 800 2679 Multo
817 2622 925 2680 melius
942 2623 999 2680 deo
1010 2623 1130 2680 volente
1148 2624 1236 2682 nobis
1250 2645 1280 2695 ²5

81 2719 133 2768 est
149 2717 191 2778 vt,
208 2708 283 2766 sicut
302 2709 332 2766 in
351 2725 456 2765 eorum
475 2725 601 2788 numero
621 2718 651 2766 et
671 2718 753 2767 sorte
774 2709 985 2780 laborauimus,
1003 2710 1044 2767 ita
1063 2719 1094 2767 et
1116 2711 1235 2768 illorum

80 2797 198 2855 laboris
216 2805 246 2854 et
264 2795 371 2869 premii
391 2795 554 2870 participes
572 2797 676 2854 simus.
720 2796 801 2854 Nec⁸
820 2797 847 2856 si
865 2798 933 2870 quis
951 2815 1055 2856 eorum
1073 2799 1168 2872 tepuit
1185 2800 1234 2856 vel

81 2884 218 2944 excessit
236 2884 267 2940 in
285 2884 393 2957 aliquo,
405 2883 471 2940 eius
487 2884 519 2940 in
535 2885 591 2941 hoc
608 2883 721 2957 teporis
733 2886 782 2943 vel
794 2902 940 2942 excessus
957 2885 1130 2957 exemplum
1147 2886 1235 2960 sequi

80 2983 232 3032 tenemur.
270 2971 391 3030 Petnrm
409 2972 521 3030 etenim
534 2972 686 3029 Christum
706 2982 867 3046 negantem
884 2973 1049 3045 arguimus,
1068 2975 1122 3030 sed
1139 2989 1235 3046 usque

84 3063 125 3118 ad
138 3059 242 3134 capitis
255 3061 302 3118 sui
314 3060 479 3132 periculum
490 3060 619 3117 Neronis
631 3060 778 3133 impetum
791 3069 967 3132 arguentem
978 3062 1236 3118 commendamus.
1250 3081 1283 3130 30

86 3149 135 3206 Ex
154 3147 255 3204 multis
273 3147 424 3220 pressuris
443 3147 573 3204 surrexit
592 3157 621 3204 et
636 3148 729 3205 creuit
744 3148 877 3205 ecclesia.
915 3147 1021 3204 Patres
1039 3147 1133 3204 nostri
1151 3150 1235 3222 passi

84 3245 157 3294 sunt
169 3235 239 3310 quia
251 3236 411 3293 noluerunt
429 3234 540 3293 Christi
552 3252 662 3291 nomen
676 3236 833 3305 subticere,
845 3243 876 3292 et
887 3253 953 3307 ego,
966 3243 998 3292 vt
1015 3235 1145 3293 hominis
1161 3236 1236 3292 mihi

84 3323 182 3399 gratia
196 3322 375 3394 restituatur,
389 3323 501 3380 Christi
515 3323 660 3380 honorem
673 3324 815 3380 deberem
829 3323 1039 3396 supprimere?
1075 3323 1172 3394 Absit,
1185 3325 1235 3396 ait,

84 3412 179 3470 absit’
224 3411 458 3468 lnsurrexerunt
482 3428 554 3484 ergo
578 3411 610 3467 in
635 3428 705 3468 eum
731 3427 836 3468 omnes
863 3419 1028 3484 magnates,
1052 3411 1235 3484 imputantes

83 3499 254 3573 arrogantie
278 3498 494 3572 archiepiscopi
520 3499 771 3572 impedimentum
793 3498 892 3572 pacis;
920 3515 980 3555 vno
1004 3499 1111 3556 comite
1134 3500 1234 3574 palam
1248 3521 1280 3572 35

83 3596 271 3664 protestante
289 3588 368 3660 quod
385 3586 470 3659 ‘quia
487 3587 642 3660 utriusque
661 3585 746 3659 regni
765 3585 888 3643 consilio
906 3594 937 3643 et
952 3585 1096 3644 voluntati
1114 3589 1234 3660 resistit,

84 3679 227 3734 decetero
251 3674 388 3731 neutrius
408 3674 518 3748 dignus
542 3675 599 3732 erit
622 3673 741 3744 auxilio,
761 3675 815 3731 sed
835 3673 963 3730 eiectum
984 3676 1022 3731 ab
1041 3673 1154 3748 Anglia
1172 3693 1233 3733 non

85 3763 210 3838 recipiat
223 3762 365 3820 Francia!
433 3749 546 3822 Soluto
558 3762 658 3836 itaque
671 3761 797 3818 concilio
805 3760 825 3832 ⁴,
835 3761 994 3819 insalutato
1006 3762 1234 3837 archiepiscopo

85 3869 175 3926 reges
196 3858 405 3922 recesserunt;
431 3859 461 3908 et
485 3852 536 3924 qui
560 3850 643 3924 pacis
663 3849 845 3908 mediatores
866 3851 1035 3920 extiterant,
1057 3849 1088 3907 in
1110 3867 1233 3910 recessu

85 3941 181 4000 multa
199 3938 289 3998 etiam
307 3939 339 3995 in
358 3939 432 3996 facie
450 3937 515 3996 viro
533 3939 582 3996 dei
601 3937 792 3996 obiecerunt:
819 3939 900 4011 quod
919 3953 1043 4010 semper
1065 3937 1161 3996 suerat
1182 3955 1232 3996 su·
1246 3958 1280 4008 40.

85 4030 207 4104 perbus,
220 4027 325 4098 elatus,
338 4027 460 4101 sapiens
476 4027 507 4083 in
520 4026 614 4084 oculis
631 4025 703 4095 suis,
716 4023 837 4098 proprie
854 4041 976 4098 semper
988 4033 1117 4082 sectator
1128 4026 1233 4084 volun·

84 4117 154 4176 tatis
166 4125 196 4174 et
209 4114 373 4186 seutentie3
392 4114 574 4184 adiicientes,
582 4115 695 4187 grande
706 4112 799 4171 fuisse
809 4112 920 4170 malum
930 4121 960 4170 et
971 4129 1095 4170 enorme
1105 4113 1233 4172 ecclesie

86 4207 261 4278 dampnum,
274 4204 354 4276 quod
372 4202 439 4277 ipse
451 4219 582 4277 unquam
602 4209 700 4260 rector
717 4199 814 4258 suerat
830 4199 1018 4273 constitutus,
1031 4209 1062 4258 et
1077 4203 1158 4275 quod
1176 4220 1233 4276 per

193 4378 351 4432 'omina
415 4378 473 4431 ¹2.
485 4346 688 4445 predecessoris.
753 4377 809 4430 ⁸T.
824 4376 871 4429 Ne.
938 4376 1122 4430 ⁴E.consilio.
