3028 4894
268 297 342 400 sn
367 295 532 388 sautu
560 295 726 395 morra
750 297 1049 404 attitulatam.
1160 303 1230 398 385

79 506 201 566 Bertini
221 508 385 584 mulgeret,
400 509 493 584 piscis
512 509 689 584 pergrandis
707 512 831 585 proiecit
846 527 881 570 se
896 527 965 569 cunr
983 511 1098 585 impetu
1116 509 1147 568 in
1166 527 1233 584 gre·

78 596 197 653 mium¹
218 595 275 654 viri
294 597 360 668 dei;
379 607 410 655 et
429 597 524 656 factus
543 609 591 657 est
608 598 752 656 transitus
773 599 838 656 eius
854 598 999 656 iocundus
1014 598 1045 656 in
1067 599 1154 656 laude
1175 596 1234 656 dei.

83 670 204 742 Nuncii
224 701 297 742 vero
317 687 399 759 regis
417 685 586 760 Anglorurn
601 687 639 742 ad
656 703 760 760 regem
778 685 963 744 Francorum
983 685 1168 744 Ludouicum
1179 703 1234 744 ve·

80 773 211 842 nientes,
231 771 344 832 litteras
361 773 475 831 domini
493 773 540 831 sui
560 772 606 830 ei⁸
623 783 832 848 porrexerunt,
850 774 881 832 in
900 775 1009 848 quibus
1027 774 1235 832 continebatur·

77 860 165 932 quod
183 859 326 930 Thomas,
338 861 489 934 quondam
508 861 726 919 cantuariensis
744 862 997 936 archiepiscopus,
1010 862 1049 919 de
1065 879 1160 936 regno
1177 879 1233 920 suo
1247 879 1261 932 ⁵

78 955 227 1020 tanquam
245 947 381 1022 proditor
397 948 514 1023 sugerit,
527 958 557 1006 et
575 965 615 1006 ne
632 948 732 1022 ipsum
750 949 781 1006 in
800 958 880 1006 terra
896 967 951 1007 sua
966 949 1115 1024 reciperet
1131 965 1234 1024 preca·

80 1035 181 1092 batur.
219 1035 288 1093 Rex
306 1045 407 1094 autem
425 1035 548 1110 sapiens
566 1035 676 1108 statim,
694 1037 762 1111 quis
780 1054 851 1096 eum
869 1039 1059 1111 deposuisset
1077 1037 1185 1096 iterum
1204 1048 1235 1096 et

79 1122 195 1180 iterum
214 1123 381 1182 sciscitatus
399 1136 454 1182 est.
493 1123 531 1180 Et
548 1124 672 1182 adiecit:
699 1124 814 1194 ‘Certe,
832 1126 908 1183 sicut
923 1143 978 1183 rex
996 1125 1174 1200 Anglorum,
1194 1125 1235 1182 ita

79 1220 115 1268 et
129 1227 185 1267 rex
205 1227 273 1268 sum
291 1229 364 1286 ego:
385 1221 614 1284 verumptamen
629 1211 786 1269 minimum
804 1212 843 1270 de
861 1211 978 1270 clericis
997 1212 1083 1286 regni
1102 1213 1162 1270 mei
1182 1213 1235 1270 de·

80 1315 201 1372 ponere
219 1315 280 1356 nou
297 1298 449 1356 valerem!
487 1299 551 1357 Nec
569 1299 651 1356 enim
670 1301 708 1356 ad
730 1299 903 1374 petitionem
929 1299 1035 1356 suam³
1053 1315 1233 1373 responsum
1250 1315 1281 1354 ro

80 1403 142 1459 pro
153 1395 224 1442 voto
237 1373 338 1444 riuncii
355 1386 528 1444 retulerunt
603 1374 694 1444 Misit
711 1404 830 1460 quoque
848 1387 1092 1460 archiepiscopus
1109 1387 1236 1444 nuncios

80 1473 124 1530 ad
143 1489 247 1546 regem
267 1473 291 1530 F
292 1490 471 1544 rancorurn3
496 1491 572 1548 quos
591 1474 722 1548 benigne
742 1473 855 1531 audiuit
876 1483 907 1532 et
928 1476 966 1532 ad
986 1475 1088 1532 oscula
1107 1474 1235 1532 admisit.

81 1560 164 1618 Cum
182 1571 282 1619 autern
300 1562 419 1620 labores
436 1561 654 1635 archiepiscopi
670 1571 702 1618 et
717 1561 850 1635 pericula
865 1562 998 1618 seriatim
1014 1562 1236 1636 exposuissent,

80 1657 236 1706 commota
259 1660 329 1706 sunt
351 1650 468 1708 viscera
487 1649 560 1720 eius,
578 1649 658 1707 etin
677 1666 772 1723 regno
792 1666 848 1706 suo
867 1667 972 1722 pacem
992 1659 1022 1708 et
1043 1650 1234 1707 securitatem

81 1735 313 1810 archiepiscopo
331 1737 462 1811 benigne
480 1737 637 1794 concessit.
675 1737 714 1793 Et
731 1736 847 1807 adiecit,
867 1737 923 1794 hoc
942 1737 980 1794 de
996 1735 1121 1810 pristina
1139 1736 1281 1810 digni-15

81 1833 148 1881 tate
173 1823 258 1898 regni
281 1825 465 1883 Francorum
487 1827 551 1884 lore
570 1835 601 1883 vt
622 1825 736 1893 exules,
756 1833 787 1882 et
808 1825 970 1897 presertim
989 1841 1120 1898 persone
1140 1824 1236 1882 eccle·

82 1911 217 1982 siastice,
236 1930 310 1986 pace
334 1913 529 1987 perfruantur
547 1922 578 1970 et
597 1931 615 1970 a
633 1921 885 1986 persequutorum
903 1911 1010 1969 iniuria
1028 1911 1237 1969 defendantur.

85 1987 299 2058 Procedentes
310 2000 382 2057 inde
395 2000 503 2070 nuncii,
513 1999 643 2057 Senonis
655 2001 693 2056 ad
706 2017 816 2073 papam
829 1999 1040 2070 accelerarunt,
1048 2008 1079 2056 et
1091 2017 1237 2072 eousque

81 2088 238 2161 preualuit
255 2087 431 2145 nunciorum
448 2087 530 2161 regis
543 2087 653 2160 Anglie
669 2086 832 2161 suggestio,
844 2089 924 2160 quod
938 2105 993 2144 nec
1006 2105 1023 2144 a
1037 2087 1236 2144 cardinalibus

83 2183 160 2232 sunt
183 2175 303 2232 salutati
327 2193 383 2233 nec
403 2177 442 2233 ad
464 2176 567 2233 oscula
588 2177 709 2248 recepti
747 2174 862 2232 Eadem
881 2183 982 2232 tamen
1003 2174 1051 2232 die
1070 2175 1107 2230 ad
1127 2191 1235 2248 papam
1252 2195 1284 2232 ao

86 2263 238 2321 habentes
256 2280 421 2332 accessum,
436 2262 653 2336 archiepiscopi
668 2279 830 2336 pressuras
848 2271 879 2318 et
896 2263 1057 2336 angustias,
1070 2261 1190 2320 dolores
1206 2270 1238 2320 et

88 2351 231 2424 pericula,
250 2351 368 2408 labores
386 2359 417 2408 et
434 2367 611 2423 erumpnam
630 2349 762 2407 seriatim
781 2358 994 2423 exposuerunt
1032 2349 1070 2406 Et
1088 2359 1238 2408 commota

87 2447 162 2495 sunt
179 2447 306 2511 paterne
323 2437 441 2512 pietatis
452 2439 568 2496 viscera
582 2455 674 2512 super
686 2437 756 2508 filio,
769 2446 799 2494 et
811 2437 938 2495 vbertim
952 2438 1112 2496 lachrimas
1124 2438 1238 2496 effudit.

91 2514 130 2584 In
152 2528 367 2583 crastinorum
387 2525 487 2583 nuncii
509 2525 589 2599 regis
609 2525 703 2582 multa
723 2533 826 2582 contra
845 2525 1150 2600 [archi]episcopum⁴
1170 2521 1238 2600 pro·

89 2614 264 2687 posuissent
287 2613 319 2671 in
348 2613 502 2688 presentia
529 2631 617 2687 pape,
641 2613 853 2670 adhortabatur
877 2631 930 2670 eos
960 2623 992 2671 vt
1022 2613 1239 2687 archiepiscopi
1254 2633 1283 2685 ²⁵

88 2703 254 2759 aduentum
272 2710 476 2776 expectarent,
488 2701 641 2771 adiiciens,
659 2699 691 2757 in
709 2701 845 2758 absentia
863 2701 930 2758 eius
948 2701 1021 2758 nihil
1041 2703 1072 2758 in
1090 2717 1160 2759 eum
1179 2711 1240 2760 sta·

89 2791 247 2847 tuendum.
283 2789 421 2847 Tandem
439 2788 489 2859 illi,
509 2788 636 2846 fraudati
655 2788 805 2846 desiderio
825 2805 889 2859 suo,
906 2790 943 2845 ad
962 2789 1104 2864 Angliam
1124 2789 1239 2846 reuersi

89 2887 171 2934 sunt.
254 2864 407 2936 Veniente
431 2877 550 2934 interim
575 2876 800 2950 archiepiscopo
825 2876 1008 2945 Suessionis,
1033 2895 1088 2934 rex
1115 2877 1239 2934 Francis

89 2967 129 3023 ad
151 2965 314 3040 hospitium
333 2965 399 3023 eius
420 2963 583 3034 descendit,
603 2973 632 3020 et
652 2963 683 3020 in
705 2963 881 3020 salutatione
899 2964 1045 3037 preuenit,
1062 2973 1093 3020 et
1108 2963 1139 3021 in
1159 2965 1241 3022 omni

89 3052 260 3110 alacritate³
272 3053 439 3126 suscipiens
457 3070 536 3122 eum,
550 3061 581 3108 et
593 3067 699 3124 pacem
712 3059 743 3108 et
758 3051 947 3108 securitatem
960 3053 1085 3122 donans,
1099 3052 1240 3125 quamdiu
1255 3069 1287 3122 go

89 3142 229 3200 exularet
252 3151 391 3214 sumptus
416 3140 602 3198 necessarios
626 3141 664 3196 de
689 3139 762 3196 fisco
793 3141 876 3213 regio
905 3148 1057 3213 gratanter
1086 3141 1241 3199 concessit

90 3219 153 3288 Vir
164 3229 214 3286 dei
226 3231 347 3286 tandem
364 3229 401 3286 ad
414 3228 569 3285 dominum
586 3245 696 3301 papam
711 3227 842 3284 Senonis
854 3228 946 3297 venit,
959 3237 989 3286 et
1005 3246 1023 3285 a
1042 3229 1242 3286 cardinalibus

91 3317 196 3391 tepide
207 3317 329 3390 quidem
341 3327 483 3391 acceptus
496 3325 544 3373 est
556 3336 563 3384 3
584 3316 638 3372 sed
654 3332 722 3372 cunr
739 3333 840 3372 coram
853 3332 933 3389 papa
945 3317 1065 3373 sederet
1077 3327 1107 3374 et
1119 3325 1244 3391 propter

91 3400 295 3458 reuerentiam
320 3417 443 3474 surgere
466 3400 566 3470 vellet,
591 3399 691 3456 iussus
715 3399 876 3456 residendo
900 3417 1021 3456 causam
1046 3400 1175 3469 edicere,
1199 3401 1242 3459 sic

91 3489 223 3562 incepit:
253 3487 357 3547 ‘Licet
386 3505 447 3544 non
476 3487 602 3544 multum
632 3487 793 3560 sapientes,
825 3503 881 3544 nec
910 3497 1011 3544 tamen
1041 3505 1137 3562 vsque
1167 3489 1243 3546 adeo
1257 3506 1288 3557 35

93 3593 200 3635 sumus
224 3575 304 3644 latui,
327 3585 360 3634 vt
385 3592 489 3649 regern
510 3574 632 3648 Anglie,
656 3591 728 3631 suos
752 3583 782 3630 et
808 3591 871 3644 sua,
896 3592 951 3648 pro
978 3573 1070 3632 nihilo
1095 3576 1244 3650 relinque·

93 3681 208 3724 remus.
246 3664 323 3720 Nam
343 3663 369 3721 si
389 3663 535 3722 vellemus
551 3680 604 3719 sue
624 3679 679 3735 per
698 3661 800 3719 omnia
819 3663 939 3735 placere
958 3662 1111 3731 voluntati,
1136 3663 1167 3720 in
1189 3677 1244 3720 sua

93 3760 243 3826 potestate
266 3752 315 3810 vel
339 3767 435 3824 regno
459 3767 520 3807 non
548 3759 629 3808 esset
653 3751 721 3823 quis
744 3749 795 3823 qui
824 3750 911 3806 nobis
936 3767 997 3806 non
1024 3751 1160 3808 obediret
1187 3769 1244 3824 pro

93 3840 186 3898 libito.
224 3839 262 3898 Et
280 3841 352 3897 dum
371 3840 428 3896 sub
446 3839 502 3896 hac
521 3836 690 3895 conditione
709 3838 736 3894 ei
758 3837 953 3895 militaremus
961 3837 981 3906 ⁸,
1000 3839 1071 3910 quid
1091 3837 1145 3894 fuit
1164 3838 1243 3911 quod

92 3927 182 3985 nobis
201 3942 262 3984 non
281 3925 425 3984 successit
443 3927 480 3983 ad
493 3931 615 3983 votum?
653 3926 700 3982 Ex
715 3943 775 3999 quo
789 3925 871 3983 enirn
885 3925 974 3982 aliam
991 3925 1121 3998 ingressi
1140 3942 1244 3983 sumus
1258 3945 1291 3994 4ο

92 4015 184 4085 viam,
197 4015 297 4085 etiam,
310 4014 337 4072 si
355 4015 393 4071 ab
411 4014 469 4072 isto
488 4013 641 4087 proposito
655 4014 804 4071 vellemus
822 4013 938 4071 resilire
947 4012 968 4084 ⁷,
980 4015 1018 4070 ad
1035 4012 1101 4070 eius
1119 4013 1245 4087 gratiam

93 4103 332 4176 recuperandam
357 4100 468 4160 nullius
492 4119 622 4176 persone
641 4117 802 4176 egeremus
825 4101 1005 4160 interuentu.
1041 4099 1155 4158 Verum
1176 4101 1247 4174 quia

128 4308 303 4372 maenio.
401 4307 459 4360 ¹1⁷.
472 4309 665 4359 eidorninisui.
765 4305 823 4359 ’Β
836 4323 918 4360 suurn.
1019 4307 1078 4360 ⁴13.
1089 4309 1246 4374 episcopum.

93 4375 289 4426 'Beleritate
357 4371 601 4428 ‘atmitruuimua
666 4371 723 4425 ²13.
734 4374 850 4425 resilere.

131 4485 200 4528 VOL.
213 4486 246 4528 11.
639 4485 658 4527 C
670 4485 686 4527 c
