3008 4904
343 309 417 405 mc
441 307 606 399 sunm
633 307 832 400 ormano
857 321 962 411 trac.
1156 313 1227 404 265

57 507 160 568 ribus
179 511 336 570 sexdecim
348 521 513 585 separatur.
551 507 586 568 In
599 527 658 583 quo
671 508 792 582 quidem
804 525 912 582 campo
925 503 1059 576 ecclesia,
1071 523 1131 580 que
1144 509 1230 564 ‘can-

57 599 145 654 dida
170 600 317 656 ecclesia'
336 600 451 668 dicitur,
472 599 504 656 in
529 598 624 656 sancti
645 597 780 654 Oswaldi
805 597 919 653 honore
943 595 1091 665 fundatur,
1113 603 1143 650 et
1169 611 1230 651 non

59 687 184 758 procul
204 687 275 744 inde
293 688 361 744 lons
379 686 544 761 perhennis
563 685 704 756 exoritur,
717 684 768 758 qui
786 685 824 741 ab
843 684 949 741 incolis
964 683 1047 740 ‘sons
1066 682 1160 740 sancti
1174 682 1230 739 Os·

59 774 183 830 waldi’
204 774 384 832 nominatur.
421 774 524 832 Penda
541 791 613 830 vero
633 791 687 830 rex
706 781 796 846 caput
814 773 909 830 sancti
926 771 1059 829 Oswaldi
1078 771 1228 827 abscisum

59 878 144 916 curn
163 862 294 920 brachiis
312 881 368 935 per
383 879 496 919 annum
514 862 546 918 in
565 861 714 935 stipitibus
732 861 877 934 suspendi
893 859 988 916 iussit.
1061 847 1258 922 Oswalduss

61 965 211 1022 namque
230 969 284 1007 rex
304 968 398 1023 regno
411 950 593 1008 Merciorum
610 949 749 1022 primitus
768 948 923 1020 subiugato
942 955 972 1003 et
990 964 1062 1020 rege
1076 946 1179 1002 Penda
1197 945 1229 1002 in

62 1035 221 1094 Walliam
246 1038 355 1111 fugato,
375 1038 563 1111 congregatis
586 1053 771 1111 paganorum
798 1035 893 1109 copiis
917 1036 948 1091 in
973 1035 1039 1090 loco
1063 1042 1229 1090 memorato

62 1133 219 1182 sanctum
239 1143 343 1199 regem
365 1125 729 1182 Oswalduminterlecit1.
779 1123 923 1196 ’Sepulto
942 1139 1016 1179 vcro
1035 1121 1065 1177 in
1084 1120 1229 1177 cimiterio

63 1211 306 1270 lindisfarnensi
319 1213 424 1288 capite,
438 1213 611 1287 frequenter
623 1213 653 1269 in
667 1213 732 1269 loco
744 1211 795 1268 illo
807 1211 893 1285 quasi
906 1212 1036 1281 lucerna,
1049 1210 1228 1282 quandoque

62 1309 100 1356 vt
119 1300 254 1358 candida
266 1301 361 1358 forma
378 1302 494 1374 aliqua3
514 1318 593 1358 nunc
612 1301 688 1357 sicut
707 1301 839 1370 candela,
853 1300 942 1356 modo
960 1297 1052 1354 nitida
1064 1297 1144 1354 velut
1160 1297 1228 1366 tela,
1244 1313 1274 1350 ιο

63 1387 124 1443 lux
147 1387 256 1444 celitus
274 1389 386 1445 emissa
404 1389 529 1446 refulsit.
566 1387 709 1445 Extracto
727 1386 854 1461 proinde
873 1385 978 1460 capite,
996 1386 1027 1442 in
1044 1386 1119 1442 vrbe
1139 1384 1228 1440 Bam·

65 1474 196 1548 burgh⁸
218 1475 380 1534 honorifice
405 1477 527 1534 locatur.
598 1464 815 1549 ⁴Tepcscente
840 1477 963 1532 demum
981 1490 1053 1546 erga
1072 1472 1167 1530 sancti
1180 1489 1228 1530 re·

64 1561 186 1634 liquias
206 1563 309 1636 populi
328 1564 495 1633 deuotione,
515 1582 570 1620 nec
591 1573 654 1621 erat
673 1565 724 1638 qui
742 1564 832 1637 digne
852 1563 994 1635 reliquias
1014 1562 1114 1634 (huius
1133 1560 1227 1618 sancti

63 1651 262 1722 preciosas)⁶
275 1653 436 1722 excoleret,
449 1652 498 1709 vel
511 1652 645 1709 custodie
659 1653 843 1726 diligentiam
856 1651 1020 1708 exhiberet.
1060 1649 1226 1706 Monachus

64 1737 167 1810 igitur
183 1739 304 1811 quidam
323 1741 362 1796 de
380 1741 475 1820 burgo
496 1741 591 1796 sancti
613 1740 695 1797 Petri
715 1740 745 1797 in
767 1739 902 1814 partibus
923 1738 981 1795 illis
1003 1737 1177 1806 adueniens,
1197 1745 1227 1793 et
1241 1753 1271 1804 15

65 1835 194 1882 secreta
206 1827 333 1884 ecclesie
341 1827 392 1884 vbi
404 1827 528 1900 reliquie
538 1836 623 1884 erant
635 1827 767 1900 reposite
778 1827 937 1900 diligenter
945 1826 1116 1898 explorans,
1127 1823 1227 1880 habita

64 1913 276 1986 oportunitate
296 1915 449 1972 brachium
473 1915 569 1972 sancti
587 1915 721 1972 Oswaldi
746 1917 785 1972 de
809 1915 915 1972 theca⁸
937 1913 1100 1970 extrahens
1122 1928 1225 1968 secum

66 2001 212 2058 clanculo
228 2005 401 2075 asportauit,
414 2012 444 2059 et
460 2002 491 2060 in
509 2020 564 2059 suo
577 2003 703 2060 cenobio
716 2021 783 2060 cum
796 2003 910 2059 honore
924 1999 1085 2058 collocauit.
1122 1999 1227 2056 Maluit

65 2089 158 2146 enim
168 2090 237 2146 talis
246 2089 317 2146 furti
330 2090 495 2165 sacrilegus
504 2091 568 2148 lore
578 2093 767 2164 depredator‚
777 2109 869 2165 quam
880 2099 962 2147 tanto
972 2106 1074 2146 carere
1083 2088 1226 2144 thezauro

66 2196 128 2236 sue
138 2178 322 2236 conscientie
330 2179 487 2252 improbus
496 2189 658 2237 accusator.
682 2177 1226 2252 Depeccatienimcriminequodam·
1241 2193 1271 2232 πο

67 2267 167 2324 modo
189 2266 307 2322 laudem
332 2266 426 2341 glorie
450 2268 616 2341 acquisiuit‚
637 2269 709 2325 dum
730 2270 768 2325 de
790 2286 845 2326 sue
866 2276 937 2324 nota
959 2265 1081 2323 infantie
1102 2265 1225 2321 honoris

67 2353 229 2412 cumulum
254 2372 309 2412 sue
333 2355 460 2412 ecclesie
485 2355 701 2429 compensauit,
726 2365 756 2412 et
781 2365 885 2413 sancto
909 2353 1023 2412 martiri
1048 2362 1225 2427 perpetuam

68 2441 300 2500 venerationem
323 2443 478 2516 acquirere
503 2446 619 2502 meruit.
702 2432 841 2517 lElapso
860 2453 928 2517 post
947 2441 1112 2499 martirium
1130 2440 1226 2498 sancti

70 2529 212 2588 Oswaldi
231 2547 311 2587 anno
330 2549 390 2587 vno
410 2533 549 2605 apparuit
567 2531 688 2605 quidam
707 2531 739 2589 in
757 2531 874 2589 visione
894 2531 958 2605 regi
977 2530 1081 2587 Oswio
1102 2530 1223 2588 dicens:

68 2617 183 2686 ‘Vade,
196 2617 301 2691 inquit,
313 2618 466 2690 citissime,
480 2628 510 2676 et
527 2628 616 2693 caput
632 2638 700 2678 curn
714 2619 845 2677 brachiis
862 2619 962 2676 fratris
978 2619 1021 2675 tui
1038 2636 1093 2691 pro
1106 2617 1225 2674 Christo
1240 2637 1269 2688 ²5

69 2705 165 2764 occisi
178 2705 339 2778 diligenter
350 2705 477 2780 inquire.
517 2707 594 2764 Nam
608 2716 696 2780 caput
708 2709 819 2764 diutius
832 2707 862 2764 in
875 2706 975 2780 stipite
989 2705 1106 2779 conligi,
1115 2704 1225 2762 Christi

69 2793 234 2852 clementia
247 2793 404 2867 indignum
418 2793 519 2852 duxit:
540 2797 594 2852 sed
608 2804 637 2852 et
650 2795 772 2852 brachia
784 2813 851 2852 cum
864 2794 1002 2851 manibus
1015 2793 1063 2849 dei
1078 2793 1226 2849 honorare

69 2881 192 2940 bonitas
214 2881 371 2955 disposuit,
391 2891 421 2938 et
443 2900 461 2939 a
480 2883 650 2940 volatilibus
670 2883 725 2940 celi
746 2901 783 2940 ea
801 2883 861 2940 ledi
883 2901 942 2939 non
964 2881 1109 2955 permisit,
1129 2898 1184 2937 nec
1207 2897 1226 2938 a

72 2969 300 3045 pulchritudine
319 2987 374 3027 sua
392 2979 474 3028 tanto
492 2980 629 3044 tempore
647 2971 798 3028 maculari.
836 2971 1000 3027 Dexteram
1019 2986 1087 3026 cum
1104 2968 1225 3025 brachio

71 3075 137 3115 non
149 3057 208 3114 iam
221 3057 252 3114 in
265 3058 377 3130 stipite,
390 3059 443 3116 sed
461 3058 492 3114 in
506 3059 592 3132 aquis
603 3059 773 3117 uiuentibus
786 3059 928 3133 reperies,
940 3058 990 3116 vbi
1004 3056 1117 3113 meritis
1129 3055 1225 3129 ipsius
1239 3069 1272 3120 30

71 3148 115 3204 de
133 3162 206 3202 saxo
225 3143 390 3202 durissimo
405 3145 473 3204 fons
485 3145 573 3204 vinus
591 3163 733 3204 emanare
751 3146 846 3218 cepit?
891 3146 950 3202 His
965 3145 1052 3202 dictis
1069 3145 1159 3202 heros
1175 3145 1225 3201 ille

73 3233 232 3306 disparuit,
250 3241 281 3288 et
298 3250 354 3290 rex
374 3233 430 3290 iter
447 3251 513 3290 cum
533 3233 722 3291 festinatione
741 3244 903 3302 maturans
915 3234 998 3291 iussa
1016 3233 1177 3306 compleuit
1195 3243 1226 3290 et

73 3331 164 3394 caput
185 3320 215 3377 in
236 3319 380 3376 cimiterio
399 3320 622 3379 lindisfarnensi
644 3323 792 3396 sepeliuit,
811 3331 841 3380 et
860 3323 1015 3379 brachium
1036 3322 1116 3396 apud
1135 3321 1226 3378 Bam·

73 3409 173 3482 burgh
197 3408 375 3481 composuit.
411 3409 552 3483 ⁸Corpus
573 3428 692 3483 quoque
712 3420 742 3467 et
762 3427 832 3467 ossa
851 3410 976 3466 adduxit
994 3427 1097 3467 secum
1122 3410 1225 3482 regina

75 3494 258 3554 Merciorum
278 3495 395 3564 Osdda,
408 3496 471 3554 lilia
489 3497 568 3570 regis
587 3497 680 3566 Oswi,
700 3497 749 3555 et⁹
767 3516 863 3571 usque
885 3499 922 3554 ad
943 3498 1157 3555 monasterium
1186 3499 1225 3554 de
1238 3511 1270 3564 35

75 3579 243 3638 Bardeneia
262 3579 292 3636 in
310 3579 471 3638 Lindeseia
490 3580 612 3641 detulit:
640 3583 694 3640 sed
711 3583 886 3654 repulerunt
905 3599 972 3638 eam
981 3581 1002 3614 ¹⁰
1019 3582 1166 3650 monachi,
1179 3581 1225 3638 in·

73 3667 212 3725 uidentes
230 3675 355 3734 mortuo,
368 3668 438 3741 quia
455 3685 548 3743 super
563 3687 616 3727 eos
633 3669 740 3727 bellico
755 3669 821 3728 iure
837 3687 963 3742 regnum
977 3679 1150 3742 acceperat3
1170 3671 1224 3726 sed

74 3764 162 3814 nocte
175 3755 358 3828 intempesta
375 3755 450 3813 lucis
462 3756 527 3814 visa
543 3757 702 3830 columpna
719 3760 936 3830 super'corpus
949 3757 1092 3814 diuinitus
1104 3755 1224 3826 emissa,

73 3845 150 3902 vltro
164 3842 314 3916 petierunt
332 3845 411 3916 quod
430 3853 500 3901 ante
517 3845 691 3902 reiecerant.
731 3845 775 3901 lbi
789 3845 871 3902 enim
884 3863 923 3902 ex
936 3847 1061 3902 cadente
1078 3845 1224 3916 sanguine

75 3930 322 4004 reuiruitcespes.
371 3919 592 3989 1¹Postmultos
603 3931 727 3989 martirii
736 3932 904 3990 eiusannos
914 3941 1035 3990 sanctus
1044 3931 1224 3988 Cuthbertus
1236 3952 1270 4001 40

75 4019 189 4078 cuidam
207 4019 239 4074 in
258 4018 410 4091 obsequiis
429 4019 495 4076 eius
512 4023 622 4078 deuoto
641 4037 801 4094 apparens,
816 4020 907 4078 dixit:
928 4020 1052 4093 ‘Surge,
1069 4019 1173 4092 inquit,
1193 4029 1223 4076 et

76 4116 161 4182 caput
177 4105 274 4164 sancti
287 4106 428 4180 Oswaldi,
440 4107 472 4164 in
485 4108 613 4166 ecclesia
628 4109 666 4166 de
681 4107 855 4182 Bamburgh
873 4107 1075 4182 negligentius
1092 4107 1223 4164 custodi·

109 4245 117 4276 ¹
127 4245 209 4295 Abad
221 4246 397 4296 construction
408 4265 414 4308 ς
432 4261 451 4296 r.
464 4246 613 4296 interiectus
625 4253 673 4296 est.
752 4245 762 4275 ¹
773 4247 866 4309 Regin.
881 4263 918 4309 ¹3·
1003 4244 1013 4274 ⁸
1025 4245 1054 4296 E.
1069 4245 1221 4298 Bamburch.

78 4313 86 4342 ¹
97 4311 184 4374 Regin.
198 4313 240 4372 48.
323 4312 419 4361 'huius
429 4327 450 4362 s.
462 4313 593 4375 preciosas
604 4328 653 4364 om.
666 4311 691 4362 in
704 4311 732 4363 T.
833 4310 844 4339 ⁸
855 4313 884 4362 T.
894 4321 957 4363 teca.
1057 4309 1066 4340 i
1079 4311 1172 4374 Regin.
1184 4325 1222 4376 15.

79 4377 167 4448 flieds
177 4377 229 4440 111,
243 4393 281 4429 11.
357 4377 429 4428 ’om
441 4378 467 4428 in
479 4378 509 4430 T.
586 4378 605 4408 ¹⁰
618 4378 647 4429 E.
661 4393 727 4430 eum.
805 4377 824 4408 ²¹
836 4377 929 4442 Regin.
940 4394 981 4444 49.
