3054 4904
397 321 471 414 lle
496 318 661 410 sancto
686 321 951 426 nantuato.
1178 351 1246 424 117

91 519 217 591 penitus
235 521 355 579 ademit.
394 522 540 580 Dominus
559 533 659 581 autem
679 524 729 597 qui
749 542 832 582 mare
853 525 977 582 rubrum
994 524 1095 583 diuisit
1107 536 1137 583 et
1149 546 1246 601 popu-

91 607 158 664 lum
180 608 275 665 lsrael
293 609 381 667 siccis
403 611 531 683 pedibus
550 629 606 684 per
627 613 759 668 medium
782 613 847 670 eius
872 615 1023 686 quondam
1049 615 1160 684 eduxit,
1180 615 1245 690 ipse

92 693 260 752 Mallenam
278 697 402 754 fluuium
422 717 511 755 seruo
530 717 585 756 suo
603 699 712 770 diuisit,
729 710 874 773 erantque
893 701 979 774 quasi
998 703 1111 758 muria
1130 703 1245 762 dextris

90 791 125 838 et
143 799 160 838 a
180 784 310 842 sinistris
329 785 401 842 eius.
439 787 556 844 Deinde
576 787 759 844 brachiolum
777 789 926 844 marinum
939 807 995 861 per
1006 798 1128 863 pontem
1148 799 1246 848 trans-

89 868 170 940 iens,
191 873 349 944 repentino
369 873 483 947 impetu
502 892 596 947 aquas
614 875 733 932 alueum
752 876 879 948 implere
899 886 929 932 et
949 879 1106 932 transitum
1126 878 1273 949 cuilibet5

89 975 206 1030 negare
219 960 299 1017 vidit.
338 959 436 1018 Locus
452 970 552 1018 autem
570 962 621 1018 ille
638 963 668 1018 in
686 972 839 1035 posterum
855 962 1108 1020 intransmeabilis
1122 965 1183 1036 fuit,
1198 966 1244 1022 et¹

88 1061 172 1117 pons
193 1047 279 1119 aquis
301 1048 393 1106 maris
412 1049 557 1121 deinceps
576 1058 729 1106 contectus
748 1051 821 1107 nulli
839 1051 963 1107 vlterius
982 1053 1157 1108 transeundi
1175 1071 1244 1125 pre-

88 1133 155 1189 buit
175 1133 353 1194 facultatem.
391 1136 521 1193 Mallena
536 1137 627 1194 etiam
645 1137 754 1194 fluuius
772 1156 893 1196 cursum
911 1156 999 1195 suum
1015 1139 1199 1212 relinquens
1213 1140 1244 1198 in

89 1219 227 1279 Ledonis
245 1223 327 1280 fluuii
341 1224 462 1280 alueum
482 1224 625 1297 deinceps
641 1243 674 1282 se
694 1225 830 1295 retorsit;
850 1225 953 1298 sicque
971 1227 1031 1282 duo
1046 1225 1129 1282 fluuii
1147 1245 1243 1300 vsque

86 1317 162 1365 tunc
187 1309 276 1366 diuisi
300 1329 319 1366 a
342 1311 392 1368 die
417 1312 466 1368 illa
490 1313 644 1369 commixti
667 1322 746 1370 sunt.
784 1313 821 1369 Et
843 1331 912 1370 ecce
935 1323 1056 1370 sanctus
1079 1299 1289 1386 Se'ruanuS,10

87 1397 205 1454 seniles
223 1407 306 1454 artus
325 1400 431 1455 baculo
450 1409 573 1472 regente
591 1400 756 1473 fugientem
778 1410 906 1469 secutus,
927 1419 1019 1474 supra
1037 1401 1133 1474 ripam
1153 1406 1243 1474 stetit,

86 1495 118 1540 et
133 1484 274 1542 eiulando
290 1487 424 1544 clamans
442 1487 534 1544 dixit:
555 1488 642 1544 ‘Heu
659 1505 716 1558 me,
730 1489 772 1544 fili
790 1488 958 1558 karissime,
971 1489 1073 1544 lumen
1089 1490 1242 1548 oculorum

85 1589 238 1640 meorum,
256 1574 380 1630 baculus
397 1577 563 1631 senectutis
583 1593 668 1631 mee:
688 1592 781 1648 quare
799 1592 848 1631 me
865 1575 1000 1631 deseris?
1019 1593 1073 1632 cur
1089 1593 1137 1631 me
1155 1578 1242 1634 dere·

86 1659 220 1732 linquis?
259 1660 411 1734 Recogita,
431 1679 534 1734 queso,
553 1664 703 1735 quomodo
722 1681 761 1719 ex
780 1672 914 1719 materno
933 1661 1090 1735 profusum
1108 1672 1193 1720 vtero
1212 1672 1241 1720 te

85 1749 219 1821 suscepi,
241 1749 358 1816 nutriui,
381 1751 475 1818 docui,
495 1767 591 1822 vsque
611 1750 643 1806 in
665 1751 742 1807 hanc
765 1751 869 1806 horam
894 1750 1036 1807 educaui:
1068 1752 1128 1806 noli
1154 1752 1241 1808 dere·
1260 1780 1267 1812 ι
1273 1779 1286 1826 5

85 1835 226 1907 linquere
245 1854 338 1892 canos
357 1840 458 1894 meos!
505 1837 634 1894 Sanctus
652 1855 725 1894 vero
746 1839 778 1894 in
800 1839 960 1894 lachrimas
978 1837 1128 1895 resolutus
1147 1839 1239 1898 dixit:

85 1922 207 1993 ‘Vides,
232 1933 326 1996 pater,
351 1923 486 1981 diuinum
513 1943 581 1982 esse
607 1927 686 1998 quod
711 1926 814 1998 agitur,
841 1943 896 1982 nec
922 1926 1079 1982 consilium
1103 1926 1240 1984 altissimi

84 2009 257 2081 immutare,
270 2021 321 2068 aut
338 2012 481 2068 voluntati
501 2030 561 2068 non
579 2014 810 2086 obtemperare²
828 2014 981 2069 valemus!
1019 2013 1131 2086 ‘Rogo,
1145 2013 1241 2086 inquit

84 2097 252 2167 Semnus,
276 2109 318 2170 vt,
342 2100 416 2156 sicut
439 2109 508 2156 ante
533 2099 636 2169 fecisti,
658 2119 749 2174 prece
768 2111 819 2158 tua
839 2101 935 2156 salum
958 2099 1083 2170 diuidaS,
1103 2102 1240 2158 denudes

84 2186 195 2255 solum,
207 2196 239 2242 vt
258 2186 340 2243 solus
358 2188 567 2260 pertransiens
586 2205 641 2260 per
660 2189 771 2245 siccum
793 2190 968 2261 perueniam
987 2189 1025 2244 ad
1043 2197 1082 2244 te.
1121 2187 1242 2245 Efficias
1255 2209 1286 2245 20

83 2275 168 2330 enim
187 2275 239 2330 tibi
258 2277 297 2330 de
316 2285 401 2347 patre
420 2276 509 2346 filius,
528 2277 566 2332 de
587 2278 708 2333 doctore
730 2276 905 2348 discipulus,
924 2284 954 2332 et
973 2293 1068 2348 vsque
1089 2275 1127 2331 ad
1147 2276 1239 2333 finem

81 2362 147 2418 vite
166 2379 268 2418 comes
288 2363 477 2419 indiuiduus!
513 2363 598 2420 Tunc
618 2363 757 2420 sanctus³
774 2364 867 2419 multo
887 2363 958 2419 fletu
978 2363 1163 2419 madefactus
1181 2365 1239 2421 ait:

83 2449 287 2520 ‘Regredere
301 2467 403 2521 queso,
417 2459 504 2523 pater
521 2451 572 2521 mi,
591 2459 621 2508 et
638 2451 802 2523 discipulos
818 2460 884 2508 tuos
900 2450 1036 2506 doctrina
1050 2460 1080 2507 et
1099 2453 1239 2524 exemplo

82 2536 202 2592 instrue
230 2546 259 2593 et
287 2537 444 2610 disciplina
475 2539 599 2610 corrige.
654 2538 829 2595 Retributor
853 2539 987 2594 omnium
1017 2539 1163 2594 bonorum
1193 2557 1237 2597 re·

81 2625 196 2680 tribuat
215 2624 267 2680 tibi
288 2641 344 2696 pro
365 2625 517 2682 vniuersis
539 2626 694 2683 beneficiis
715 2644 774 2698 que
800 2625 889 2682 michi
910 2625 1081 2682 exhibuisti.
1119 2625 1237 2684 Bonum
1254 2647 1283 2700 ²5

81 2711 167 2784 enim
180 2721 333 2768 certamen
347 2712 475 2780 certasti,
488 2730 669 2786 cursumque
682 2715 741 2770 iam
754 2713 976 2770 consummasti.
1015 2713 1078 2786 Ego
1092 2714 1238 2785 [autem]⁴

81 2816 209 2872 pergam
228 2817 287 2872 quo
307 2816 355 2856 me
374 2801 455 2856 misit
473 2801 523 2857 ille
542 2801 592 2873 qui
615 2819 664 2857 me
683 2803 853 2873 segregauit
872 2818 910 2858 ex
926 2811 1010 2857 vtero
1029 2803 1133 2856 matris
1153 2805 1238 2858 mee!

82 2887 120 2945 Et
144 2887 188 2944 sic
208 2897 312 2944 mutua
332 2888 400 2944 data
416 2888 634 2959 benedictione,
653 2890 691 2944 ab
706 2888 836 2945 inuicem
855 2888 1068 2945 discesserunt.
1105 2887 1235 2946 Sanctus

81 2985 184 3033 autem
199 2975 354 3031 Seruanus
367 2976 397 3031 in
412 2984 566 3033 senectute
579 2977 657 3032 bona
670 2977 727 3032 cito
741 2975 880 3048 migrauit
892 2976 929 3032 ad
943 2976 1107 3032 dominum.
1159 2963 1236 3031 Pro-

81 3065 197 3120 cedens
217 3062 289 3118 inde
310 3063 356 3118 vir
376 3062 434 3133 dei,
456 3061 486 3118 in
509 3065 574 3120 loco
599 3064 721 3120 nomine
745 3063 878 3136 Glasghu
896 3063 926 3118 in
946 3062 1039 3118 multa
1057 3062 1237 3120 abstinentia
1252 3087 1284 3136 30

80 3151 174 3208 vixit:
195 3151 291 3206 donec
310 3167 365 3205 rex
384 3159 415 3206 et
433 3151 531 3208 clerus
549 3151 681 3223 regionis
698 3150 893 3221 cambrensis
906 3167 974 3207 cum
992 3149 1100 3206 ceteris
1119 3149 1236 3206 christi·

80 3239 148 3295 anis
162 3239 230 3294 licet
243 3237 356 3310 paucis,
368 3239 468 3311 ipsum
481 3239 642 3311 plurimum
660 3239 840 3296 renitentem
857 3241 888 3294 in
906 3247 1058 3311 pastorem
1074 3248 1104 3295 et
1120 3237 1236 3311 episco-

79 3344 154 3400 pum
186 3326 341 3398 eligerent.
378 3326 482 3384 Accito
510 3336 610 3384 autem
639 3328 677 3384 de
708 3326 855 3383 Hibernia
883 3343 943 3382 vno
969 3325 1121 3399 episcopo,
1150 3343 1235 3386 more

81 3413 240 3470 Britonum
265 3423 295 3470 et
320 3413 478 3470 Scotorum
503 3415 534 3470 in
559 3415 735 3488 episcopum
766 3414 865 3486 ipsum
894 3412 1063 3470 consecrari
1092 3413 1234 3470 fecerunt.

82 3500 151 3558 Mos
170 3501 252 3557 enim
271 3503 301 3556 in
322 3500 477 3558 Britannia
494 3503 660 3558 inoleuerat
678 3504 709 3558 in
728 3501 953 3558 consecratione
972 3501 1155 3573 pontificum,
1171 3509 1233 3558 tan·
1248 3522 1279 3572 35

79 3589 236 3646 tummodo
261 3589 358 3661 capita
382 3607 487 3646 eorum
511 3589 589 3646 sacri
614 3590 762 3646 crismatis
787 3589 938 3646 infusione
963 3605 1141 3662 perungere,
1164 3606 1233 3645 cum

79 3675 269 3733 inuocatione
291 3675 385 3732 sancti
406 3677 537 3750 spiritus,
559 3686 589 3734 et
612 3678 829 3746 benedictione,
852 3685 882 3732 et
903 3693 1012 3732 manus
1033 3674 1232 3750 impositione.

80 3761 233 3822 Ιηειιίειιιίὓ
248 3764 329 3820 enirn
349 3766 434 3837 quasi
452 3773 538 3821 extra
556 3765 660 3821 orbem
682 3765 781 3837 positi,
800 3765 1025 3838 emergentibus
1043 3780 1229 3836 paganorum

79 3851 328 3920 infestationibus,
353 3869 501 3910 canonum
525 3862 612 3909 erant
636 3853 749 3926 ignari:
781 3851 983 3909 ecclesiastica
1010 3852 1077 3907 ideo
1105 3867 1232 3906 censura

79 3939 155 4011 ipsis
179 3940 431 3997 condescendens
455 3940 679 3997 excusationem
705 3940 825 3997 illorum
849 3939 978 3995 admittit
1002 3937 1032 3994 in
1058 3939 1114 3994 hac
1138 3945 1231 4010 parte.
1244 3959 1279 4008 40

79 4026 209 4084 Sanctus
230 4038 330 4084 autem
354 4025 567 4100 Kentegernus
588 4029 678 4084 huius
699 4027 775 4084 ritus
793 4027 898 4097 errori,
918 4027 995 4084 sicut
1012 4025 1090 4082 infra
1108 4024 1231 4096 dicetur,
1261 4011 1265 4030 ’

79 4115 198 4186 plenius
215 4115 366 4172 satisfecit.
404 4115 614 4173 Cathedralem
633 4116 738 4173 sedem
751 4116 781 4172 in
794 4116 868 4172 vrbe
884 4113 1058 4188 glasguensi
1071 4111 1230 4182 constituit,

79 4209 107 4258 et
128 4219 270 4275 magnam
295 4205 557 4276 congregationem
583 4203 749 4260 secundum
775 4202 903 4259 formam
928 4201 1079 4276 primitiue
1103 4199 1229 4258 ecclesie

109 4335 168 4387 ιαἱ.
185 4353 251 4388 nam.
328 4337 564 4403 ‘Eobtemptare
641 4339 698 4391 ⁸12.
711 4339 903 4390 Sanctustunc.
977 4336 1091 4399 ⁴s0T.;
1110 4335 1139 4386 E.
1153 4336 1229 4386 enim.

79 4399 131 4453 ’ἱ
147 4403 268 4454 insulam.
