3028 4894
396 307 660 406 Desinite
685 307 896 398 totilutm
1156 328 1230 400 443

57 513 107 570 in
123 529 235 572 omnes
248 529 393 571 exercere
410 513 537 571 studete.
576 511 656 568 Nihil
675 511 713 568 sit
731 511 811 584 quod
823 525 878 569 vos
896 526 914 567 a
932 507 1073 566 charitate
1091 507 1231 577 seducat;

58 619 118 658 ne
132 602 174 657 ab
186 617 222 658 ea
234 617 293 674 que
306 601 336 658 in
350 600 472 658 Christo
489 608 535 658 est
552 599 722 658 sinceritate
738 597 860 656 cadatis.
898 596 1021 670 Maligni
1040 595 1232 664 insidiatoris,

61 705 161 761 quos
174 688 313 746 fidelibus
325 687 429 756 tendit,
441 688 565 761 laqueos
577 687 691 745 nostis:
711 705 770 760 que
785 687 936 759 figmenta,
949 685 1025 741 sicut
1038 701 1055 741 a
1068 701 1118 741 me
1130 682 1233 756 sepius

62 775 218 844 audistis,
231 775 313 833 omni
327 775 515 833 solicitudine
533 784 636 833 cauete
649 783 687 844 et,
702 782 791 848 prout
805 791 854 830 me
871 772 969 830 lacere
981 771 1105 839 vidistis,
1117 787 1136 827 a
1147 769 1233 828 vobis

65 864 189 937 procul
209 862 333 921 abiicite.
370 863 436 920 Hec
454 862 550 932 facite,
569 873 599 920 et
617 864 692 920 deus
710 861 794 935 pacis
812 860 869 918 erit
886 859 1050 918 vobiscum.
1088 857 1125 914 Et
1144 865 1262 926 nunc,5

65 951 194 1008 fratres
210 949 312 1024 [mei]¹
326 949 516 1023 (charissimi)
527 950 545 1021 ¹,
559 951 650 1007 nolite
663 966 764 1007 moras
777 947 889 1006 inferre
901 946 1048 1020 migranti.
1076 945 1139 1002 Vos
1151 943 1233 1002 enim

68 1037 157 1095 olim
182 1055 233 1095 me
256 1038 294 1095 ad
315 1038 408 1095 vitam
432 1047 555 1096 euntem
579 1037 760 1094 reuocastis:
792 1037 847 1093 sed
872 1034 962 1092 modo
986 1033 1107 1107 parcite,
1131 1049 1235 1105 queso.

73 1125 173 1182 quat
190 1125 270 1183 enim
283 1143 341 1194 me,
354 1125 492 1200 deposito
507 1125 608 1182 carnis
624 1141 715 1182 onere
731 1140 842 1196 agnum
855 1120 1019 1194 dei'sequi’
1057 1119 1126 1177 Hiis
1138 1118 1235 1188 dictis,

71 1221 112 1271 et
146 1212 286 1271 fratribus
316 1212 394 1269 circa
418 1231 452 1271 se
475 1212 692 1287 psallentibus:
724 1228 791 1268 cum
822 1209 1015 1284 peruenirent
1044 1209 1082 1266 ad
1111 1223 1235 1264 versum

71 1299 195 1374 psalmi
225 1300 382 1358 centesimi
411 1300 490 1357 tertii
521 1299 649 1357 ‘Emitte
685 1298 824 1373 spiritum
858 1307 942 1355 tuum
977 1306 1007 1354 et
1037 1295 1233 1362 creabuntur,¹
1251 1305 1281 1340 1⁰

74 1387 224 1461 spiritum
244 1405 333 1445 suum
354 1387 385 1445 in
405 1405 513 1444 manus
534 1387 678 1445 creatoris
699 1385 823 1444 feliciter
837 1384 944 1455 emisit,
964 1392 1069 1441 octauo
1091 1382 1235 1440 kalendas

75 1475 168 1544 maii,
191 1491 271 1531 auno
295 1475 410 1532 domini
434 1475 705 1549 septingentesimo
728 1491 818 1544 nono,
841 1472 902 1531 vite
923 1472 989 1529 eius
1013 1469 1235 1544 septuagesimo

76 1562 199 1635 quinto,
220 1562 412 1636 episcopatus
430 1581 502 1621 vero
521 1580 601 1620 anno
622 1561 851 1635 quadragesimo
868 1559 991 1634 quinto:
1011 1567 1041 1616 et
1062 1559 1093 1615 in
1115 1574 1236 1614 monas·

77 1649 163 1707 terio
189 1651 268 1722 quod
296 1649 363 1724 ipse
389 1651 469 1724 apud
495 1649 598 1724 Ripun
625 1667 643 1706 a
672 1649 876 1707 fundamentis
901 1653 1117 1714 construxerat,
1142 1645 1236 1701 hono·

78 1737 171 1794 rifice
191 1736 342 1810 sepelitur.
424 1725 521 1795 Anno
538 1747 639 1795 autem
662 1735 859 1810 depositionis
878 1734 943 1793 eius
963 1744 1144 1802 transcurso,
1166 1749 1235 1789 cum
1252 1744 1280 1794 ¹5

80 1823 222 1881 maxima
245 1825 403 1882 multitudo
435 1824 537 1898 populi
561 1824 704 1882 excubias
735 1823 812 1880 circa
843 1821 1036 1896 sepulchrum
1067 1820 1133 1878 eius
1157 1819 1236 1876 cele·

81 1913 210 1968 bratura
228 1912 412 1982 conueniret,
425 1912 571 1986 aspiciunt
590 1921 620 1969 et
635 1929 704 1968 ecce
723 1912 775 1968 lux
792 1910 896 1968 celitus
914 1910 952 1966 ab
970 1909 1086 1966 oriente
1104 1907 1237 1964 demissa

83 2007 184 2056 totum
209 1999 307 2056 locum
332 1999 408 2056 miro
426 2000 588 2073 splendore
606 1999 767 2069 irradiauit,
788 2014 969 2069 omnemque
986 1994 1081 2053 noctis
1099 2003 1129 2052 et
1154 2003 1236 2051 tene·

84 2089 211 2144 braium
221 2087 378 2144 horrorem
388 2105 443 2144 sua
450 2087 601 2161 presentia
614 2087 763 2161 effugauit.
788 2085 876 2156 Quod
883 2084 1029 2153 videntes,
1043 2081 1094 2156 qui
1105 2083 1235 2148 aderant,

85 2191 201 2248 magna
223 2175 321 2232 leticia
340 2184 370 2231 et
391 2175 500 2249 gaudio
525 2175 631 2249 repleti
652 2183 731 2232 sunt.
778 2173 953 2247 Magnitudo
974 2171 1054 2229 enim
1073 2170 1236 2244 signorum,
1251 2185 1283 2221 ao

86 2279 181 2335 quam
201 2263 238 2319 ad
260 2279 369 2335 corpus
388 2262 509 2321 eiusde
528 2263 577 2320 die
595 2263 626 2319 in
644 2263 724 2320 diem
743 2261 883 2318 dominus
901 2259 1020 2333 operari
1039 2276 1100 2316 non
1119 2257 1237 2326 desinit,

87 2349 214 2407 merita⁸
231 2349 327 2423 ipsius
346 2351 435 2424 longe
455 2350 573 2424 lateque
591 2350 768 2421 declarabat,
788 2358 818 2407 et
837 2347 948 2421 insigni
966 2347 1045 2404 santa
1063 2345 1238 2420 permotos*

88 2438 130 2494 ad
154 2437 330 2495 memoriam
355 2437 435 2495 illius
459 2439 635 2495 innumeros
656 2437 784 2512 populos
806 2435 998 2510 aggregabat.
1084 2421 1236 2491 Processu

87 2542 163 2582 vero
175 2523 327 2599 temporis,
340 2524 418 2582 circa
430 2543 542 2582 annum
554 2524 667 2583 domini
679 2524 942 2598 nongentesimum
955 2520 1237 2595 quinquagesimum

89 2629 213 2684 nonum,
225 2612 469 2686 archiepiscopus
487 2612 703 2671 cantuariensis
723 2612 799 2682 Odo,
815 2613 1029 2669 eboracensem
1051 2608 1236 2683 prouinciam
1252 2630 1282 2680 ²⁵

89 2699 204 2770 adiens,
226 2702 306 2774 apud
329 2699 430 2775 Ripun
452 2701 557 2775 pergit,
578 2699 750 2758 monasterii
771 2699 850 2757 beati
871 2697 1002 2756 Wiliridi
1022 2696 1237 2754 desolationem

91 2787 353 2846 consideraturus:
385 2796 415 2846 et
439 2788 559 2845 horrida
586 2787 745 2845 solitudine
769 2787 841 2858 visa,
866 2785 1018 2843 lachrimis
1041 2801 1136 2858 genas
1167 2799 1238 2840 suas

91 2875 188 2948 rigare
209 2875 295 2948 cepit
332 2876 414 2933 Ante
435 2875 487 2932 illa
509 2876 753 2950 enimtempora
773 2873 889 2932 hostilis
909 2870 1082 2930 Danorum⁵
1100 2871 1238 2929 incursus

92 2963 189 3036 ipsam
201 2962 396 3035 prouinciam,
409 2963 563 3021 demeritis
577 2963 742 3021 incolarum
758 2962 956 3036 exigentibus,
970 2957 1132 3032 occupauit,
1145 2957 1238 3014 multa

92 3049 174 3107 milia
194 3050 348 3107 hominum
369 3051 525 3123 interfecit,
545 3060 575 3108 et
596 3051 696 3108 omnia
714 3051 779 3107 loca
796 3047 978 3106 monasterio
995 3046 1091 3104 sancti
1108 3043 1237 3102 Wilfridi
1253 3069 1284 3118 30

92 3137 332 3195 circumiacentia
352 3138 486 3196 adinstar
507 3139 675 3196 solitudinis
695 3137 868 3196 deuastauit
906 3133 1122 3192 Monasten'um
1139 3132 1238 3206 ipsum

92 3242 255 3299 peruasum
269 3243 303 3282 ac
319 3225 459 3295 dirutum,
472 3226 603 3283 ferarum
615 3244 650 3283 ac
661 3223 882 3283 iumentorum·
895 3222 1034 3280 sordibus
1047 3220 1143 3278 extitit
1155 3219 1239 3293 igno·

93 3311 270 3370 miniosum:
290 3331 399 3387 corpus
411 3313 551 3372 antistitis
563 3313 658 3370 sancti
674 3313 756 3370 omni
769 3312 882 3369 honore
895 3310 1054 3385 priuatum,
1067 3309 1145 3365 inter
1156 3308 1239 3381 ipsas

94 3400 200 3457 sordes
221 3400 320 3474 primo
342 3400 495 3474 sepulture
517 3419 572 3458 sue
593 3401 658 3457 loco
684 3399 794 3457 mansit
818 3399 984 3456 immotum.
1019 3397 1148 3454 Sanctus
1167 3411 1240 3453 vero

95 3487 170 3556 Odo,
191 3488 341 3560 premissa
360 3488 577 3562 supplicatione
596 3489 633 3546 ad
655 3481 761 3558 deum,
773 3488 853 3560 quod
871 3487 923 3543 diu
941 3495 1044 3543 mente
1062 3490 1240 3540 tractauerat
1253 3501 1284 3554 35

94 3593 185 3649 opere
197 3574 323 3649 implere
335 3577 509 3649 satagebat:
529 3575 607 3632 Nam
625 3583 735 3634 statuto
753 3575 801 3632 die
820 3583 941 3644 terram,
953 3572 1003 3631 vbi
1016 3589 1127 3646 corpus
1145 3569 1240 3628 sancti

94 3662 225 3721 Wilfridi
250 3663 400 3736 sepultum
425 3664 548 3734 iacebat,
573 3664 720 3738 aperiunt,
743 3663 844 3720 omnia
870 3679 940 3719 ossa
969 3668 1144 3717 reuerenter
1171 3674 1240 3714 cum

95 3751 218 3825 puluere
231 3751 339 3820 leuant,
354 3763 383 3809 et
401 3751 592 3809 Cantuariam
611 3769 715 3810 secum
732 3768 800 3808 cum
817 3749 950 3807 maximo
969 3748 1082 3804 honore
1100 3757 1129 3804 et
1141 3745 1240 3802 leticia

96 3837 284 3895 transferunt.
333 3838 396 3897 Nec
420 3847 521 3897 tamen
545 3839 628 3897 locus
652 3855 742 3912 quem
767 3837 833 3912 ipse
861 3835 1052 3894 beatissimus
1081 3832 1240 3890 Wilsridus

95 3925 254 3999 episcopus
272 3925 345 3983 dum
364 3926 394 3984 in
414 3943 541 4001 corpore
555 3927 678 4001 degeret
691 3943 746 3999 pre
763 3924 871 3982 ceteris
883 3923 1003 3993 amauit,
1020 3921 1095 3995 ipsis
1107 3919 1240 3993 reliquiis
1254 3945 1286 3992 4⁰

97 4015 214 4088 penitus
235 4013 387 4086 priuatur:
406 4014 556 4087 aliquanta
577 4032 680 4072 earum
700 4029 772 4086 pars
793 4012 831 4069 ab
850 4011 895 4068 eis
914 4018 961 4068 est
980 4027 1048 4067 cum
1066 4008 1191 4082 puluere
1209 4007 1239 4063 in

98 4102 159 4158 loco
171 4100 303 4172 dimissa,
316 4111 406 4175 atque
419 4101 450 4158 in
463 4102 527 4159 loco
540 4101 732 4159 conuenienti
743 4099 884 4173 reposita.
920 4097 1049 4156 Sanctus
1062 4097 1161 4170 itaque
1173 4093 1242 4152 Odo

128 4254 203 4306 ¹ona.
216 4257 242 4305 iu
255 4256 285 4307 E.
359 4255 513 4308 ¹0m.inT.
579 4255 637 4306 ⁸E.
649 4256 750 4306 merito.
817 4253 1028 4316 ‘E.permotus.
1101 4251 1242 4312 ⁵01.0m.;

101 4323 186 4384 Roger
212 4323 246 4372 de
275 4321 411 4387 lloveden,
435 4337 504 4374 anno
532 4324 590 4388 948,
612 4323 725 4373 ascribes
747 4321 793 4372 the
814 4321 976 4371 devastationi
999 4327 1028 4370 to
1051 4317 1123 4382 King
1145 4317 1241 4368 Edred.

99 4388 109 4417 ⁸
125 4387 368 4440 Ronmanorum.
