3036 4878
269 261 341 340 704
692 237 895 343 mannia
923 243 1008 347 nn

265 444 434 501 destitutus?
469 443 595 500 Verbum
614 445 773 500 Salomonis
791 455 852 500 est:
879 445 919 498 ‘F
921 444 959 512 ili,
977 441 1115 498 accedens
1134 443 1172 498 ad
1189 441 1380 501 semitutem
1399 440 1439 498 dei

265 540 310 585 sta
331 529 360 583 in
381 527 491 583 iusticia
510 537 538 583 et
560 527 667 596 timore,
689 538 718 584 et
738 545 859 599 prepara
877 527 1004 582 animam
1025 537 1105 582 tuam
1125 528 1162 582 ad
1182 526 1439 598 temptationem!

266 611 374 667 Videas
386 629 453 681 ergo
465 621 493 666 et
505 610 635 667 inuidens
648 611 764 668 humani
777 611 888 682 generis
903 610 1034 666 inimicus
1049 609 1116 681 quia
1132 611 1305 666 Guthlacus
1325 609 1440 666 humili·

266 703 325 750 tate
347 694 512 766 adquirebat
534 695 626 750 celum
650 696 727 766 quod
752 695 798 749 ille
823 695 1012 766 superbiendo
1042 693 1192 749 amiserat:
1224 693 1339 750 eidem
1370 694 1441 748 adeo

238 777 462 834 svehementem
487 778 616 849 spiritum
645 777 837 848 temptationis
861 777 985 844 immisit,
1009 787 1039 832 ut
1067 793 1131 832 eum
1161 776 1189 830 in
1213 776 1441 848 desperationis
1498 839 1499 844 ἵ

265 860 376 916 foueam
396 861 567 928 deuolueret,
588 860 642 916 nisi
664 862 756 932 ipsum
778 861 909 916 dominus
930 877 981 930 per
1004 858 1079 914 beati
1104 861 1308 916 Bartholomei
1337 860 1442 915 merita
1498 853 1499 858 '

265 944 347 1000 oculo
366 943 556 1000 misericordie
573 945 757 1015 respexissem
785 954 814 999 vt
834 954 930 1015 posset
952 943 1045 998 dicere
1066 959 1130 996 cum
1152 944 1325 1013 propheta:
1358 941 1440 997 ‘Nisi

265 1027 332 1097 quia
349 1027 479 1083 dominus
497 1027 605 1083 adiuuit
623 1045 676 1095 me,
690 1026 867 1098 paulominus
883 1025 1039 1081 habitasset
1054 1026 1083 1080 in
1101 1025 1208 1080 inferno
1225 1026 1340 1080 anima
1358 1027 1440 1080 mea-¹

265 1110 369 1166 Animo
382 1111 476 1182 itaque
492 1120 687 1167 consternatus
703 1121 732 1165 et
747 1127 832 1180 supra
844 1127 929 1181 quam
942 1109 1019 1164 credi
1036 1109 1125 1179 possit
1142 1109 1274 1163 turbatus
1293 1127 1317 1163 a
1339 1107 1440 1180 pusill·

223 1211 254 1250 ro
266 1193 411 1250 animitate
423 1194 537 1264 spiritns
552 1204 580 1249 et
593 1203 767 1264 tempestate,
780 1193 876 1262 lugere
893 1203 921 1247 et
937 1192 1078 1248 desertum
1093 1191 1222 1246 deserere
1238 1193 1438 1263 disponebat

266 1277 325 1334 Sed
343 1277 435 1332 eidem
454 1277 553 1332 beatus
573 1277 789 1332 Bartholomeus
806 1277 982 1331 astitit—nec
1000 1292 1085 1345 sopor
1101 1274 1251 1341 illudent,
1271 1275 1355 1346 quia
1376 1291 1438 1345 pre-
1498 1337 1499 1340 Ἴ

265 1359 389 1414 senciam
409 1360 560 1430 apostolice
581 1359 725 1429 dignitatis
744 1359 902 1431 splendoris
923 1357 1116 1414 inestimabilis
1134 1358 1222 1427 gloria
1243 1357 1438 1414 declarabat.

264 1441 417 1512 Apostolus
429 1452 522 1497 autem
535 1443 646 1498 dolores
660 1442 757 1498 afflicti
773 1452 891 1513 paterna
906 1441 1020 1497 lenitate
1038 1442 1209 1509 demulcens,
1222 1441 1314 1510 ‘Fili,
1330 1439 1435 1511 inquit,

265 1524 421 1580 confortare
439 1535 467 1580 et
481 1534 543 1580 esto
560 1525 697 1582 robustus
737 1527 856 1580 Manum
873 1535 950 1580 tuam
969 1523 1068 1580 misisti
1085 1525 1121 1578 ad
1136 1523 1240 1578 loreia:
1260 1542 1331 1579 non
1349 1526 1435 1578 decer
1498 1517 1499 1592 1

224 1618 252 1670 15
265 1607 335 1664 tanti
350 1607 484 1679 propositi
502 1608 686 1678 professorem
699 1609 811 1664 modico
823 1609 934 1664 turbine
950 1606 1143 1678 temptationis
1159 1607 1254 1662 euerti.
1298 1607 1435 1663 Virilirer

264 1707 332 1762 ergo
344 1709 407 1761 age,
419 1701 447 1748 et
460 1691 629 1747 confortetur
641 1701 787 1761 cortuum,
799 1703 828 1748 et
840 1692 948 1748 sustine
959 1691 1121 1758 dominum3
1140 1691 1187 1761 qui
1203 1700 1232 1746 et
1248 1690 1270 1745 si
1286 1687 1432 1760 temptari

265 1774 417 1846 permittat,
434 1775 516 1830 faciet
533 1775 582 1830 tibi
601 1793 664 1830 curn
680 1775 864 1846 temptatione
880 1785 1055 1845 prouentum.
1093 1774 1233 1844 Impulsus
1250 1791 1383 1831 euersus
1400 1788 1432 1826 es

265 1869 295 1915 ut
314 1859 446 1914 caderes:
474 1859 531 1914 Sed
550 1857 628 1912 oraui
647 1874 697 1928 pro
716 1868 744 1914 te
765 1869 795 1913 ut
815 1875 872 1914 non
890 1858 1002 1914 deficiat
1021 1857 1092 1913 fides
1110 1867 1167 1925 tua,
1186 1869 1214 1913 et
1232 1857 1358 1914 adiutus
1378 1871 1427 1910 es:
1498 1919 1499 1922 Ἴ

264 1942 369 1998 etenim
394 1941 524 1996 dominus
548 1940 694 2011 supposuit
719 1957 834 1996 manum
859 1958 950 1996 suam.
987 1942 1055 1996 Vult
1080 1941 1150 1996 deus
1175 1942 1311 2011 temptari
1339 1955 1428 2012 quem

222 2041 254 2079 ao
265 2025 374 2095 diligit:
394 2024 459 2082 ideo
471 2025 564 2080 uisitat
577 2041 641 2080 eum
654 2024 776 2080 diluculo
787 2025 815 2080 e't
829 2025 922 2080 subito
940 2024 1040 2095 probat
1055 2023 1140 2078 illum.
1179 2025 1328 2094 Operatur
1344 2021 1425 2094 equi-

264 2108 330 2164 dem
350 2109 497 2178 temptatio
516 2107 720 2178 pmbationem,
737 2106 947 2178 probationem
965 2124 1053 2177 spem,
1071 2123 1135 2177 spes
1157 2117 1251 2162 autem
1271 2125 1335 2163 non
1358 2124 1425 2161 con-
1498 2129 1499 2134 1

264 2189 363 2246 fundit.
402 2191 507 2246 Beatus
524 2207 591 2260 ergo
610 2189 652 2245 uir
670 2189 718 2261 qui
737 2190 851 2246 conlidit
869 2191 898 2246 in
915 2189 1037 2256 domino,
1049 2199 1078 2245 et
1092 2189 1145 2244 erit
1161 2191 1293 2245 dominus
1316 2189 1422 2246 fiducia
1498 2211 1499 2214 ¹

265 2272 334 2340 eius,
350 2283 379 2328 et
394 2273 539 2329 brachium
558 2273 646 2343 ipsius
665 2272 693 2328 in
712 2283 838 2344 tempore
859 2271 1055 2328 tribulationis.
1091 2273 1202 2329 Exhibe
1220 2285 1257 2342 te,
1276 2275 1328 2344 fili,
1349 2275 1422 2330 sicut

264 2357 310 2412 dei
322 2356 480 2412 ministrum
492 2357 521 2412 in
533 2357 622 2412 multa
633 2356 785 2428 paciencia.
822 2357 936 2412 Karitas
949 2357 1025 2412 enim
1037 2357 1151 2426 paciens
1163 2367 1215 2424 est,
1228 2369 1340 2414 neccst
1354 2373 1422 2412 uera
1498 2371 1499 2450 p

222 2459 252 2510 ²⁵
265 2439 368 2494 caritas
380 2440 424 2494 cui
437 2441 582 2510 paciencia
593 2457 649 2496 non
661 2440 776 2496 assistit.
815 2441 849 2496 ln
862 2451 910 2496 tua
922 2457 989 2509 ergo
1002 2439 1145 2510 paciencia
1161 2441 1276 2512 posside
1287 2442 1416 2496 animam
1498 2451 1499 2502 ἕ

264 2533 358 2578 tuam:
378 2522 444 2592 quia
457 2523 601 2593 paciencia
615 2541 769 2594 pauperum
785 2540 842 2578 non
858 2523 959 2594 peribit
978 2523 1006 2578 in
1025 2523 1118 2580 linem.
1154 2524 1185 2579 Si
1203 2523 1331 2580 immittit
1347 2525 1419 2578 deus

264 2603 452 2660 immissiones
465 2622 515 2675 per
526 2607 642 2675 angelos
655 2607 753 2674 malos,
766 2606 852 2663 mittit
863 2607 948 2662 etiam
963 2616 991 2662 et
1009 2607 1215 2662 consolationes
1231 2623 1283 2678 per
1298 2607 1415 2678 angelos
1498 2605 1499 2660 l

263 2691 361 2746 bonos.
397 2688 427 2744 Si
450 2689 596 2744 habundat
618 2706 668 2760 pro
687 2689 801 2746 Christo
822 2689 963 2746 tribulatio
982 2701 1039 2758 tua,
1060 2690 1236 2746 habundabit
1257 2691 1346 2747 etiam
1366 2704 1415 2759 per

266 2773 409 2829 Christum
426 2773 581 2828 consolatio
598 2782 654 2828 tna.
692 2773 759 2827 Noli
773 2790 840 2843 ergo
860 2774 896 2828 de
915 2783 963 2828 tua
982 2773 1143 2828 infirmitate
1156 2773 1275 2830 timere:
1298 2773 1413 2845 spiritus

220 2881 253 2932 30
264 2857 310 2914 dei
323 2868 365 2913 est
377 2857 423 2928 qui
440 2856 554 2912 adiuuat
571 2856 760 2912 infirmitatem
779 2867 864 2912 tuam.
900 2857 931 2912 Si
947 2866 1062 2926 exurgat
1080 2857 1216 2912 aduersus
1234 2867 1262 2912 te
1278 2859 1411 2926 prelium
1498 2859 1499 2862 ’

266 2941 288 2996 si
306 2940 465 3010 exurga[n]t
482 2941 617 2996 aduersus
635 2951 663 2995 te
680 2950 773 2996 castra
787 2940 949 3008 demonum,
963 2939 1036 2996 iacta
1061 2941 1089 2994 in
1104 2955 1139 2995 eo
1156 2941 1311 3010 cogitatum
1323 2951 1411 3002 tuum,
1498 3007 1499 3016 χ

265 3025 375 3080 contide
387 3024 416 3078 in
428 3041 480 3078 eo:
500 3023 560 3094 ipse
574 3023 649 3078 enim
665 3033 708 3080 est
723 3025 799 3078 salus
818 3023 913 3093 populi
928 3023 978 3090 sui,
992 3025 1052 3093 ipse
1067 3023 1119 3078 erit
1136 3023 1185 3078 tibi
1202 3023 1287 3079 turris
1305 3025 1409 3080 fortitu·
1498 3027 1499 3036 ³

265 3107 339 3162 dinis
359 3124 376 3162 a
394 3106 465 3162 facie
486 3106 608 3162 inimici.⁸
648 3103 712 3160 Hiis
731 3115 760 3160 et
782 3105 918 3162 similibus
940 3105 1031 3172 dictis,
1053 3107 1197 3176 apostolus
1218 3106 1357 3177 disparuit
1374 3105 1409 3160 ab

265 3190 354 3246 oculis
372 3191 440 3246 eius.
478 3191 528 3245 llle
549 3206 617 3245 uero
634 3189 773 3258 respirans
792 3209 810 3245 a
829 3188 1008 3244 tribulatione
1028 3183 1166 3244 malorum
1184 3199 1212 3244 et
1230 3190 1336 3259 dolore,
1354 3189 1408 3245 ani·
1498 3181 1499 3198 ²

220 3293 251 3346 ³5
266 3291 397 3344 mumque
416 3291 497 3328 suum
519 3274 547 3328 in
569 3273 625 3328 fide
646 3281 674 3327 et
698 3289 792 3328 amore
817 3273 922 3327 Christi
943 3272 1086 3327 stabiliens
1107 3283 1135 3327 et
1157 3273 1355 3343 conquadrans
1373 3271 1407 3326 ad

265 3373 362 3411 omnes
386 3355 576 3426 temptationis
599 3357 733 3423 incursus,
755 3356 783 3409 in
803 3372 872 3410 uoce
892 3355 1067 3410 exsultationis
1088 3355 1196 3410 orando
1215 3366 1243 3410 et
1265 3357 1408 3427 psallendo

265 3440 414 3496 cantabat:
436 3437 598 3494 ‘Fortitudo
614 3455 678 3494 mea
692 3449 720 3494 et
737 3440 798 3494 lans
815 3437 904 3508 me[a]
922 3438 1061 3507 dominus,
1075 3449 1103 3493 et
1115 3439 1205 3493 lactus
1218 3449 1261 3494 est
1278 3440 1363 3494 michi
1379 3438 1405 3491 in

265 3522 400 3578 salutem)
437 3523 464 3576 A
476 3532 600 3591 tempore
613 3522 660 3577 illo
670 3537 815 3592 nunquam
832 3521 945 3592 spiritus
962 3521 1166 3592 desperationis
1178 3521 1258 3577 illum
1270 3522 1299 3578 in
1316 3523 1407 3594 aliquo

265 3616 402 3677 temptare
414 3605 591 3676 presumpsit

335 3828 386 3882 Da
404 3839 550 3883 nruaasrs
567 3838 843 3882 raumarromnus
861 3838 1034 3896 pauonum,
1053 3838 1094 3882 ss
1112 3839 1155 3881 nn
1173 3839 1344 3883 ramanent

637 3973 642 3980 .
697 3939 787 3982 nansi
807 3929 982 3983 cucumer.

220 4056 253 4108 40
317 4042 368 4098 Lia
387 4043 433 4098 die
451 4044 507 4098 duo
528 4043 577 4098 filii
598 4045 783 4111 tenebrarum,
802 4043 1033 4113 transfigurantes
1054 4060 1085 4098 se
1104 4042 1132 4098 in
1151 4044 1267 4112 angelos
1287 4043 1366 4110 lucis,
1383 4042 1404 4098 ei

365 4126 454 4180 multa
471 4126 659 4195 persuasionis
682 4125 820 4181 instancia
842 4137 974 4197 ceperunt
995 4126 1141 4182 consulere
1162 4137 1192 4182 ut
1214 4126 1344 4182 continue
1364 4142 1406 4197 per

264 4208 454 4262 ebdomadam
482 4209 624 4276 ieiunaret,
651 4219 679 4264 et
707 4210 747 4264 sic
773 4211 892 4278 gradum
918 4227 1027 4266 summe
1050 4209 1228 4280 perfectionis
1253 4209 1404 4279 attingeret.

266 4287 397 4343 Biduana
409 4299 437 4344 et
449 4290 579 4346 triduana
590 4291 693 4347 ieiunia
705 4292 894 4362 reprobantes,
908 4293 1101 4364 proponebant
1112 4292 1139 4347 ei
1152 4293 1255 4349 ieiunia
1274 4292 1366 4363 Moysi
1381 4303 1405 4347 et
