3028 4894
280 292 349 383 tta
373 292 538 384 santa
564 293 730 392 atoma
756 291 1056 401 stornatum.
1170 311 1242 395 397

79 495 178 556 sanie
200 495 376 568 delluentes,
394 497 442 556 alii
463 495 584 571 paralisi
603 496 746 566 dissoluti,
765 497 815 556 alii
836 507 972 557 amentes
993 497 1100 568 effecti,
1119 497 1243 556 misera·

78 585 193 644 biliter
203 583 454 644 interirent-De
466 585 524 643 isto
536 603 657 660 quoque
669 586 790 644 martire
802 586 924 660 quidam
936 588 980 645 sic
993 586 1198 660 scripserunt:

226 749 278 802 Pro
295 752 392 804 Christi
408 767 506 816 sponsa
522 752 620 803 Christi
637 752 686 803 sub
703 760 821 816 tempore
838 753 934 804 Christi

259 835 289 884 ln
306 835 404 898 templo
421 835 518 886 Christi
535 850 613 886 verus
629 841 729 886 amator
745 835 841 886 obit-

223 917 302 968 Anno
319 917 425 968 milleno
442 925 557 968 centeno
573 925 735 981 septuageno

255 999 400 1063 Anglorum
417 1001 514 1064 primas
530 1002 627 1051 corruit
644 1017 710 1052 ense
727 1000 882 1052 ihomas.-

226 1081 306 1145 ‘Qui's
322 1081 459 1134 moriturl’
477 1083 573 1147 presul.
613 1084 713 1137 ‘Curi'
729 1099 778 1148 pro
795 1099 882 1148 grege.
920 1079 1083 1146 ‘Qualiteri’
1100 1098 1172 1135 ense.

324 1164 480 1228 ‘Quandol’
498 1167 584 1218 natali.
618 1166 699 1229 ‘Quis
716 1165 820 1217 locusi’
837 1183 881 1218 ars
897 1167 985 1217 dei.-

125 1309 232 1382 ¹Cum
253 1331 352 1382 autem
372 1323 506 1381 audisset
527 1341 583 1382 rex
602 1324 772 1398 Anglorum
793 1324 901 1400 gladiis
921 1341 1048 1382 suorum
1069 1321 1245 1381 occubuisse

85 1412 214 1468 beatum
227 1409 384 1482 Thomam,
397 1411 478 1468 misit
490 1412 566 1468 duos
583 1412 708 1470 clericos
725 1413 825 1470 literas
838 1413 978 1484 ferentes,
992 1411 1042 1487 qui
1055 1411 1245 1470 Cantuariam
1260 1421 1291 1459 10

84 1497 250 1556 venientes
266 1501 455 1572 congregatis
468 1498 609 1557 fratribus
623 1499 780 1558 dixerunt:
800 1505 808 1532 ¹
819 1499 1025 1569 infortunium,
1037 1499 1152 1571 iratres
1165 1499 1245 1572 quod

86 1603 190 1660 penes
208 1584 285 1642 vos⁸
296 1586 410 1657 accidit,
423 1586 499 1643 adeo
519 1586 674 1644 dominum
694 1603 799 1660 regem
817 1587 1011 1657 contristauit,
1023 1595 1055 1644 vt
1069 1588 1107 1643 ab
1124 1585 1245 1644 introitu

87 1673 222 1732 ecclesie
245 1690 301 1747 per
324 1673 455 1731 triduum
481 1673 668 1745 abstinuerit,
693 1674 793 1731 cibum
818 1691 874 1747 per
897 1683 961 1731 tres
984 1673 1050 1731 dies
1074 1682 1177 1747 preter
1200 1674 1245 1730 iac

87 1761 329 1833 amigdalorum⁸
360 1778 421 1817 non
452 1762 625 1834 sumpserit,
659 1761 894 1819 consolationem
926 1779 986 1819 non
1020 1761 1183 1829 admiserit,
1213 1761 1245 1816 in

88 1847 246 1923 publicum
266 1865 327 1905 non
347 1848 508 1922 prodierit;
531 1849 632 1907 sciens
652 1851 683 1905 in
702 1867 789 1907 suam
807 1849 974 1906 redundare
993 1849 1146 1906 infamiam
1165 1849 1245 1921 quod
1259 1861 1288 1912 15

89 1953 219 1993 suorum
244 1935 350 1994 seuitia
374 1945 472 1993 actum
498 1945 552 1994 est
589 1935 691 1994 Vnum
717 1946 764 1995 est
788 1939 868 2010 quod
893 1938 1011 1993 mordet
1036 1935 1150 2009 [eum]⁴
1175 1952 1246 1992 coii-

89 2023 220 2082 scientia
229 2021 257 2081 ⁸:
277 2041 346 2081 cuin
359 2023 560 2081 enimomnes
573 2023 624 2098 qui
637 2024 839 2081 coronationi⁸
850 2025 902 2081 filii
915 2023 1112 2082 interfuerunt
1125 2041 1246 2080 excom·
1329 2027 1334 2036 '

89 2111 262 2169 municatos
279 2112 456 2185 accepisset,
475 2112 609 2169 dolorem
629 2129 717 2169 suum
736 2112 944 2170 dissimulare³
965 2129 1025 2168 non
1045 2119 1171 2186 poterat,
1190 2111 1245 2167 sed

89 2199 159 2258 suis
171 2199 387 2272 querimoniam
400 2199 539 2272 deposuit
550 2220 558 2270 ;
578 2201 629 2273 qui
640 2199 706 2256 eius
719 2201 869 2273 compassi
886 2201 989 2268 dolori,
1002 2218 1039 2256 eo
1058 2198 1212 2257 nesciente
1229 2215 1247 2255 a

90 2285 178 2344 curia
196 2285 322 2344 latenter
339 2295 542 2344 recesserunt.
579 2286 667 2356 Quod
686 2305 754 2344 cum
773 2287 913 2356 audisset,
932 2287 1077 2361 euestigio
1095 2287 1175 2344 misit
1194 2289 1246 2359 qul
1262 2304 1293 2340 ao

90 2381 201 2450 portus
222 2383 459 2447 preoccupantes
482 2374 600 2431 illorum
621 2375 768 2432 insaniam
787 2374 999 2448 prohiberent:
1026 2377 1080 2432 sed
1098 2373 1141 2431 illi
1159 2375 1247 2432 citius

91 2479 180 2519 mare
201 2471 400 2531 transeuntes,
422 2461 537 2519 facinus
561 2471 621 2518 tam
647 2463 830 2520 horrendum
856 2463 1062 2536 expleuerunt.
1106 2462 1139 2519 Si
1164 2461 1247 2520 enim

91 2547 255 2624 quicquam
268 2549 356 2622 culpe
368 2549 551 2607 contraxerit
563 2550 593 2605 in
606 2567 642 2607 eo
655 2552 734 2622 quod
747 2550 857 2624 aliquid
875 2551 989 2609 dixisse
1002 2553 1154 2608 videretur
1166 2550 1247 2624 quod

92 2653 151 2694 eos
169 2637 207 2694 ad
225 2635 341 2693 facinus
359 2637 537 2708 inuitauerit,
555 2637 665 2695 vestris
685 2637 868 2695 orationibus
887 2639 1027 2696 conuenit
1047 2638 1170 2712 expiari.
1209 2636 1247 2694 Et

93 2741 177 2782 nunc
196 2741 307 2797 corpus
328 2724 408 2781 iubet
432 2725 558 2782 honeste
580 2725 655 2781 tradi
675 2726 847 2798 sepulture3
872 2744 932 2783 noir
953 2727 1033 2784 enim
1055 2725 1247 2800 persequitur
1261 2745 1290 2796 ²⁵

93 2821 257 2880 mortuum,
271 2811 410 2884 quamuis
422 2811 574 2870 uiuentem
587 2813 731 2871 habuerat
743 2813 904 2872 infestum!
977 2803 1145 2872 Heraclius
1157 2813 1245 2886 patri-

93 2899 187 2958 archa
204 2898 485 2968 hierosolimitanae,
498 2899 639 2974 Angliam
658 2901 794 2972 veniens,
806 2902 897 2959 talem
916 2901 1065 2960 referebat
1077 2900 1224 2958 visionem
1237 2919 1244 2957 :

94 2988 174 3046 Cum
182 2988 264 3046 enim
275 2988 307 3045 in
320 2988 445 3045 cenobio
452 2989 582 3061 quodam
596 2998 675 3046 terre
689 2998 792 3047 sancte
805 2989 895 3046 frater
905 2989 1025 3063 quidam
1034 2989 1247 3059 infirmaretur,

94 3075 213 3150 rogauit
232 3093 301 3133 eum
320 3077 412 3133 abbas
430 3084 462 3133 vt
481 3083 550 3149 post
572 3085 700 3134 mortem
719 3095 804 3135 suam
824 3079 862 3134 de
881 3088 960 3135 statu
978 3094 1034 3134 suo
1052 3093 1121 3133 eum
1140 3075 1247 3132 certifi-

94 3172 188 3221 caret
224 3163 341 3219 Annuit
360 3162 460 3233 irater,
480 3171 510 3220 et
529 3163 610 3219 obiit.
648 3163 730 3221 liisra
749 3181 861 3237 paucos
873 3181 946 3220 vero
964 3163 1030 3220 dies
1049 3179 1199 3232 reuersus,
1213 3179 1247 3219 se
1261 3181 1292 3231 ³⁰

95 3252 148 3309 dei
167 3251 225 3308 frui
242 3251 368 3322 visione,
380 3258 411 3307 et
429 3259 533 3308 eterne
552 3250 657 3308 salutis
675 3251 825 3324 premium
844 3251 901 3308 sibi
920 3253 1072 3321 donatum,
1086 3249 1247 3308 nunciauit.

95 3339 156 3396 ‘Et
175 3347 208 3396 vt
232 3337 407 3410 certissime,
429 3337 533 3411 inquit,
553 3338 631 3396 scias
656 3339 686 3395 in
711 3339 794 3395 nullo
820 3339 964 3407 hesitans,
983 3339 1058 3396 scito
1083 3337 1154 3412 quia
1178 3355 1247 3395 curn

95 3443 241 3501 egressus
252 3443 270 3483 a
283 3443 409 3499 corpore
421 3427 459 3482 ab
470 3427 586 3499 angelis
599 3426 700 3483 statim
711 3427 886 3499 deportatus
898 3427 939 3483 sui
951 3427 981 3482 in
992 3426 1097 3494 celum,
1105 3424 1153 3483 et⁸
1165 3425 1248 3483 venit

96 3531 226 3588 magnus
244 3513 364 3587 quidam
384 3530 453 3569 cum
477 3515 668 3586 processione
690 3513 879 3571 ineffabiliter
899 3513 1083 3584 admiranda,
1102 3523 1247 3586 sequente

95 3605 198 3676 ipsum
230 3619 319 3674 quam
350 3618 441 3658 nemo
472 3600 663 3658 dinumerare
694 3610 811 3674 poterat
844 3601 1019 3674 angelorum
1051 3601 1247 3670 multitudine,
1261 3617 1292 3669 ³5

95 3689 335 3766 patriarcharum
366 3698 394 3746 et
424 3689 638 3762 prophetarum
670 3688 808 3745 laudabili
850 3705 984 3756 numero,
1018 3705 1087 3746 euin
1117 3688 1248 3762 glorioso

97 3777 301 3852 apostolorum
315 3777 415 3846 choro,
429 3785 459 3834 et
478 3775 689 3834 innumerabili
707 3785 879 3833 sanctorum
898 3777 1052 3833 martirum
1072 3785 1248 3850 purpurato,

96 3874 128 3923 et
140 3863 297 3923 candidato
307 3863 523 3935 confessorum,
533 3865 675 3922 exercitu.
715 3864 820 3922 Stabat
833 3873 933 3921 autem
946 3865 997 3922 ille
1010 3873 1079 3921 ante
1092 3863 1247 3920 dominum

95 3953 184 4027 quasi
196 3952 308 4021 martir,
321 3961 383 4009 toto
395 3951 542 4008 lacerato⁰
554 3955 660 4025 capite,
673 3969 779 4009 cruore
790 3951 832 4022 (vt
844 3953 1013 4023 videbatur)
1024 3951 1247 4024 pervulnerum

96 4040 191 4098 rimas
211 4039 380 4097 distillante.
416 4039 472 4097 Cui
494 4039 634 4098 dominus
655 4039 714 4098 ait:
744 4041 760 4070 ‘⁴
768 4039 894 4108 Thoma,
916 4038 959 4096 sic
980 4039 1067 4096 decet
1087 4046 1117 4095 te
1136 4039 1248 4096 intrare
1260 4058 1293 4108 40

131 4247 140 4280 ¹
159 4247 236 4298 From
248 4246 293 4297 the
304 4246 493 4310 Qusdrilogus:
513 4247 554 4298 De
565 4247 646 4312 gestis
657 4254 717 4311 post
729 4248 885 4310 martyrium.
969 4245 979 4276 ¹
996 4246 1025 4298 E.
1040 4261 1097 4297 iios.
1174 4244 1185 4276 ⁸
1201 4243 1248 4296 Ta.

99 4313 291 4377 amigdalarum.
358 4313 368 4343 ¹
386 4328 435 4363 om.
448 4313 475 4362 iri
488 4312 517 4364 Ε.
583 4313 593 4344 ⁸
608 4313 654 4364 Ta.
667 4314 858 4364 conscientiam.
923 4311 934 4344 ⁸
950 4313 979 4365 E.
987 4312 1033 4366 Ta
1046 4311 1247 4364 coronationem.

96 4377 107 4410 ¹
125 4379 155 4432 li.
167 4379 327 4431 dissimilare.
393 4379 403 4406 ¹
419 4379 452 4430 al
464 4393 515 4430 oiii.
582 4377 592 4409 ⁰
609 4378 642 4442 Q.
654 4378 748 4431 lacero.
