3036 4878
44 321 349 388 nams1.m.7.]
449 303 554 394 utin
579 304 639 395 ἐ.
658 304 857 403 dubita.
1157 327 1230 409 707

50 506 168 566 acutis
187 508 333 564 hastarum
355 508 470 581 spiculis
489 509 518 566 in
539 527 607 566 aera
625 509 767 591 leuabant,
787 510 869 584 eique
886 529 960 568 nunc
977 509 1042 582 igne
1060 527 1136 568 nunc
1154 511 1229 568 terro

51 600 198 646 mortem
209 591 374 662 simpliciter
387 593 572 650 intentabant.
610 596 675 666 lpse
692 604 795 662 autem,
808 595 964 665 intelligens
981 595 1034 652 hec
1052 595 1147 650 omnia
1164 611 1229 651 esse

53 675 231 730 demonum
254 675 399 744 fantasias,
421 677 557 748 incipiens
580 679 722 748 psalmum
741 678 885 749 ‘Exurgat
905 679 976 734 deus
997 689 1026 734 et
1045 677 1229 750 dissipentur'

56 767 148 814 etc-t
183 775 218 814 ex
251 776 306 830 quo
336 777 449 816 uersum
479 761 555 816 illum
585 760 678 831 attigit
709 761 807 818 ‘Siout
838 763 933 818 delicit
961 763 1055 818 tumus
1086 762 1228 830 deficiant,

57 841 151 898 sicut
168 841 229 897 fluit
245 860 341 898 oeraa
358 843 430 900 tacte
445 843 535 914 ignia?
548 853 608 900 tota
624 843 673 900 illa
689 845 820 902 horrifica
837 845 989 902 multitudo
1006 863 1071 902 cum
1090 846 1149 902 suis
1167 845 1258 908 illu-5

59 924 205 982 sionibus
216 926 295 997 quasi
308 927 401 1002 summ
414 927 554 999 uaporalis
565 928 689 985 euanuit

150 1067 315 1137 QUOMODO
333 1081 485 1128 cusmcus
503 1082 711 1128 uncnrnllws
730 1083 786 1128 EST
804 1083 939 1129 MORTEM
959 1084 1049 1130 ntus:
1068 1083 1158 1138 QUOD

524 1167 598 1212 11>er
611 1167 784 1212 narsetum.

149 1263 204 1318 Rat
224 1264 339 1335 quidam
360 1265 477 1323 clericus
502 1267 640 1324 uocabulo
661 1269 826 1325 Beccelmus
833 1266 853 1338 ¹,
868 1267 915 1339 qui
936 1269 988 1324 sub
1007 1267 1135 1324 doctrina
1153 1267 1227 1324 beati

184 1348 315 1404 Guthlaci
332 1348 434 1406 diuinis
453 1349 630 1422 mancipatus
647 1352 799 1424 obsequiis,
820 1353 875 1408 deo
891 1352 919 1408 in
941 1351 1131 1423 spiritualibus
1151 1368 1230 1407 exer·

67 1430 158 1487 ciciis
168 1429 317 1488 militabat.
352 1433 461 1490 Videns
474 1451 542 1504 ergo
556 1434 668 1504 spiritus
687 1435 815 1508 nequicie
832 1437 907 1507 quod
920 1436 949 1490 in
961 1435 1070 1492 cunctis
1082 1435 1229 1491 conatibus

70 1513 138 1569 suis
159 1515 346 1584 frustraretur,
367 1534 420 1573 nec
440 1518 556 1573 beatum
576 1520 747 1574 Guthlacum
767 1521 824 1574 ulla
843 1529 938 1590 posset
960 1517 1144 1590 temptatione
1163 1519 1229 1574 sub·
1246 1533 1277 1572 ro

69 1607 206 1654 uertere:
227 1615 257 1653 se
271 1601 364 1656 studio
378 1600 556 1672 propensiore
574 1603 611 1657 ad
630 1603 726 1658 omnia
742 1602 852 1658 malicie
867 1602 1094 1658 machinamenta
1111 1601 1230 1658 circum·

70 1680 151 1747 tulit,
169 1691 198 1736 et
219 1683 295 1752 quod
315 1684 457 1740 mediante
476 1685 601 1740 bumana
621 1685 776 1742 ambitione
795 1686 853 1742 suis
872 1686 960 1757 possit
983 1685 1143 1741 satisfacere
1157 1683 1230 1741 uotis

71 1763 208 1820 subtilius
220 1763 362 1822 intellexit.
399 1769 427 1821 N
430 1767 489 1823 ouit
500 1768 633 1838 equidem
650 1768 726 1840 quod
740 1768 879 1841 cupiditas
890 1779 933 1824 est
947 1786 1002 1824 vna
1013 1768 1092 1823 radix
1103 1767 1230 1824 omnium

71 1849 225 1916 malorum,
235 1859 326 1905 mater
335 1850 575 1921 transgressionis,
585 1853 720 1922 magistra
732 1851 862 1920 nocendi,
872 1851 1053 1922 primipilaria
1066 1849 1229 1922 iniquitatis,

71 1931 177 2000 auriga
200 1931 320 2002 malicie,
340 1934 461 1990 sicharia
480 1934 622 2002 uirtutum,
642 1934 789 1991 seditionis
810 1935 896 2005 origo,
920 1951 1041 1990 nouerca
1065 1933 1229 2004 honestatis,
1245 1943 1278 1996 15

72 2015 170 2070 fomes
183 2013 291 2084 hodii¹,
304 2015 476 2074 incentiuum
489 2017 554 2087 litis,
565 2019 648 2074 iouea
667 2020 871 2074 scandalorum.
908 2020 953 2072 Ea
969 2017 1056 2075 etiam
1068 2034 1135 2088 sepe
1149 2017 1230 2089 quasi

73 2098 265 2154 instrumento
283 2115 350 2155 usus
365 2111 408 2156 est
425 2111 457 2157 ut
474 2101 540 2157 odia
557 2101 716 2171 seminaret,
730 2102 854 2158 turbaret
870 2099 1022 2166 amicicias,
1039 2101 1136 2156 federa
1153 2118 1230 2156 rum·

74 2192 168 2254 peret,
180 2182 345 2239 dissolueret
353 2183 542 2251 matrimonia,
552 2185 688 2240 adulteria
695 2184 884 2252 concinnaret,
898 2193 1056 2255 procuraret
1069 2181 1230 2254 homicidia,

76 2265 242 2322 exactiones
263 2267 433 2334 immitteret,
455 2266 620 2338 religionem
639 2278 817 2338 peruerteret,
835 2269 958 2324 claustra
975 2267 1106 2336 turbaret,
1125 2278 1230 2322 matres

74 2351 200 2416 orbaret,
222 2349 384 2406 incenderet
407 2352 498 2418 urbes,
518 2369 604 2421 regna
623 2351 794 2420 transferret,
816 2367 896 2421 reges
918 2369 936 2405 a
960 2350 1037 2406 soliis
1056 2350 1230 2421 populosque
1244 2360 1276 2398 ²0

76 2449 97 2490 a
110 2432 170 2488 suis
183 2433 285 2489 finibus
296 2435 462 2490 exturbaret.
501 2436 533 2489 ln
542 2435 599 2489 iam
608 2435 714 2489 dictum
727 2451 795 2504 ergo
802 2433 934 2490 clericum
947 2443 1056 2489 tantum
1069 2431 1230 2504 cupiditatis

76 2517 218 2584 ardorem,
231 2527 339 2572 tantam
352 2527 468 2588 tamque
479 2517 688 2588 dampnabilem
707 2515 920 2572 uehemenciam
933 2515 1093 2588 cupiditatis
1105 2515 1230 2584 immisit,

78 2609 110 2655 ut
119 2599 265 2655 dominum
274 2618 309 2656 ac
318 2600 484 2670 magistrum
498 2617 579 2655 suum
589 2601 680 2656 uirum
688 2600 735 2656 dei
744 2599 881 2671 cogitaret
889 2611 1022 2671 appetere
1032 2589 1051 2656 :⁸
1058 2610 1088 2655 vt
1097 2617 1132 2655 eo
1141 2617 1230 2656 secre-

78 2684 136 2740 tius
156 2683 329 2755 interempto,
349 2685 377 2739 in
396 2685 506 2739 labores
524 2682 596 2740 illius
615 2683 749 2750 introiret,
767 2684 910 2755 ipsiusque
928 2683 1131 2740 habitationem
1149 2682 1229 2755 quasi

79 2767 140 2823 iure
151 2766 322 2822 successorio
330 2767 492 2846 possideret
517 2767 594 2822 Ecce
603 2767 674 2821 alter
684 2767 799 2822 Nabotb
809 2766 886 2822 cuius
894 2766 998 2822 occisio
1006 2777 1176 2837 procuratur,
1185 2762 1231 2822 ut³
1245 2780 1275 2830 ²5

79 2851 194 2906 uineam
211 2848 271 2904 eius
286 2850 397 2920 iniquus
415 2849 550 2920 optineat,
563 2859 591 2904 et
604 2849 713 2905 dicatur
728 2848 872 2905 adomino
884 2850 1058 2919 possessori:
1077 2847 1230 2916 ‘occidisti

80 2934 196 3004 insuper
213 2941 243 2988 et
259 2933 427 3004 possedisti.¹
464 2933 490 2989 0
510 2932 625 3000 inuidia,
644 2948 662 2986 0
680 2932 811 3000 ambicio,
830 2930 1039 3002 dampnationis
1057 2941 1152 2986 eterne
1168 2947 1229 3001 pre·

80 3016 210 3072 arnbula!
239 3016 306 3087 quid
328 3027 371 3072 est
391 3016 466 3087 quod
486 3015 515 3071 in
537 3016 625 3071 oculis
644 3014 700 3071 tuis
720 3015 805 3071 etiam
827 3023 959 3083 extrema,
976 3013 1053 3070 nuda
1073 3023 1102 3069 et
1120 3014 1231 3070 abiecta

80 3111 231 3172 paupertas
246 3109 307 3154 tuta
325 3116 388 3155 esse
406 3116 462 3154 non
483 3099 590 3169 potuit?
628 3100 694 3154 Non
712 3115 820 3164 aurum,
838 3115 895 3153 non
914 3109 1070 3167 argentum,
1088 3114 1146 3151 non
1165 3113 1229 3169 pur·
1260 3149 1262 3154 .

81 3201 182 3256 puram
192 3183 343 3252 byssumue
351 3199 415 3258 curn
426 3183 564 3238 Guthlaco
575 3181 710 3249 inuenies,
721 3182 772 3237 sed
784 3182 926 3237 mellotam
939 3183 1079 3252 pellesque
1091 3179 1230 3251 caprinas,
1244 3200 1277 3252 30

82 3266 279 3323 iumentarium
304 3282 415 3336 panem,
440 3276 469 3322 et
492 3276 600 3321 ceteras
622 3265 866 3320 abhominationes
891 3264 997 3336 Egipti,
1018 3281 1088 3336 quas
1109 3265 1231 3320 mundus

82 3362 227 3420 tamquam
259 3359 382 3404 stercora
414 3357 526 3418 reputat
556 3358 584 3404 et
613 3347 823 3404 abhominando
852 3347 1034 3419 contempnit.
1088 3348 1231 3416 Querebat

84 3433 199 3488 clericus
211 3431 257 3487 ille
269 3431 445 3486 occasionem
457 3441 488 3486 ut
499 3431 663 3501 oportunius
676 3431 816 3486 maliciam
833 3447 913 3486 suam
926 3429 1098 3502 manciparet
1111 3431 1231 3488 effectui.

85 3518 140 3573 Sed
154 3515 305 3570 ‘iustorum
323 3514 416 3570 anime
435 3514 464 3569 in
483 3531 570 3568 manu
587 3513 632 3568 dei
653 3523 728 3581 sunt,
743 3524 772 3570 et
791 3531 847 3568 non
867 3523 964 3584 tanget
981 3514 1041 3570 illos
1062 3524 1232 3570 tormentum

86 3599 211 3665 malicie,’
226 3597 377 3668 ‘Tollitque
386 3597 517 3653 dominus
529 3598 638 3667 uirgam
648 3608 827 3668 peccatorum
837 3597 956 3668 desuper
967 3607 1071 3654 sortem
1086 3598 1230 3666 iustorum,
1245 3618 1275 3670 35

84 3694 190 3740 utnon
211 3681 361 3736 extendant
378 3679 441 3736 iusti
456 3681 493 3735 ad
513 3680 689 3751 iniquitatem
705 3697 806 3736 manus
826 3681 908 3736 suas!
944 3679 1049 3735 Aderat
1067 3679 1129 3735 dies
1147 3696 1231 3751 quem

85 3764 158 3838 operi
168 3773 228 3819 tam
240 3764 361 3819 nefando
369 3763 543 3834 oportunitas
556 3763 604 3818 diu
616 3763 754 3834 exquisita
766 3763 920 3834 prefixerat,
928 3771 958 3817 ut
966 3763 1065 3818 beatus
1076 3762 1231 3818 Guthlacus

87 3847 259 3905 habitatione
272 3862 322 3902 sua
337 3847 441 3916 pariter
454 3846 619 3917 spoliaretur
630 3855 658 3901 et
673 3845 739 3901 uita.
777 3846 835 3902 Sed
849 3845 950 3899 ‘nichil
962 3843 1088 3915 proficiet
1101 3843 1232 3900 inimicus

87 3933 114 3988 in
129 3949 170 3998 eo,
184 3941 212 3986 et
228 3929 300 3985 filius
319 3929 473 4000 iniquitatis
490 3947 548 3984 non
565 3937 688 4000 apponet
705 3945 808 3984 nocere
825 3927 869 3983 ei.'
899 3926 965 3981 Pius
980 3925 1112 3998 equidem
1126 3927 1231 3983 Christi

86 4015 204 4070 famulus
228 4013 361 4084 quicquid
384 4013 551 4068 moliebatur
574 4014 709 4068 aduersus
738 4027 803 4066 eum
833 4009 975 4082 iniquitas,
1006 4010 1104 4080 spiritu
1132 4021 1276 4082 sancto4o

88 4099 226 4153 reuelante
247 4097 398 4166 cognouit:
417 4106 446 4151 et
464 4095 594 4151 clericum
614 4097 650 4150 ad
667 4112 698 4150 se
713 4111 828 4162 uocans,
848 4093 876 4148 in
895 4109 930 4149 aa
946 4092 1231 4164 mansuetudineque

89 4182 171 4238 uerba
182 4179 269 4250 ipsius
287 4179 400 4234 condire
415 4177 533 4247 solebat,
547 4177 656 4248 ‘gracia
671 4176 773 4232 diffusa
786 4177 814 4231 in
826 4175 909 4232 labiis
923 4177 996 4244 suis,’
1010 4176 1111 4231 clerico
1126 4185 1232 4234 statum

89 4274 114 4321 et
134 4273 301 4334 conceptum
322 4261 408 4317 animi
431 4263 473 4317 sui
493 4261 616 4317 seriatim
636 4270 664 4316 et
681 4277 716 4317 ex
734 4260 844 4331 integro
862 4259 1012 4315 manifesta
1030 4259 1166 4316 relatione
1184 4261 1233 4317 de-

120 4365 770 4432 ²Fe1.1³eccettnn,ord.vitsseece1mus,ueoeet
857 4365 869 4397 ¹
890 4366 977 4418 =0un
1064 4347 1189 4419 mser.

615 4457 632 4502 Ζ
644 4464 658 4501 2
671 4459 688 4502 2
