3054 4904
416 304 491 399 Dc
516 301 679 393 santo
705 303 912 406 mochum
1169 330 1237 404 155

81 522 245 576 annorum,
266 506 375 580 plenus
397 507 478 563 omni
506 507 672 576 sanctitate,
692 506 821 581 septimo
845 507 962 564 decimo
987 507 1044 564 kal.
1069 509 1239 566 decembris

81 593 211 649 celestia
229 593 405 650 conscendit
414 593 432 649 ¹.
469 594 543 651 Eius
559 613 669 668 corpus
688 595 833 652 Leontius
852 596 1012 668 episcopus
1031 604 1116 652 extra
1135 613 1239 653 muros

82 679 269 737 Sanctoniee
288 681 415 738 ciuitatis
433 681 464 739 in
483 681 549 738 loco
567 683 616 756 qui
637 683 745 740 dicitur
765 682 896 739 Perdina
914 683 1076 740 honorifice
1090 683 1238 756 sepeliuit,

79 776 114 824 et
125 785 221 840 super
230 768 295 825 eius
305 770 452 825 tumulum
462 771 619 826 ecclesiam
626 769 789 827 fabricauit.
836 758 873 826 ln
883 770 948 826 eius
956 771 1036 826 enim
1045 770 1126 827 obitu
1139 771 1239 828 audita

80 864 133 911 est
146 873 208 912 vox
220 872 238 911 a
251 857 354 913 multis
367 856 398 912 in
411 873 489 926 aere,
503 857 625 915 dicens:
646 857 790 924 ‘Macute,
805 858 924 915 Macutc
936 858 1129 915 dilectissime
1142 876 1238 929 meus,
1252 879 1267 930 5

79 944 178 999 veni:
198 944 268 1015 quia
288 945 391 1000 locus¹
409 945 460 1000 tibi
479 945 510 1001 in
528 945 712 1018 sempiterna
729 945 823 1019 gloria
837 955 959 1018 paratus
977 954 1031 1015 est,
1044 947 1075 1001 in
1092 964 1151 1018 quo
1170 964 1238 1002 cum

80 1031 203 1086 sanctis
225 1031 384 1087 omnibus⁸
406 1032 546 1105 regnabis
568 1033 599 1088 in
624 1021 1012 1090 eternum.’—-Miserunt
1033 1042 1134 1089 autem
1156 1033 1239 1090 ciues

79 1117 209 1174 Alethis
222 1119 260 1174 ad
270 1135 373 1191 regem
388 1120 509 1175 nomine
524 1120 686 1176 Filbertum
695 1119 829 1190 nuncios,
839 1122 991 1178 dicentes:
1006 1121 1237 1193 ‘Deprecamun

79 1203 220 1273 domine,
232 1215 263 1262 vt
277 1223 333 1262 nos
346 1223 405 1262 non
418 1207 576 1279 despicias,
590 1209 644 1263 sed
656 1208 703 1264 vel
717 1225 756 1265 ex
771 1209 870 1280 aliqua
887 1217 972 1282 parte
990 1208 1125 1281 corporis
1144 1210 1238 1265 sancti

82 1291 202 1348 Macuti
221 1293 315 1350 nostri
327 1294 404 1350 votis
420 1294 530 1350 ciuium
544 1295 736 1351 nostrorum⁴
749 1295 921 1352 satisfacere
934 1294 1084 1367 digneris!
1122 1296 1238 1365 Quibus
1256 1318 1284 1354 ιο

79 1397 141 1436 rex
162 1379 222 1436 ait:
242 1381 293 1437 ‘Si
311 1382 369 1437 deo
384 1382 481 1454 placet
497 1383 577 1455 quod
595 1383 704 1455 petitis,
718 1383 784 1456 ipse
801 1383 910 1439 tribuat
927 1391 959 1439 vt
978 1383 1145 1440 inuenietis,
1182 1384 1237 1442 Sin

79 1475 199 1536 autem,
212 1469 288 1525 sicut
306 1469 431 1526 venistis
446 1469 486 1526 ita
504 1479 534 1526 et
554 1471 763 1528 reuertamini!
801 1471 891 1527 Facto
908 1480 1009 1526 autem
1027 1489 1120 1545 super
1136 1471 1238 1529 haere

80 1553 226 1611 triduano
239 1555 358 1626 ieiunio,
371 1574 439 1613 cum
452 1566 579 1630 quatuor
593 1557 692 1616 clerici
705 1575 815 1631 corpus
834 1567 968 1614 sanctum
982 1559 1101 1615 eleuare
1116 1561 1237 1626 vellent,

80 1650 178 1715 caput
196 1644 284 1699 vnius
303 1643 334 1699 in
353 1661 443 1700 manu
463 1647 616 1714 remansit,
632 1654 662 1701 et
679 1646 803 1701 dextera
821 1663 928 1702 manus
942 1647 973 1702 in
991 1663 1080 1702 manu
1098 1647 1236 1718 alterius;

81 1729 205 1802 reliqua
218 1731 352 1803 corporis
364 1749 436 1804 pars
450 1732 533 1788 nullo
549 1735 638 1790 modo
657 1735 772 1790 moueri
788 1733 892 1806 potuit,
909 1751 964 1790 nec
978 1736 1137 1806 quicquam
1150 1736 1187 1790 ab
1200 1752 1237 1791 eo
1253 1755 1281 1805 15

81 1817 232 1890 separari.
270 1819 437 1892 Statimque
463 1821 562 1877 nuncii
589 1837 656 1876 cum
683 1822 780 1894 capite
804 1831 835 1877 et
860 1823 984 1878 dextera
1008 1839 1098 1877 manu
1124 1823 1174 1879 leti
1198 1825 1236 1880 ad

80 1904 215 1978 patriam
236 1923 321 1963 suam
343 1908 512 1976 redeuntes,
537 1908 567 1963 in
590 1907 684 1965 locis³
709 1908 849 1981 congruis
875 1909 1015 1981 reliquias
1040 1910 1144 1966 allatas
1169 1928 1236 1966 cum

81 1993 202 2049 honore
216 2004 372 2067 reponunt.
446 1983 593 2052 Rusticus
606 1996 726 2069 quidam
740 2015 757 2052 a
769 1996 858 2053 vidua
874 1998 1003 2069 quadam
1018 1996 1117 2052 cibum
1134 1999 1236 2070 petiit;

81 2081 132 2136 cui
147 2090 179 2138 et
192 2081 242 2138 illa
254 2083 312 2138 ait:
330 2083 476 2140 ‘Sanctus
491 2083 629 2140 Macutus
642 2084 697 2141 scit
710 2083 779 2155 quia
792 2084 865 2140 nihil
882 2093 984 2157 preter
1000 2101 1110 2157 panem
1123 2085 1237 2142 habeo!

83 2167 141 2225 llle
156 2169 250 2226 dixit:
271 2171 362 2226 ‘Siue
374 2171 443 2244 plus
456 2171 494 2227 sit
507 2171 571 2228 siue
585 2173 692 2241 minue,
705 2189 761 2244 ego
773 2171 935 2244 accipiam!
962 2171 1000 2227 Et
1012 2171 1080 2228 illa:
1101 2175 1108 2202 ‘
1120 2171 1157 2228 Et
1165 2173 1235 2244 quid
1251 2195 1282 2231 no

81 2265 176 2329 putas
189 2267 261 2313 tunc
279 2267 401 2314 sanctus
422 2259 559 2315 Macutus
581 2258 702 2316 sacietl’
740 2258 810 2314 ‘Ille
827 2260 1045 2315 transmarinus
1063 2268 1118 2328 est,
1133 2259 1235 2331 inquit,

81 2346 178 2401 modo
202 2343 232 2400 in
259 2346 313 2402 hac
340 2346 462 2419 regione
488 2364 548 2402 non
573 2348 637 2404 est!
676 2347 713 2403 Et
737 2346 830 2403 fracta
854 2349 983 2420 quadam
1008 2348 1106 2414 archa,
1127 2364 1236 2420 panem

81 2449 191 2488 secum
205 2433 271 2489 tulit
288 2443 318 2489 et
334 2434 413 2492 abiit.
452 2433 599 2491 Muliere⁶
618 2444 719 2491 autem
738 2434 868 2491 eiulante
885 2443 914 2492 et
930 2445 1066 2491 sanctum
1085 2435 1236 2492 Macutum

80 2537 153 2576 cum
174 2519 326 2577 lachrimis
352 2521 518 2592 inuocante,
540 2521 627 2594 panis
647 2524 748 2578 manui
768 2523 869 2579 rustici
892 2523 932 2578 ita
952 2523 1079 2590 adhesit,
1099 2532 1130 2579 vt
1154 2524 1237 2580 nulla

80 2617 147 2663 arte
161 2609 297 2681 separari
311 2608 413 2681 potuit.
439 2609 575 2682 Cumque
586 2610 706 2666 rediens
716 2610 833 2667 mulieri
843 2609 1045 2681 satisfecisset,
1054 2613 1091 2666 ad
1100 2621 1235 2667 sanctum
1252 2628 1281 2678 ²5

82 2693 242 2751 Macutum
261 2713 318 2769 pro
332 2696 382 2752 illo
400 2697 508 2753 mulier
525 2714 633 2770 preces
648 2697 740 2754 fudit:
760 2707 790 2754 et
807 2699 906 2754 statim
923 2715 941 2753 a
956 2699 1077 2755 vinculo
1096 2716 1155 2771 quo
1174 2708 1237 2754 erat

82 2782 195 2855 ligatus
208 2783 366 2839 liberatum
380 2802 413 2841 se
427 2784 530 2841 sensit.
601 2773 692 2841 onr
710 2786 840 2858 potentis
858 2785 1012 2842 cuiusdam
1028 2787 1066 2842 ad
1085 2787 1235 2858 quandam

79 2871 187 2926 villam
207 2871 302 2927 sancti
323 2872 433 2930 Macuti
449 2873 584 2943 veniens,
604 2875 754 2945 quendam
772 2874 950 2929 famulorum
969 2890 1093 2930 suorum
1108 2874 1146 2929 ad
1163 2891 1236 2946 que-

81 2960 213 3015 rendum
228 2960 352 3015 herbam
365 2977 420 3032 pro
434 2961 519 3033 equis
532 2961 621 3022 misit.
659 2960 714 3017 Cui
727 2979 795 3017 cum
807 2961 854 3017 vir
866 2961 987 3034 quidam
1001 2960 1151 3016 modicum
1164 2961 1235 3033 quid

81 3047 156 3104 dare
169 3047 269 3116 vellet,
282 3056 312 3103 et
324 3047 375 3103 ille
388 3049 484 3121 magis
497 3048 573 3106 sevi
587 3057 767 3121 extorquere
785 3048 907 3119 diceret,
919 3050 977 3105 ait:
999 3048 1052 3104 ‘Et
1065 3048 1136 3120 quid
1150 3048 1235 3105 saciet
1250 3067 1282 3116 30

81 3145 154 3192 tunc
173 3145 295 3192 sanctus
314 3134 486 3193 Macutust’
526 3135 563 3193 Et
581 3136 649 3193 ille:
669 3137 769 3193 ‘Vade
784 3138 815 3192 in
832 3137 969 3192 hortum⁷
983 3144 1067 3193 tuum
1085 3145 1115 3192 et
1131 3136 1176 3193 iac
1193 3137 1235 3194 illi

81 3223 293 3295 pulmentum?
331 3223 370 3279 Et
387 3223 478 3281 fracta
495 3241 571 3293 sera,
585 3233 728 3296 quantum
746 3224 838 3281 herbe
855 3224 947 3281 voluit
966 3241 1070 3280 secum
1087 3224 1160 3281 tulit.
1199 3225 1236 3282 Et

81 3327 154 3368 ecce
167 3328 263 3383 equus
277 3327 312 3368 se
324 3328 447 3368 mouere
460 3329 520 3368 non
531 3312 636 3368 valens
649 3314 800 3368 interram
813 3311 919 3369 cecidit
927 3320 957 3368 et
967 3311 1086 3368 ossibus
1096 3312 1235 3368 omnibus

81 3397 186 3455 fractis
204 3398 300 3471 periit,
314 3407 344 3455 et
363 3400 484 3456 sessor⁸
504 3399 595 3456 fracto
614 3401 690 3456 collo
706 3400 865 3472 expirauit.
901 3399 969 3469 Quo
987 3398 1096 3468 audito,
1114 3399 1235 3456 domina

81 3486 200 3559 prelata
212 3487 310 3542 virum
324 3486 409 3543 illum
426 3486 478 3560 qui
494 3496 630 3545 sanctum
649 3487 763 3544 domini
780 3488 979 3554 inuocauerat,
991 3496 1023 3542 vt
1038 3487 1087 3543 die
1106 3487 1235 3544 crastina
1248 3513 1279 3562 35

83 3575 326 3647 suspenderetur
351 3573 381 3630 in
402 3576 566 3648 compedes
587 3575 658 3647 poni
679 3575 774 3631 iussit.
813 3575 915 3631 Media
940 3583 1028 3630 nocte
1050 3575 1190 3647 apparuit
1209 3576 1238 3631 ei

82 3671 206 3719 sanctus
232 3662 369 3718 Macutus
394 3671 423 3719 et
447 3661 574 3718 absoluit
606 3679 685 3733 eum,
710 3664 833 3718 dicens:
866 3661 985 3719 ‘Vade:
1018 3662 1079 3718 noli
1109 3663 1234 3718 timere'

83 3748 203 3806 Deinde
221 3749 303 3805 venit
322 3750 360 3805 ad
375 3750 485 3806 lectum
502 3749 582 3806 illius
599 3750 729 3820 domine,
742 3759 772 3806 et
786 3748 883 3822 tetigit
897 3767 965 3806 eam
984 3749 1088 3805 baculo
1108 3767 1182 3806 suo:
1203 3758 1233 3807 et

83 3836 150 3893 sine
162 3837 308 3910 temporis
321 3836 478 3893 interuallo
491 3837 631 3894 defuncta
644 3847 699 3894 est.
747 3825 806 3893 Vir
820 3837 941 3909 quidam
953 3853 1049 3909 vsque
1057 3838 1094 3893 ad
1105 3845 1233 3893 mortem

83 3923 240 3996 languens,
265 3926 337 3980 dum
363 3926 400 3980 ad
430 3925 592 3981 oratorium
621 3924 716 3982 sancti
742 3925 852 3981 Macuti
878 3926 1053 3998 deportatus
1077 3924 1233 3996 quiescere
1246 3947 1280 3996 40

82 4012 182 4082 vellet,
200 4012 274 4068 vidit
296 4013 448 4085 quendam
467 4012 566 4069 virum
588 4012 783 4085 nigerrimum
808 4013 864 4069 sibi
889 4011 1150 4084 appropinquare:
1178 4027 1233 4083 pre

83 4102 168 4156 cuius
181 4099 287 4157 timore
301 4099 439 4174 promisit
453 4116 486 4156 se
500 4107 604 4156 sancto
619 4099 739 4157 Macuto
751 4117 873 4174 semper
889 4098 1080 4169 seruiturum,
1094 4097 1121 4154 si
1133 4115 1203 4155 eum
1216 4117 1234 4156 a

114 4290 172 4342 ¹3.
183 4293 327 4344 contendit.
393 4291 450 4342 ²13.
458 4291 585 4355 loquutus.
652 4291 950 4343 ⁸E.omnibussanctis.
1017 4291 1067 4343 ¹1¹2.
1079 4300 1232 4341 vestrorum.

16 4358 20 4366 '
82 4357 132 4407 ιΤ.
146 4358 253 4409 locisin.
315 4355 365 4408 ⁸E.
379 4358 480 4408 Mulier.
536 4357 587 4408 'T.
599 4367 690 4409 ortum
749 4357 799 4410 ⁸13.
812 4359 903 4409 sessor.
959 4356 1011 4407 ’E
1020 4358 1233 4422 suspenderetur.
