3064 4882
294 274 365 347 130
606 253 737 340 ilium
761 249 952 354 [vuallia
975 247 1126 354 aucto.

371 521 464 595 5le
482 549 607 591 saucrrs
628 519 848 590 Kuursunoa¹
868 549 982 590 arcum
1001 549 1038 589 rr
1056 547 1233 602 oppansas,
1253 547 1290 588 rr
1308 547 1348 587 os

552 617 765 687 Kmswrw
783 646 821 686 ar
841 617 949 686 Troas
966 627 1172 686 vraormsus³.

294 749 406 879 REx
432 750 613 808 Merciorum
637 751 858 824 paganissimus
883 751 1004 807 nomine
1030 749 1134 807 Penda
1164 749 1274 806 liberos
1304 747 1441 821 quinque

381 838 644 896 christianissimos
656 839 767 911 genuit,
776 855 904 911 quorum
917 847 987 904 tres
996 837 1109 895 scilicet
1120 837 1226 904 Peada,
1235 835 1400 905 wulferus,
1410 844 1442 892 et

289 923 478 996 Ethelredus,
509 926 680 983 successiue
711 935 883 998 regnantes,
914 925 1007 982 multa
1037 933 1159 982 strenue
1190 933 1220 981 et
1250 922 1442 979 laudabiliter

287 1023 421 1085 egerunt.
460 1013 526 1070 Due
545 1023 645 1070 autem
669 1012 772 1069 Pende
793 1014 873 1084 regis
897 1012 957 1069 filie
978 1011 1181 1086 Kyneburga⁴
1200 1020 1230 1068 et
1252 1009 1442 1083 Kyneswida

259 1110 391 1170 5vocate
410 1110 487 1170 sunt,
508 1101 693 1174 Kyneburga
711 1117 784 1156 vero
810 1099 928 1174 regales
953 1101 1074 1172 nuptias
1092 1099 1203 1157 viduali
1227 1098 1352 1155 celibatu
1379 1100 1442 1154 deo

288 1188 424 1256 sacrauit,
440 1187 624 1261 Kyneswida
642 1187 820 1259 virginalem
839 1187 1024 1259 triumphurn
1043 1186 1156 1243 Christi
1174 1185 1313 1243 thalamis
1332 1185 1441 1242 intulit

288 1274 389 1331 Primo
414 1275 494 1332 enim
520 1274 722 1332 memorabilis
747 1275 859 1346 regina,
882 1274 1058 1331 immortalis
1079 1273 1192 1331 domini
1216 1290 1318 1330 amore
1342 1283 1441 1346 rapta,

287 1362 444 1436 temporali
462 1365 525 1436 regi
541 1380 596 1420 suo
612 1371 642 1420 et
658 1379 751 1434 regno
767 1361 982 1418 abrenunciare
1000 1363 1138 1418 estuabat
1155 1379 1189 1417 ac
1208 1361 1301 1417 libera
1318 1360 1440 1417 ceruice

287 1449 388 1521 iugum
415 1449 526 1506 Christi
551 1449 639 1520 ferre,
669 1451 727 1506 iam
753 1449 895 1506 mortales
926 1448 1080 1522 indignata
1111 1449 1272 1521 amplexus
1295 1464 1355 1520 que
1380 1449 1441 1504 deo

244 1556 274 1591 ro
286 1537 456 1606 adherebat,
476 1555 534 1610 que
553 1548 653 1594 mente
671 1536 703 1594 in
722 1537 794 1593 celis
814 1545 966 1609 nupserat,
986 1536 1142 1610 sternique
1163 1537 1247 1610 regni
1265 1533 1346 1592 dori*
1365 1553 1441 1593 arre-

287 1623 374 1681 labat.
410 1623 567 1697 Aequisito
585 1626 707 1681 demum
722 1625 802 1697 regis
818 1641 977 1694 consensu,
992 1625 1099 1682 melius
1118 1624 1224 1696 spiritu
1239 1639 1327 1696 quam
1347 1632 1442 1681 antea

286 1727 377 1768 carne
407 1711 556 1769 coniuncti
580 1721 668 1769 sunt:
701 1727 771 1768 nam
797 1712 874 1768 alter
902 1712 933 1767 in
958 1711 1090 1782 fratrem,
1115 1711 1209 1768 altera
1238 1711 1269 1766 in
1300 1727 1439 1768 sororem

286 1799 411 1856 transiit.
447 1799 609 1856 Conssuunt
626 1801 665 1856 ad
680 1799 767 1856 eam‘
785 1800 895 1855 ducum
914 1808 943 1856 et
958 1799 1128 1872 principum
1146 1807 1224 1866 nate,
1236 1807 1268 1856 vt
1282 1799 1438 1856 dominam

285 1897 485 1956 venerantes3
505 1903 655 1960 pauperes
668 1896 699 1943 vr
718 1887 864 1960 collegam
878 1887 1172 1960 amplectebantur⁷3
1192 1895 1222 1943 et
1239 1886 1319 1942 tota³
1337 1887 1439 1942 multi-

242 1991 271 2042 15
285 1975 356 2030 tudo
369 1975 497 2030 filiarum
516 1991 583 2031 earn
596 1983 628 2031 vt
641 1983 769 2030 matrem
783 1974 911 2030 habebat
924 1994 931 2031 :
958 1989 1017 2047 que
1034 1983 1136 2047 spreta
1155 1974 1316 2030 liberorum
1333 1991 1438 2031 carna-

286 2061 358 2117 lium
377 2061 552 2136 propagine,
572 2060 764 2134 multiplicius
786 2059 944 2118 fecundata
962 2071 1008 2118 est
1030 2063 1061 2117 in
1081 2059 1227 2133 spirituali
1247 2061 1357 2117 sobole.
1395 2063 1439 2118 At

286 2147 469 2218 Kineswida,
488 2149 586 2206 adhuc
609 2149 767 2205 immatura
785 2157 864 2204 etate
883 2149 985 2218 lactea,
1005 2149 1139 2204 nondum
1159 2165 1277 2205 sacmm
1295 2149 1437 2204 velamen

284 2236 429 2309 attigerat,
443 2237 497 2292 sed
511 2236 597 2309 quasi
609 2237 648 2292 ad
661 2235 780 2292 ianuam
793 2235 886 2292 diuini
905 2235 1031 2294 cubiculi
1049 2245 1159 2303 astans,
1173 2235 1261 2292 vitam
1280 2237 1395 2292 sororis
1406 2245 1437 2293 et
1502 2255 1507 2263 ·

285 2323 512 2381 sanctimoniam
542 2332 612 2381 ante
638 2324 771 2380 habitum
796 2323 949 2396 religionis
972 2325 1118 2394 induerat,
1149 2331 1179 2379 et
1209 2322 1304 2396 qualis
1336 2323 1437 2380 futura

241 2429 272 2464 πο
284 2421 375 2480 esset,
387 2419 457 2467 ante
476 2411 629 2484 religionis
646 2411 816 2484 ingressum
831 2411 1022 2468 monstrabat.
1061 2411 1131 2484 Ipsa
1142 2427 1215 2467 vero
1227 2409 1332 2482 regina
1344 2413 1437 2469 totius

284 2498 450 2555 sanctitatis
470 2498 634 2571 speculum,
653 2499 761 2571 quibus
778 2497 942 2555 visceribus
959 2499 1015 2554 sibi
1033 2497 1161 2555 creditas
1180 2497 1294 2554 animas
1312 2497 1438 2556 Christo

283 2586 445 2658 pepererit,
470 2585 621 2642 charitatis
639 2577 719 2642 ¹sinu
750 2585 875 2655 souerit3
906 2601 996 2658 quam
1026 2585 1154 2658 peruigil
1184 2584 1374 2642 obseruatrix
1405 2595 1437 2643 et

283 2673 400 2730 doctrix
423 2673 512 2730 l'uerit
537 2674 747 2730 mandatorum
772 2673 821 2729 dei
846 2681 876 2729 et
901 2671 995 2730 sancti
1020 2671 1184 2746 propositi,
1215 2673 1324 2744 quibus
1355 2673 1437 2730 inter

284 2760 385 2816 omnia
415 2761 568 2817 lachrimis
598 2761 803 2833 implorauerit
834 2759 885 2817 illa
912 2761 1079 2833 solempnia
1103 2768 1265 2816 concentus
1289 2761 1435 2833 superni:

240 2864 269 2914 ²5
283 2845 385 2921 lingua
404 2849 535 2905 enodare
554 2864 614 2904 non
637 2847 753 2905 sufficit.
799 2846 969 2904 Miseratrix
989 2855 1051 2904 emt
1074 2863 1246 2920 egenorum,
1266 2847 1316 2920 pia
1338 2857 1438 2905 mater

283 2933 468 3004 afflictorum,
492 2934 641 2991 incitatrix
662 2935 700 2991 ad
720 2934 902 2991 elemosinas
927 2944 956 2991 et
981 2934 1186 2991 misericordie
1210 2951 1302 3007 opera
1326 2951 1435 3009 regum

282 3038 502 3095 germanorum.
539 3022 646 3078 Cetera
658 3021 740 3078 enim
752 3021 812 3078 vite
825 3021 899 3092 eius,
911 3021 1070 3078 virtutibus
1084 3030 1114 3078 et
1130 3021 1278 3078 miraculis
1292 3021 1435 3095 gloriosa,

282 3108 312 3165 in
333 3109 383 3165 illa
406 3109 560 3166 Danorum
580 3109 812 3182 depopulatione
831 3108 952 3166 suerunt
972 3109 1042 3182 igne
1060 3109 1168 3178 deleta,
1182 3107 1230 3165 vel
1251 3109 1434 3182 scriptorum

282 3197 461 3269 negligentia
472 3207 575 3254 nostra
588 3197 681 3253 latent
694 3197 795 3254 secula
806 3215 813 3266 ;
832 3214 891 3270 que
905 3205 965 3256 tota
978 3197 1008 3253 irr
1021 3197 1071 3253 illo
1084 3197 1187 3253 celesti
1197 3195 1271 3253 libro
1281 3197 1434 3270 descripta

237 3305 270 3354 30
282 3293 351 3340 sunt
365 3285 395 3340 in
409 3286 553 3340 memoria
566 3292 678 3340 eterna.
711 3284 783 3341 Post
796 3284 970 3341 diuturnum
982 3284 1073 3358 igitur
1085 3283 1174 3340 huius
1186 3285 1246 3340 vite
1258 3301 1388 3357 agonem
1401 3295 1434 3342 et

283 3371 402 3444 longam
415 3370 563 3428 dominice
577 3371 687 3428 lamilie
700 3371 966 3444 dispensationem,
980 3373 1010 3428 in
1024 3389 1133 3444 magna
1149 3372 1209 3428 vite
1224 3373 1380 3428 sanctitate
1393 3375 1433 3430 ad

282 3459 370 3515 stadii
389 3476 529 3514 coronam
548 3459 695 3531 peruenit.
781 3448 842 3517 Est
860 3468 960 3516 autem
979 3461 1009 3516 in
1029 3459 1164 3516 orientali
1182 3459 1314 3532 regionis
1334 3457 1433 3533 plaga,

282 3562 342 3601 non
367 3546 471 3620 procul
496 3548 534 3603 ab
552 3563 643 3604 amne
664 3548 786 3603 nomine
805 3546 882 3617 Ven,
902 3547 984 3603 locus
1012 3547 1108 3604 dictus
1131 3545 1432 3616 Dormundescastre,

281 3633 330 3689 vbi
344 3635 524 3690 monasterio
537 3634 674 3691 edificato
688 3643 791 3690 sancta
804 3633 998 3708 Kyneburga,
1012 3635 1124 3691 mundo
1136 3641 1315 3706 contempto,
1330 3635 1433 3693 multis

236 3739 267 3790 35
281 3722 469 3795 congregatis
486 3721 649 3794 virginibus
668 3723 820 3778 abbatissa
835 3721 940 3778 effecta
958 3731 1021 3793 est3
1041 3721 1149 3795 aqu0⁸
1162 3721 1244 3778 locus
1256 3721 1305 3776 ille
1318 3739 1432 3779 nomen

280 3810 404 3866 trahens
414 3817 421 3839 ⁴
432 3807 617 3881 Kyneburge
630 3813 776 3865 castrum’
786 3811 954 3866 vocabatur.
981 3809 1129 3866 Processu
1140 3810 1263 3865 tandem
1276 3811 1432 3882 temporis,

280 3913 386 3970 pacem
410 3905 440 3954 et
464 3895 639 3952 charitatem
665 3895 777 3952 Christi
802 3898 955 3953 sororibus
982 3897 1164 3969 relinquens,
1189 3895 1267 3953 inter
1296 3896 1432 3954 luctuosa

279 3983 408 4040 filiarum
427 3983 543 4040 cantica
563 3993 659 4039 morte
679 3983 785 4054 soluta,
805 3983 885 4040 inter
906 3984 1082 4056 angelorum
1103 3984 1211 4040 choros
1234 3983 1373 4056 migrauit
1392 3985 1431 4042 ad

312 4105 369 4156 ιΕ.
382 4105 550 4168 Kyneswida.
655 4103 855 4167 ’Kyneswida
888 4105 955 4155 Title
967 4105 994 4154 in
1003 4105 1049 4156 T.:
1069 4105 1109 4154 De
1121 4106 1218 4154 sanctis
1231 4105 1391 4166 Kyneswida
1403 4113 1432 4155 et

280 4171 440 4233 Kyneburga
452 4179 478 4220 et
489 4171 569 4220 Tibba
577 4171 642 4233 virg.
770 4172 779 4200 ³
791 4172 868 4220 Same
877 4177 933 4220 text
942 4172 969 4219 in
979 4171 1053 4220 Bodl.
1061 4187 1119 4232 240,
1129 4186 1153 4233 p.
1168 4172 1225 4220 620.
1262 4171 1318 4218 The
1329 4170 1390 4221 Vita
1407 4171 1431 4220 is

279 4237 405 4298 probably
413 4237 563 4298 byJohnol
571 4237 741 4298 Tynemoutb.
817 4237 827 4266 ⁴
845 4237 874 4285 E.
889 4236 1077 4300 Kynesburga;
1093 4237 1122 4286 T.
1138 4237 1297 4299 Kirreburga
1373 4238 1382 4268 ⁸
1398 4237 1429 4288 E.

280 4303 350 4354 dote.
416 4302 549 4353 ‘asum
617 4300 674 4352 ⁷5.
686 4303 913 4365 amplectebantur.
978 4302 1135 4352 'Etutam
1201 4301 1247 4352 Τ.
1261 4317 1320 4364 qua.
