3028 4894
317 271 321 280 ’
381 286 457 380 aaa
481 284 647 376 sanna
671 286 936 375 mamona.
1159 315 1233 386 419

83 503 204 562 quoque
217 495 279 545 tam
291 485 323 544 in
334 485 425 545 sontis
437 486 617 562 scaturigine
629 505 720 562 quarn
737 487 775 545 in*
785 487 850 546 riuo
866 487 946 547 illius
961 505 1015 546 seu
1031 488 1063 546 in
1076 490 1233 548 amborum

84 575 221 650 margine
241 575 387 650 sangiune
405 576 471 634 eius
489 575 646 649 conspersi
656 576 676 648 ¹,
693 594 789 650 vsque
808 577 897 634 hodie
915 579 1073 652 pristinam
1091 595 1234 653 consper-

84 661 222 720 sionem¹
234 663 381 721 retinent:
400 679 471 720 nam
486 673 557 720 sunt
569 663 655 736 quasi
673 665 829 738 congelato
841 680 947 722 cruore
964 665 1087 738 perfusi,
1099 683 1155 723 nec
1174 667 1233 724 situ

84 751 234 824 temporis
247 768 303 808 nec
317 751 438 809 assidua
450 751 675 824 preterfluentis
687 769 765 825 aque
777 753 928 810 alluuione
941 753 1060 811 detersi.
1098 753 1234 812 Muscida

83 854 236 911 veroque
254 839 370 896 eisdem
393 838 542 913 lapidibus
567 840 701 910 adheret,
720 841 806 913 quasi
824 841 895 898 thus
913 840 1037 899 redolet.
1075 841 1233 899 Prouincie
1248 861 1262 912 5

83 924 165 983 illius
182 925 239 983 viri
257 929 308 1000 qui
328 927 418 983 deum
439 927 573 984 nondum
592 937 803 1000 cognouerant,
821 927 947 1001 virginis
965 929 1233 1000 resuscitationem,

84 1012 175 1071 sontis
187 1014 407 1072 emanationem
426 1023 457 1071 et
475 1023 629 1089 petrarum
647 1015 914 1089 conspersionem²
925 1015 1072 1088 videntes,
1086 1019 1123 1074 ad
1137 1019 1233 1091 pedes

83 1101 165 1158 beati
184 1101 299 1160 Beunoi
318 1103 475 1177 prouoluti,
488 1102 639 1176 baptisma
656 1111 863 1177 susceperunt.
935 1092 1035 1178 Virgo
1054 1113 1154 1162 autem
1173 1106 1232 1162 deo

82 1189 203 1261 deuota,
221 1190 277 1248 viri
301 1189 396 1248 sancti
420 1190 550 1265 pedibus
575 1191 734 1260 adherens,
760 1191 950 1249 sermonibus
970 1191 1050 1250 illius
1072 1193 1232 1251 deuotione

83 1277 192 1334 sedula
212 1277 394 1348 intendebat,
413 1286 443 1336 et
461 1279 499 1335 ab
518 1277 585 1351 ipso
603 1279 726 1336 tandem
748 1296 865 1337 sacrum
884 1280 1021 1338 velamen
1040 1280 1160 1338 humilis
1181 1299 1232 1338 an-
1248 1297 1279 1334 ιο

83 1363 152 1421 cilla
165 1365 275 1423 Christi
288 1366 429 1439 suscepit.
500 1353 561 1422 Vir
573 1365 620 1422 dei
635 1365 785 1437 Beunous,
794 1376 913 1441 arrepta
926 1383 1017 1424 manu
1024 1368 1148 1442 virginis
1160 1371 1232 1426 dex·

83 1463 159 1522 tera,
171 1453 253 1510 illam
268 1453 307 1510 ad
319 1453 432 1511 sontem
446 1453 539 1524 duxit,
552 1463 582 1510 et
600 1471 694 1527 super
711 1453 843 1527 lapidem
855 1472 957 1526 vnum,
970 1455 1021 1528 qui
1032 1455 1124 1529 ‘lapis
1137 1457 1233 1514 sancti

84 1539 219 1598 Beunoi'
238 1542 353 1613 dicitur,
372 1551 514 1610 statuens,
533 1541 627 1600 dixit:
655 1540 775 1612 ‘Vides,
797 1541 901 1615 inquit,
922 1543 1019 1600 adhuc
1040 1543 1089 1600 hic
1107 1544 1233 1618 vestigia

82 1629 236 1702 passionis
253 1638 324 1687 tue:
343 1647 413 1687 ecce
429 1629 547 1704 lapides
565 1629 614 1686 isti
628 1637 680 1686 tuo
697 1629 842 1702 sanguine
858 1629 1014 1704 conspersi
1024 1629 1043 1700 ¹,
1055 1640 1086 1688 te
1103 1649 1160 1704 pro
1175 1633 1233 1689 deo

83 1733 209 1790 passam
219 1716 471 1788 demonstrantes,
482 1717 697 1791 sanguinisque
709 1717 752 1774 tui
764 1718 1011 1790 conspersionem
1019 1718 1031 1750 ¹
1039 1717 1070 1774 in
1082 1719 1232 1792 lapidibus
1249 1739 1279 1790 15

82 1805 169 1862 adeo
181 1804 412 1878 preseruatam⁸.
444 1805 531 1862 Nunc
543 1805 641 1878 igitur,
651 1805 712 1861 filia
724 1821 793 1863 mea
802 1805 983 1876 dulcissima,
994 1823 1012 1862 a
1024 1807 1081 1863 deo
1094 1807 1150 1865 hec
1164 1807 1232 1880 [tria

82 1891 170 1965 tibi]‘
181 1903 319 1967 errogata
331 1911 488 1967 cognosce,
500 1911 560 1966 que
578 1902 608 1950 et
626 1892 723 1950 laudis
741 1900 792 1950 tue
809 1893 926 1949 titulum
938 1893 1140 1965 celebrabunt,
1153 1904 1184 1953 et
1201 1895 1231 1952 in

81 1988 273 2054 posterorum
286 1982 437 2039 mentibus
455 1981 622 2038 deuotionis
637 1989 689 2038 tue
707 1996 841 2038 amorem
861 1980 1060 2038 cumulabunt.
1098 1981 1233 2040 Primum

82 2069 208 2142 quidem
221 2077 274 2138 est,
287 2069 368 2142 quod
381 2069 498 2142 lapides
510 2068 561 2127 isti
573 2085 680 2126 cruore
694 2077 746 2125 tuo
763 2069 879 2141 aspersi
894 2069 976 2125 nulla
993 2078 1134 2142 poterunt
1150 2071 1232 2128 ablu-

81 2156 166 2214 tione
176 2174 232 2231 per
241 2157 342 2214 secula
354 2157 469 2230 detergi
478 2174 535 2214 nec
545 2155 667 2214 assiduo
675 2155 760 2214 istius
767 2173 845 2229 aque
853 2156 967 2230 impetu
977 2157 1063 2225 ablui,
1072 2159 1126 2214 sed
1134 2159 1173 2215 ad
1182 2169 1232 2216 tue
1248 2181 1280 2217 πο

81 2243 236 2319 passionis
246 2244 451 2302 ostensionem
461 2261 585 2318 semper
593 2245 738 2301 cruentati
747 2245 975 2317 permanebunt
994 2244 1169 2302 Secundum
1177 2254 1232 2316 est,

82 2332 165 2406 quod
175 2331 347 2406 quicunque
358 2332 456 2406 aliqua
465 2331 626 2389 infortunia
634 2349 744 2404 passus
753 2339 783 2388 te
793 2331 963 2404 requisierit
973 2341 1003 2390 et
1016 2349 1097 2390 asua
1106 2352 1234 2408 oppres·

82 2420 171 2478 sione
179 2419 411 2478 etinualitudine
420 2437 455 2477 se
463 2418 583 2477 liberari
592 2419 719 2493 petierit,
729 2419 835 2492 prima,
845 2421 984 2489 secunda,
993 2428 1043 2477 aut
1051 2421 1138 2478 tertia
1150 2432 1233 2480 certe

81 2507 159 2577 vice,
172 2509 253 2581 quod
265 2509 459 2582 postulauerit
477 2524 512 2565 se
524 2506 704 2580 impetrasse
715 2507 874 2580 gaudebit3
895 2506 1052 2576 sinautem,
1064 2509 1232 2568 certissime

82 2597 159 2652 sciat
172 2611 207 2652 se
219 2598 371 2669 presentis
382 2597 442 2653 vite
454 2596 521 2652 luce
533 2595 565 2652 in
577 2593 715 2668 proximo
729 2593 889 2651 cariturum
908 2603 998 2668 atque
1010 2613 1066 2669 per
1078 2606 1108 2654 te
1120 2597 1231 2671 aliquid
1248 2617 1278 2667 ²5

81 2683 141 2740 sibi
150 2685 247 2740 maius
255 2683 285 2740 in
296 2682 395 2740 futuro
402 2691 666 2756 consequuturum.
685 2680 819 2739 Tertium
829 2690 893 2738 est:
909 2699 977 2739 cum
988 2691 1044 2739 ate
1055 2683 1232 2758 discessero,

81 2787 178 2844 super
185 2771 268 2828 littus
275 2770 367 2828 maris
375 2771 473 2828 locum
482 2772 520 2827 ad
529 2768 712 2827 manendum
719 2768 820 2842 largiri
829 2769 902 2826 mihi
910 2770 1232 2844 dignabiturdeus,tuis

83 2859 414 2932 [tamen]¹muneribus
424 2875 474 2916 me
482 2857 564 2915 omni
572 2875 651 2914 anno
659 2857 850 2914 inuisendum
859 2859 995 2931 precepit
1002 2859 1180 2916 altissimus:
1194 2861 1232 2916 ad

83 2956 260 3020 presentem
273 2946 384 3004 fontem
397 2963 465 3004 cum
479 2963 605 3003 munere
617 2954 668 3002 tuo
681 2943 845 3017 festinabis,
854 2952 884 3001 et
898 2945 1037 3018 quicquid
1050 2945 1122 3003 illud
1135 2945 1233 3017 iuen't,

82 3035 141 3096 deo
153 3033 239 3108 pn'us
256 3033 450 3092 commissum
469 3033 501 3090 in
520 3032 601 3090 sonte
620 3033 807 3090 confidenter
824 3033 978 3106 depones:
997 3032 1113 3090 videbis
1132 3033 1233 3090 statim
1247 3054 1279 3105 30

82 3121 256 3196 depositum
278 3130 362 3178 tuum
386 3121 505 3178 alonte
524 3137 581 3194 per
598 3121 697 3178 riuum
718 3119 824 3177 deduci
843 3128 873 3177 et
891 3121 1005 3194 impetu
1024 3120 1233 3179 decurrentis⁶

82 3227 162 3284 aque
179 3227 277 3284 vsque
294 3211 332 3267 ad
354 3226 438 3267 mare
460 3208 573 3279 traiici;
599 3208 750 3281 marisque
775 3208 926 3265 elemento
946 3209 993 3265 dei
1015 3207 1160 3266 voluntati
1179 3211 1232 3266 ob-

81 3307 273 3373 temperante
291 3305 381 3371 atque
398 3297 598 3355 ministerium
611 3297 767 3370 prebente,
779 3297 860 3370 quod
872 3304 904 3352 tu
916 3295 948 3352 in
960 3295 1042 3353 sonte
1055 3297 1233 3370 deposueris

80 3386 121 3444 ad
134 3386 194 3442 mei
206 3384 357 3459 hospitioli
370 3387 491 3442 ianuam
503 3382 716 3441 transferetur!
753 3383 823 3440 Hiis
835 3383 930 3456 dictis,
943 3386 981 3441 ad
994 3385 1152 3443 ecclesiam
1164 3402 1232 3443 eam

81 3475 242 3544 reducens,
262 3473 320 3530 ait:
347 3472 430 3546 ‘Ego
454 3489 534 3529 nunc
560 3471 630 3528 hinc
654 3471 738 3542 abeo,
757 3472 814 3528 deo
838 3471 912 3530 alias
936 3489 992 3546 pro
1017 3473 1138 3530 modulo
1163 3489 1232 3530 meo
1247 3493 1278 3545 35

80 3560 291 3632 famulaturus,
314 3559 418 3634 tuique
442 3561 634 3617 deuotionem
658 3559 730 3616 dum
754 3558 860 3616 vixero
884 3577 953 3616 cum
977 3561 1055 3617 dulci
1086 3562 1231 3618 memoria

81 3647 255 3706 habiturus.¹
293 3647 331 3705 Et
351 3649 407 3704 hec
429 3649 542 3717 dicens,
560 3653 715 3719 assumpto
733 3646 922 3704 solummodo
940 3647 1045 3706 baculo
1066 3665 1122 3706 suo
1147 3649 1231 3706 abire

80 3736 171 3812 cepit,
191 3753 312 3793 omnem
337 3737 445 3810 domus
469 3752 523 3793 sue
547 3734 765 3808 supellectilem
790 3744 820 3791 et
844 3735 982 3809 quicquid
1011 3753 1068 3809 per
1097 3736 1230 3794 fidelium

80 3841 192 3882 manus
211 3825 287 3881 deus
305 3824 361 3880 sibi
380 3825 552 3894 donauerat,
564 3831 660 3880 totum
678 3823 766 3879 beate
777 3821 884 3896 virgini
901 3825 1025 3896 eiusque
1043 3824 1231 3881 consortibus

78 3911 307 3985 derelinquens.
390 3899 488 3969 Beata
512 3921 612 3969 autem
636 3909 822 3968 Wenesreda
846 3911 990 3968 nobilium
1020 3911 1097 3969 filias
1127 3929 1231 3969 secum
1244 3925 1278 3978 40

79 4017 280 4073 congregans,
299 4000 425 4057 docebat
448 4017 501 4057 eas
526 4002 690 4057 castitatem
715 4016 817 4057 amare
842 4007 930 4072 atque
955 3999 1066 4073 spretis
1091 4000 1231 4056 omnibus

79 4088 188 4149 mundi
207 4087 406 4146 blandientis⁸
417 4088 567 4146 illecebris
579 4087 639 4145 leui
652 4088 721 4162 iugo
734 4087 845 4146 Christi
857 4087 933 4145 colla
944 4087 1121 4146 submittere
1134 4097 1164 4146 et
1176 4105 1232 4162 per

113 4301 122 4332 ¹
139 4300 170 4352 T.
185 4299 327 4364 consparsi.
416 4299 427 4330 ²
443 4299 472 4350 T.
482 4300 701 4364 consparsionem.
792 4299 803 4330 ³
819 4299 853 4352 al.
865 4301 1045 4351 demonstrant
1058 4338 1063 4350 .
1077 4338 1083 4352 .
1097 4337 1104 4352 .
1116 4308 1229 4352 seruant.

76 4368 86 4400 ¹
106 4383 159 4418 om.
258 4366 499 4417 'Edecurrentes
598 4364 654 4418 ‘F-
668 4366 807 4417 blanditiis

620 4461 699 4503 ΕΗ
