3012 4898
395 294 470 391 Da
494 292 658 384 sarm
684 292 941 383 uumuotoo
1166 315 1238 389 347

87 495 229 556 homines
253 514 377 572 pauper,
402 497 592 556 venerandus
617 495 773 571 propheta,
798 513 960 570 precursor
986 504 1078 570 atque
1101 495 1239 569 baptista.

88 586 116 642 N
118 603 169 644 am
182 585 221 643 ab
233 585 342 660 angelo
355 585 521 656 nunciatus,
533 603 552 642 a
568 593 653 659 patre
671 587 827 644 sacerdote
839 584 967 658 genitus,
980 583 1087 641 merito
1101 592 1238 641 sanctum

88 673 251 746 baptizauit
268 681 440 732 sauctorum
460 689 625 747 regemque
639 672 775 730 omnium
787 672 958 730 seculorum
971 670 1239 744 sacerdotemque¹

87 769 247 819 eternum:
274 762 350 818 dans
365 761 480 818 cunctis
498 762 529 817 in
545 777 579 818 se
597 759 790 818 credentibus
808 759 1006 832 baptismum*
1023 759 1129 816 salutis
1145 759 1176 816 in
1195 775 1239 815 re

87 848 267 906 missionem
282 847 417 905 omnium
435 857 637 922 peccatorum,
649 847 791 922 quoniam
807 847 837 905 in
855 847 905 904 illo
921 847 1002 904 nulla
1014 847 1130 904 macula
1143 845 1240 904 extitit
1253 859 1268 911 5

87 935 237 994 vitiorum
276 936 356 992 Hinc
378 945 450 1010 ergo
471 953 553 1010 rogo,
572 953 622 993 me
640 953 658 992 a
677 936 833 994 sacerdote
849 934 1014 1003 Widerino,
1030 935 1081 1008 qui
1103 951 1152 992 me
1172 951 1241 1007 pre-

88 1023 229 1096 signauit,
238 1023 391 1097 baptizari,
404 1031 493 1097 atque
506 1025 543 1080 ah
557 1023 702 1081 Edwoldo
715 1022 837 1097 suscipi,
846 1022 915 1096 quia
926 1023 958 1078 iu
971 1021 1089 1079 illorum
1102 1021 1241 1078 manibus

88 1127 146 1184 per
156 1110 205 1166 dei
215 1112 356 1168 virtutem
366 1118 454 1184 atque
464 1109 632 1168 misterium
642 1110 823 1168 christianus
832 1109 899 1167 fieri
909 1109 1106 1183 concupisco!
1137 1108 1175 1165 Et
1185 1109 1241 1166 hec

88 1198 197 1256 dicens
203 1197 410 1266 Rumwoldus,
416 1197 962 1272 diuinaprotegente³gratia,ostendit
971 1195 1068 1254 indice
1076 1213 1240 1254 concauum

88 1285 223 1359 lapidem
233 1303 293 1342 non
302 1286 406 1359 procul
416 1285 604 1344 iacentemin
614 1287 744 1358 quodam
752 1284 869 1358 tugurio
877 1286 999 1342 humide
1008 1283 1172 1342 adiacentis
1181 1285 1240 1341 val·
1258 1299 1288 1334 ιο

89 1373 189 1441 licule,
198 1373 339 1446 iubetque
348 1372 607 1430 circumstantibus
615 1371 913 1431 domesticisvtillum
921 1370 1099 1430 festinanter
1105 1371 1240 1429 afferant.

89 1461 229 1534 Cumque
240 1469 346 1518 euntes
358 1461 490 1534 lapidem
503 1478 558 1519 nec
572 1477 694 1518 mouere
707 1477 763 1518 nec
775 1459 874 1534 aliquo
886 1459 1007 1533 ingenio
1020 1469 1129 1516 aterra
1142 1469 1240 1517 extra·

90 1549 166 1606 here
179 1557 315 1621 possent,
330 1557 519 1606 reuertentes
531 1549 707 1606 asserebant
719 1566 754 1605 se
768 1547 922 1606 incassum
941 1548 1077 1605 laborare
1096 1555 1126 1604 et
1145 1547 1241 1605 nulla·

90 1645 181 1692 tenus
194 1635 326 1709 lapidem
338 1653 461 1693 mouere
471 1652 572 1709 posse.
598 1635 714 1706 Quibus
727 1644 813 1708 pater
821 1634 958 1709 precepit
966 1643 997 1692 vt
1007 1634 1150 1692 afferrent
1158 1635 1240 1692 velo-

89 1723 165 1780 citer
172 1741 227 1780 vas
236 1722 541 1796 ligneum,vtChristi
551 1724 608 1780 tiro
617 1723 801 1796 baptismum
810 1721 977 1796 susciperet
985 1721 1015 1778 in
1025 1740 1070 1778 eo.
1090 1722 1240 1779 Euntibus
1257 1741 1285 1790 15

89 1810 150 1867 illis
160 1819 191 1868 et
199 1828 253 1868 vas
262 1810 385 1884 plenum
395 1828 473 1885 aqua
485 1811 700 1881 deserentibus,
712 1810 920 1878 Rumwoldus,
930 1810 986 1866 hoc
996 1810 1126 1879 intuenS,
1135 1809 1240 1867 Wide-

89 1897 158 1955 rino
179 1907 209 1954 et
234 1897 377 1956 Edwoldo
403 1898 579 1973 presbiteris
599 1898 659 1956 ait:
687 1897 750 1955 ‘lte
769 1907 800 1956 et
817 1897 848 1956 in
867 1897 989 1954 nomine
1010 1897 1123 1954 domini
1146 1897 1241 1954 nostri

92 1985 186 2043 ihesu
200 1984 311 2043 Christi
329 2004 365 2043 ac
383 1996 486 2044 sancte
504 1985 653 2057 trinitatis,
666 1985 723 2043 soli
735 1985 802 2043 sine
814 1985 991 2043 hesitatione
1004 2001 1113 2042 saxum
1126 1985 1241 2042 indubii

89 2072 226 2145 accipite,
245 2081 275 2130 et
292 2073 324 2131 in
343 2091 462 2131 summo
481 2075 616 2131 omnium
633 2074 822 2131 confidentes
846 2082 977 2141 auctore,
999 2073 1057 2130 huc
1081 2072 1239 2130 adducite'

93 2159 155 2231 Qui
168 2160 306 2233 protinus
323 2169 495 2235 pergentes,
509 2161 609 2235 magni
622 2161 766 2236 ponderis
778 2162 909 2235 lapidem
922 2178 994 2218 mox
1012 2160 1120 2218 leuiter
1132 2177 1150 2216 a
1161 2169 1242 2218 terra
1257 2179 1288 2214 ro

90 2249 221 2317 eleuant,
234 2257 322 2322 atque
333 2258 402 2306 ante
414 2248 596 2321 [sanctum]⁴
609 2248 824 2306 Rumwoldum
837 2249 1003 2321 deponunt.
1035 2247 1070 2305 ln
1084 2265 1144 2321 quo
1156 2265 1242 2305 sanc-

90 2335 205 2392 tificato
227 2336 415 2410 baptismatis
436 2336 565 2408 sonte‚a
590 2337 796 2394 sacerdotibus
820 2335 944 2408 prelatis
968 2353 1045 2410 puer
1066 2335 1242 2408 baptizatus,

91 2423 219 2481 missam
235 2423 292 2480 sibi
306 2424 437 2498 postulat
456 2424 611 2495 celebrari,
624 2441 794 2499 corpusque
808 2423 919 2481 Christi
937 2431 967 2480 et
985 2423 1165 2497 sanguinem
1184 2423 1242 2480 sihi

89 2511 175 2580 dari;
195 2520 226 2568 vt
245 2511 329 2569 cuius
347 2521 524 2586 susceperat
541 2511 734 2585 baptismum,
747 2511 844 2585 ipsius
859 2520 993 2568 sumeret
1012 2519 1243 2568 sacramentum.

92 2598 128 2655 ln
151 2599 259 2655 eodem
278 2608 379 2656 autem
397 2607 483 2672 prato
501 2599 533 2656 in
552 2618 611 2673 quo
630 2599 798 2673 baptizatus
819 2607 866 2657 est
887 2609 1010 2656 sanctus
1036 2598 1242 2668 Rumwoldus,
1258 2617 1288 2668 ²⁵

90 2701 246 2758 nunquam
264 2685 453 2760 gratissimus
472 2687 547 2744 odor
565 2687 675 2756 deficit,
697 2704 794 2760 neque
813 2687 854 2745 ibi
872 2687 967 2744 herbe
992 2686 1167 2760 pallescunt,
1189 2689 1243 2743 sed

90 2789 217 2846 semper
230 2773 260 2830 in
272 2773 421 2831 viriditate
433 2783 658 2847 permanentes,
671 2792 781 2848 magns
793 2774 923 2832 nectaris
937 2774 1084 2831 suauitate
1096 2773 1244 2831 redolent.

90 2861 225 2918 Vocatur
236 2870 336 2918 autem
349 2862 432 2920 locus
445 2862 495 2919 illc
507 2879 587 2919 nunc
600 2863 638 2919 ab
651 2862 757 2920 incolis
770 2862 919 2920 Suttunus
927 2861 947 2919 ⁸.
993 2849 1070 2919 Post
1083 2861 1244 2918 missenum

90 2949 193 3021 itaque
223 2949 397 3019 solemnia⁸,
421 2950 581 3022 alloquitur
605 2959 728 3008 sanctus
754 2949 970 3007 Rumwoldus⁷
995 2958 1141 3023 parentes
1172 2965 1244 3006 suos

90 3038 326 3110 sacerdotesque
338 3037 487 3110 prelatos;
506 3038 545 3094 de
563 3037 706 3094 catholica
724 3038 785 3096 lide
801 3054 933 3110 veraque
953 3036 1108 3111 religione,
1125 3053 1244 3093 necnon
1258 3053 1291 3104 30

90 3124 131 3181 de
145 3125 228 3180 omni
240 3124 406 3194 honestate,
418 3127 455 3182 de
469 3125 622 3200 preceptis
632 3125 709 3199 legis
722 3125 832 3193 diuine,
845 3133 875 3182 et
889 3124 1020 3182 maxime
1033 3125 1072 3180 de
1084 3123 1244 3181 dilectione

90 3211 143 3269 dei
156 3221 186 3268 et
199 3212 328 3286 proximi
342 3213 409 3269 illos
421 3214 543 3270 docens.
580 3213 653 3270 Post
665 3213 906 3270 exhortationem
918 3230 991 3270 vero
1004 3209 1166 3269 multorum
1181 3229 1246 3269 ser·

91 3316 227 3372 monum,
246 3300 386 3358 omnihus
405 3301 486 3358 clara
506 3319 580 3359 voce
603 3301 695 3359 dixit:
725 3301 862 3367 ‘Audite
884 3317 988 3373 queso,
1009 3300 1108 3357 cuncti
1130 3299 1177 3357 hic
1198 3317 1246 3357 as·

90 3396 203 3458 tantes,
222 3388 315 3446 rerba
338 3406 398 3462 que
421 3406 478 3462 ego
501 3389 608 3462 loquor
631 3389 721 3446 hodie
745 3387 776 3445 in
801 3388 923 3446 auribus
943 3387 1071 3445 vestris:
1103 3386 1245 3460 quoniam

90 3474 251 3548 sapientia,
263 3493 321 3549 que
333 3493 368 3534 os
387 3485 503 3532 mutum
522 3475 638 3549 aperit⁸
657 3477 835 3550 linguasque
853 3473 1012 3532 infantium
1031 3475 1159 3533 disertas
1175 3493 1245 3533 esse
1259 3492 1289 3541 35

90 3561 171 3633 facit,
188 3580 244 3637 per
261 3579 311 3620 me
328 3580 383 3621 sua
398 3563 531 3620 misteria
541 3564 551 3596 ⁹
563 3563 649 3622 vobis
666 3564 836 3636 vestrisque
855 3564 1036 3636 sequacibus
1054 3563 1167 3636 pandit,
1187 3581 1245 3636 quo

91 3650 191 3724 ipsius
209 3649 392 3724 agnitionem
406 3650 519 3709 habere
531 3651 662 3724 possitis.
700 3651 778 3708 Nam
790 3651 847 3709 hec
859 3659 905 3709 est
919 3650 970 3708 illa
982 3649 1130 3724 sapientia
1141 3650 1174 3706 in
1187 3667 1246 3723 qua

91 3739 171 3796 deus
191 3736 326 3795 fundauit
344 3746 457 3795 terram
478 3738 619 3812 celosque
638 3739 790 3809 stabiliuit,
810 3756 869 3812 que
894 3739 959 3796 sola
983 3738 1081 3812 girum
1107 3737 1163 3794 celi
1188 3739 1246 3794 cir-

90 3824 186 3884 cuiuit
205 3832 234 3882 et
247 3825 278 3890 in
291 3823 430 3882 lluctibus
446 3825 539 3884 maris
556 3825 728 3896 ambulauit,
746 3827 1006 3899 superborumque
1024 3835 1054 3882 et
1073 3823 1245 3882 sublimium

90 3913 171 3972 colla
183 3911 305 3986 propria
316 3912 426 3971 virtue
440 3913 571 3971 calcauit
610 3913 676 3970 Hec
693 3913 805 3971 etenim
823 3912 952 3970 clamitat
970 3912 1001 3969 in
1020 3911 1130 3986 plateis
1147 3919 1247 3968 vocat·
1259 3929 1293 3980 4⁰

90 4017 154 4076 que
168 4017 202 4058 se
214 3999 374 4073 diligentes
385 4010 418 4058 vt
430 4003 468 4058 ad
483 4000 563 4058 illam
579 4000 748 4060 declinent:
767 4003 837 4074 quia
847 4001 868 4035 ¹⁰
880 4017 947 4058 eam
960 3999 1124 4068 inueniant,
1137 4007 1168 4056 et
1179 4015 1246 4055 eant

90 4105 163 4148 curu
180 4087 360 4159 inuenerint,
373 4088 451 4146 beati
468 4097 539 4146 sunt
551 4087 577 4146 si
589 4087 739 4148 tenuerint
751 4105 827 4147 eam.
865 4087 932 4146 Hec
944 4087 1057 4162 quippe
1069 4103 1124 4145 sua
1136 4085 1247 4144 virtute

125 4254 134 4286 ¹
154 4252 185 4304 E„
196 4253 420 4317 sacerdotumque.
480 4253 490 4282 ¹
507 4253 536 4305 E.
548 4253 696 4317 baptimum.
753 4252 826 4305 ’vit
839 4253 994 4317 providente
1006 4252 1087 4316 (Reg.
1099 4249 1247 4315 prodente).

91 4322 101 4353 ¹
119 4335 172 4370 om.
185 4319 212 4368 in
225 4319 255 4368 E.
404 4318 415 4349 ⁸
431 4318 553 4382 -tttng's
565 4319 661 4371 Sutton
672 4319 700 4370 in
713 4319 912 4382 Northaurpton.
1023 4317 1035 4347 ‘
1050 4317 1081 4370 T.
1092 4316 1247 4382 solempnia.

90 4385 101 4418 l
120 4386 151 4438 T.
164 4383 322 4436 rumwollua.
390 4383 400 4415 ⁸
416 4383 445 4436 T.
458 4385 487 4436 Ε.
500 4385 608 4452 apertuit.
673 4385 724 4437 ll.
736 4385 766 4438 E.
778 4385 929 4438 minhterla
994 4383 1016 4416 ¹'
1026 4383 1093 4448 Reg.
1104 4383 1159 4447 qui.
