3054 4904
308 307 376 376 1⁶2
615 299 1138 404 mammam

303 500 540 573 [mmmmm
577 499 1444 575 uoeenmepsmpnstpaaeanarntstqumta

301 589 648 646 mbuetlamiliasna.
685 586 1507 646 OetoenimiamcxtitcrantanteCelsutnvint

301 677 427 746 uxorati,
447 687 478 734 et
502 679 617 749 absque
643 677 808 744 ordinibus,
832 677 952 733 litterati
980 689 1090 734 tamen.
1128 675 1204 732 Inde
1229 685 1291 732 tota
1317 675 1368 730 illa
1393 691 1444 746 per
1507 700 1508 703 ¹

300 763 473 821 uniuersam
502 763 682 822 Hiberniam
711 765 868 822 dimlutio
892 765 1096 821 ecclesiastice
1126 763 1291 836 discipline,
1316 779 1442 818 censure
1506 809 1507 816 ,

273 853 464 920 senematio,
487 853 641 924 religionis
659 851 830 920 euacuatio;
852 853 923 908 inde
940 851 991 908 illa
1002 853 1121 924 ubique,
1139 869 1196 924 pro
1214 848 1441 906 mansuetudine

301 939 490 1007 christiana¹,
514 957 588 997 seua
606 941 776 996 introducta
792 939 955 1006 barbaries,
979 939 1072 996 immo
1095 937 1309 1012 paganismus²
1325 937 1443 1010 quidam

300 1025 459 1084 inductus⁸
486 1029 544 1084 sub
574 1027 696 1084 nomine
725 1027 895 1084 cbn'stianot
933 1027 1020 1096 Nam,
1043 1028 1123 1100 quod
1148 1026 1312 1082 inauditum
1340 1035 1387 1080 est
1409 1025 1444 1078 ab

300 1114 368 1186 ipso
385 1115 611 1171 christianitatis
629 1115 713 1171 initio
720 1114 741 1182 ⁴,
755 1115 821 1171 sine
836 1115 951 1184 ordine,
972 1113 1059 1171 sine⁸
1076 1114 1192 1172 ratione
1209 1114 1400 1170 mutabantur
1416 1124 1444 1166 et

300 1201 573 1274 multiplicabantur
584 1202 719 1275 episcopi
731 1219 787 1274 pro
796 1203 882 1258 libitu
901 1202 1131 1275 metropolitani,
1143 1202 1184 1259 ita
1196 1211 1227 1258 vt
1238 1218 1318 1258 vitus
1332 1199 1444 1272 episco-

257 1303 287 1340 ιο
300 1299 389 1361 patus
404 1308 466 1346 vno
482 1307 543 1346 non
560 1297 643 1346 esset
660 1299 821 1346 contentus
838 1290 991 1362 episcopo,
1010 1293 1065 1346 sed
1084 1289 1203 1362 singule
1220 1307 1301 1361 pene
1319 1287 1442 1345 ecclesie

300 1375 436 1448 singulos
466 1378 612 1434 haberent
641 1378 810 1450 episcopos
857 1377 917 1432 Pro
941 1377 1001 1434 hiis
1024 1395 1097 1450 ergo
1121 1377 1318 1434 vehementer
1341 1376 1443 1432 dolens

300 1463 408 1520 Celsus
426 1465 541 1521 curauit
557 1482 764 1521 successorem
783 1465 896 1522 babere
915 1464 1101 1532 Malachiam,
1119 1483 1156 1522 eo
1174 1465 1254 1538 quod
1272 1481 1329 1536 per
1346 1463 1442 1535 ipsum

302 1552 467 1609 confideret
479 1571 572 1625 posse
584 1551 752 1624 explantari
765 1553 843 1609 male
856 1553 1017 1608 radicatam
1030 1553 1261 1620 siccessionem,
1273 1551 1325 1624 qui
1338 1551 1443 1607 charus

299 1647 382 1696 esset
400 1641 549 1708 omnibus,
568 1650 599 1696 et
616 1657 707 1712 quem
726 1657 834 1696 omnes
851 1640 1065 1709 emularentur,
1083 1649 1114 1697 et
1131 1639 1271 1697 dominus
1290 1649 1355 1696 erat
1376 1655 1440 1694 cum

256 1742 285 1791 ¹⁵
298 1743 343 1782 eo.
382 1727 444 1784 llec
461 1728 621 1784 tiustmtus
639 1737 686 1784 est
703 1745 720 1784 a
739 1745 794 1800 spe
812 1745 886 1786 sua:
907 1745 977 1784 nam
996 1728 1047 1784 illo
1065 1737 1192 1796 mortuo,
1204 1727 1383 1784 substitutus
1401 1737 1443 1782 est

300 1813 472 1877 Malachiae,
488 1833 549 1871 non
567 1825 668 1872 tamen
686 1833 766 1881 mox,
781 1833 881 1888 neque
897 1815 927 1871 id
942 1815 1037 1874 facile.
1075 1815 1152 1872 Ecce
1169 1815 1253 1872 enim
1271 1815 1311 1870 de
1328 1815 1443 1871 semine

299 1919 430 1974 nequam
438 1904 489 1976 qui
497 1913 623 1976 occupet
632 1903 740 1970 locum,
751 1902 914 1960 Mauricius
922 1903 1060 1960 nomine:
1073 1905 1124 1976 qui
1134 1921 1190 1976 per
1198 1901 1442 1975 quinquennium,

298 1989 393 2047 fretus
401 1991 533 2063 potentia
541 1991 678 2058 seculari,
687 1991 838 2047 incubauit
847 1991 974 2048 ecclesie
983 2009 1044 2048 non
1054 1991 1443 2064 episcopussedtyrannus

301 2065 469 2150 Egrotante
486 2088 586 2135 autem
604 2078 703 2148 Celso,
715 2078 854 2151 apparuit
869 2078 1014 2136 Malachie
1034 2079 1122 2150 longe
1140 2077 1238 2151 posito
1257 2077 1368 2135 mulier
1379 2095 1444 2151 pro-

253 2183 284 2218 20
297 2165 377 2222 ceri⁸
390 2176 420 2224 et
440 2167 599 2224 reuerendi
611 2167 720 2223 vultus
758 2165 969 2223 Percunctanti
986 2166 1138 2238 queuam⁷
1156 2176 1245 2235 esset,
1264 2182 1442 2238 responsum

296 2261 343 2310 est
367 2271 436 2310 esse
455 2271 581 2310 uxorem
606 2253 703 2322 Celsi;
722 2272 782 2326 que
806 2254 834 2311 ei
859 2256 982 2310 tradens
1007 2253 1121 2326 virgam
1140 2253 1333 2327 pastoralem,
1354 2270 1443 2325 quam

297 2357 388 2396 manu
412 2343 542 2410 tenebat,
562 2341 715 2413 disparuit
754 2341 862 2398 Paucis
886 2341 1023 2398 decursis
1049 2342 1165 2410 diebus
1185 2341 1292 2398 Celsus
1312 2341 1444 2398 moriens

296 2428 376 2484 misit
394 2429 533 2484 baculum
551 2446 639 2485 suum
660 2428 807 2486 Malachie
826 2437 968 2501 tanquam
991 2429 1048 2486 sibi
1070 2446 1257 2486 successuro.
1294 2429 1395 2499 Quem
1413 2439 1443 2484 tt

296 2515 379 2584 vidit,
401 2516 501 2588 ipsum
523 2533 593 2573 esse
614 2533 704 2588 quem
727 2516 844 2573 viderat
861 2515 1034 2572 intellexit&
1108 2503 1214 2574 Huius
1235 2516 1379 2589 precipue
1399 2533 1443 2572 re·

252 2619 282 2666 ²5
296 2603 555 2660 cordatiovisionis
562 2604 667 2660 tenuit
675 2603 851 2660 Malachiam
860 2604 940 2674 nesi,
950 2603 1185 2677 quod'diusatis
1195 2603 1444 2670 dissimulasset¹⁰‚

295 2691 370 2746 vltra
394 2699 543 2760 renueret,
567 2691 669 2748 diuine
694 2692 836 2748 resistere
858 2692 1001 2750 voluntati
1021 2691 1181 2749 videretur.
1223 2689 1441 2749 Verumtamen
1506 2765 1507 2768 Ἴ

295 2777 445 2836 ciuitatem
455 2797 515 2835 non
526 2779 655 2847 intrauit,
664 2778 807 2850 quamdiu
820 2779 869 2834 ille
881 2779 1036 2836 incubator
1045 2779 1065 2812 ¹¹
1077 2779 1159 2848 vixit,
1168 2797 1206 2836 ne
1216 2779 1272 2835 hac
1284 2780 1443 2836 occasione

294 2866 480 2939 contingeret
494 2867 568 2922 mori
581 2883 763 2939 quemquam
772 2884 810 2922 ex
821 2866 879 2923 hiis
892 2868 1001 2938 quibus
1010 2865 1099 2922 vitam
1113 2866 1209 2938 magis
1222 2865 1443 2924 ministraturus

294 2953 441 3013 veniebat.
478 2953 562 3010 1110¹²
574 2954 664 3026 igitur
676 2954 766 3010 ceten'
779 2963 875 3010 morte
888 2965 973 3028 rapto
983 2953 1004 2986 ¹⁸
1015 2954 1054 3012 de
1068 2953 1175 3021 medio,
1188 2971 1293 3010 rursus
1307 2954 1443 3027 Nigellus

249 3042 424 3116 soquidam,
449 3041 541 3098 immo
562 3059 633 3098 vere
656 3042 844 3115 nigerrimus,
863 3043 967 3099 sedem
987 3041 1141 3115 preripuit,
1159 3057 1249 3113 quem
1270 3040 1442 3111 Mauricius

294 3131 366 3186 dum
378 3130 502 3196 uiueret,
516 3130 573 3186 sibi
586 3130 730 3186 heredem
744 3129 855 3186 statuit.
894 3129 965 3186 Erat
977 3132 1058 3186 enim
1072 3147 1111 3187 ex
1123 3130 1286 3201 dampnata
1297 3131 1443 3202 progenie

295 3216 438 3274 Mauricii.
477 3217 545 3274 Rex
565 3217 660 3289 [vero]
667 3216 688 3249 ¹⁴
700 3227 731 3274 et
746 3217 879 3290 episcopi
897 3225 927 3273 et
947 3217 1052 3274 fideles
1065 3225 1146 3275 terre
1159 3215 1353 3274 nihilominus
1373 3235 1443 3274 con·

293 3313 451 3375 uenerunt,
463 3314 496 3361 vt
511 3304 689 3362 Malachiam
701 3305 935 3362 introducerent.
973 3303 1011 3360 Et
1022 3322 1094 3362 ecce
1105 3303 1262 3360 consilium
1276 3303 1443 3377 malignan-

293 3392 367 3448 tium
390 3410 429 3449 ex
453 3393 601 3449 aduerso:
629 3392 752 3465 quidam
776 3393 815 3450 de
840 3392 910 3448 liliis
931 3391 1024 3448 Belial
1046 3399 1204 3465 promptus
1224 3391 1263 3447 ad
1283 3392 1442 3462 maliciam,

249 3501 279 3552 tt
293 3489 403 3552 potens
414 3479 445 3535 in
459 3479 620 3552 iniquitate,
634 3480 734 3538 sciens
747 3481 844 3536 locum
857 3480 908 3537 vbi
925 3479 1036 3551 pariter
1048 3477 1211 3534 conuenire
1226 3479 1442 3546 decreuissent,

293 3567 396 3623 multis
409 3567 579 3640 aggregatis
598 3567 654 3624 sibi
671 3568 800 3625 latenter
812 3567 942 3625 vicinum
961 3567 1117 3639 occupauit
1134 3567 1239 3623 collem
1256 3566 1442 3625 eminentem

293 3673 310 3712 e
329 3654 461 3728 regione,
482 3656 571 3724 vnde,
590 3654 648 3711 illis
670 3655 875 3724 tractantibus,
895 3653 944 3712 isti
967 3653 1124 3727 repentino
1147 3655 1260 3727 impetu
1285 3671 1380 3727 super
1400 3655 1442 3712 in·

292 3751 396 3800 cautos
426 3743 576 3800 irruerent
602 3752 634 3799 et
658 3742 837 3800 innocentes
863 3743 1076 3800 interficerent,
1123 3741 1328 3799 Condixerant
1358 3743 1442 3800 enim

291 3848 395 3905 regem
414 3848 482 3888 cum
501 3831 644 3902 episcopo
662 3831 819 3900 trucidare,
834 3839 866 3886 vt
883 3847 943 3886 non
963 3838 1044 3886 esset
1062 3829 1112 3902 qui
1131 3828 1308 3902 sanguinem
1327 3828 1441 3886 iustum

246 3941 278 3990 40
291 3918 463 3976 vindicaret.
502 3919 566 3976 Res
584 3917 712 3974 innotuit
729 3917 893 3975 Malachie:
914 3927 944 3975 et
962 3917 1078 3974 intrans
1096 3915 1254 3973 ecclesiam
1267 3914 1295 3984 ¹⁶,
1315 3916 1442 3975 eleuatis

293 4007 433 4064 manibus
457 4006 555 4063 orauit
579 4007 618 4062 ad
642 4005 834 4062 dominum¹t
873 4004 911 4062 Et
936 4023 1006 4062 ecce
1031 4005 1127 4062 nubes
1151 4012 1181 4061 et
1205 4003 1309 4076 caligo,
1331 4006 1387 4061 sed
1413 4015 1444 4062 et

290 4095 452 4151 tenebrosa
475 4110 552 4166 aqua
574 4093 605 4150 in
624 4092 753 4150 nubibus
779 4093 867 4162 aeris,
885 4092 966 4150 diem
985 4100 1105 4150 vertunt
1124 4091 1155 4148 in
1175 4099 1304 4161 noctem,
1323 4091 1441 4165 fulgura
1508 4137 1509 4162 ,

323 4189 536 4240 metrumne.
571 4188 627 4240 ¹E.
636 4190 830 4282 paganissimus.
874 4189 931 4239 '‘l'.
940 4189 968 4240 E.
977 4190 1084 4240 indest.
1124 4187 1276 4238 ⁴E.enitio.
1311 4187 1442 4240 ‘Esiue

290 4253 366 4306 ‘Vit
379 4263 600 4319 procerestature.
702 4257 730 4306 E.
744 4257 866 4319 quinam.
948 4255 1024 4304 lom.
1036 4257 1062 4304 in
1074 4255 1113 4312 T..
1126 4254 1178 4303 Vit.
1190 4255 1305 4317 agnouit.
1384 4256 1441 4305 ’ἱ

290 4321 360 4382 quid.
426 4323 445 4352 ¹⁰
461 4321 512 4370 Vit.
522 4322 700 4371 dissimularat.
767 4320 786 4350 ¹¹
805 4322 833 4371 E.
846 4321 986 4371 incubatos.
1051 4319 1071 4350 ¹¹
1086 4321 1116 4370 T.
1132 4319 1185 4369 llle.
1252 4319 1271 4348 ¹³
1287 4319 1317 4368 T.
1325 4320 1441 4382 factmf.

291 4395 373 4450 rapto.
440 4385 458 4418 ¹⁴
474 4387 504 4437 T.
518 4387 636 4438 mentm.
704 4385 724 4416 ¹³
742 4385 771 4438 E.
785 4387 931 4438 ecclesium.
1000 4383 1019 4416 ¹⁸
1036 4387 1065 4436 E.
1079 4387 1163 4438 deum.
