3062 4888
105 239 256 291 ursuoot.
270 239 338 305 uo]
462 222 536 314 Ul
560 218 622 311 ὖ.
648 217 925 310 willibald&
1192 221 1264 324 567

104 423 191 480 solus
204 423 234 478 in
247 423 370 479 oratorio
381 423 487 490 orabat,
500 421 648 494 apparuit¹
660 423 685 480 ei
698 424 842 495 quoddam
855 421 956 494 ingens
967 422 1165 496 teter[r]imum
1178 436 1264 499 atque

104 507 286 562 horrendum
310 516 477 576 monstrum,
501 507 626 576 maligna
649 506 863 563 machinacione
888 508 992 562 fictum.
1041 508 1111 563 Erat
1141 525 1263 581 nanque

103 591 194 661 quasi
208 591 329 662 quedam
341 607 444 660 ymago
457 592 529 646 ferro
539 601 568 646 et
577 590 692 660 iuligine
701 591 830 660 conficta,
840 590 942 661 plumis
955 590 1100 647 contexta²
1112 593 1263 664 fuligineis,
1363 582 1366 588 ’

103 673 232 744 pedibus
251 673 404 742 celerrima,
422 673 476 729 alis
493 672 726 744 pernicissima³3
752 674 892 729 interdum
911 685 1023 730 centum
1041 675 1149 732 habens
1168 679 1263 732 oculos

103 757 269 822 flammeos,
287 773 363 811 nunc
381 773 447 811 vero
465 757 580 825 nullum,
599 754 732 812 interim*
748 774 835 812 vnum
855 757 883 812 in
902 757 996 813 media
1012 758 1105 814 fronte
1122 759 1215 828 fixum,
1234 759 1292 825 ins

103 840 230 894 modum
243 838 323 910 clipei
338 839 451 894 maximi
464 849 602 908 rotatum3
623 851 736 895 centum
754 839 874 910 linguas,
887 839 1060 911 totidemque
1072 859 1122 896 ora
1139 852 1167 897 et
1182 860 1264 899 aures

104 920 303 993 confi[n]gens
314 940 321 990 ;
341 939 416 977 nunc
427 923 559 993 usquead
568 924 658 978 nubes
667 940 699 978 se
710 922 829 992 erigens,
839 940 914 978 nunc
921 941 987 979 vero
995 925 1127 980 deorsum
1135 927 1264 995 pendens

105 1016 140 1061 et
166 1022 232 1061 cum
256 1008 370 1076 puluere
395 1005 579 1061 descendens.
616 1008 680 1061 Hec
704 1006 798 1077 itaque
825 1017 884 1061 tam
908 1007 1054 1077 prophana
1078 1019 1192 1064 sanctus
1213 1025 1265 1079 per

105 1099 206 1144 totam
218 1099 331 1144 noctem
343 1089 451 1158 videns,
466 1089 610 1160 respondit
621 1089 738 1145 dicens:
759 1091 801 1145 ‘O
816 1089 941 1158 demens,
955 1107 973 1144 o
984 1091 1138 1160 prophane,
1150 1109 1199 1146 cur
1211 1093 1264 1146 hec

106 1182 173 1227 tam
186 1189 260 1226 uana
272 1171 383 1227 iactitas
396 1182 495 1226 contra
507 1171 610 1227 milites
624 1172 748 1228 Christi?
764 1189 801 1226 au
815 1183 844 1228 te
862 1173 929 1227 latet
944 1173 1020 1244 quod
1039 1184 1174 1244 perpetua
1190 1173 1263 1244 iguis
1279 1191 1309 1229 10

106 1255 202 1310 eterni
221 1264 362 1310 tormenta
380 1253 431 1324 [te]
448 1265 564 1310 manent
581 1272 645 1310 cum
664 1256 806 1312 sodalibus
825 1255 900 1311 tuis?
938 1256 1074 1326 Quamuis
1086 1256 1161 1312 enim
1176 1257 1263 1313 modo

106 1339 235 1408 quedam
243 1337 493 1408 grauiasustineas,
502 1337 711 1393 maioratamen
719 1337 949 1406 sustinebis‚cum
958 1339 1086 1395 Christus
1095 1339 1264 1411 apparuerit,

106 1421 173 1477 vita
185 1433 214 1476 et
226 1421 322 1492 legifer
334 1421 446 1476 noster!
502 1423 600 1476 Frater
614 1431 709 1476 autem
721 1422 883 1491 Thegonus,
896 1422 974 1478 cuius
987 1424 1058 1478 cella
1070 1423 1191 1478 oratorio
1203 1433 1262 1479 erat

108 1504 250 1575 proxima,
263 1513 357 1559 tantas
370 1503 460 1574 primo
473 1503 546 1558 inter
558 1515 686 1559 sanctum
698 1514 727 1560 et
740 1505 884 1560 diabolum
897 1505 1014 1560 audiens
1026 1505 1263 1573 conflictaciones,

108 1587 240 1656 surrexit,
265 1597 294 1642 vt
320 1587 429 1658 plenius
453 1596 586 1642 euentum
610 1588 693 1642 huius
717 1587 758 1642 rei
782 1588 928 1643 edisceret.
974 1589 1055 1643 Tunc
1079 1597 1159 1644 tauta
1181 1589 1307 1660 buius15

108 1670 230 1742 maligni
256 1671 325 1726 vidit
350 1671 492 1740 figmenta,
511 1680 540 1725 et
561 1671 630 1725 talia
653 1670 735 1726 huius
760 1671 851 1726 sancti
872 1671 912 1726 illi
934 1671 1058 1742 pessimo
1077 1672 1263 1727 conuiciaudo

109 1754 213 1811 didicit
236 1771 389 1826 responsa;
419 1763 504 1825 atque
522 1754 655 1809 iratribus
676 1753 819 1810 reuelauit.
856 1754 900 1808 llli
922 1764 1015 1810 autem
1036 1755 1089 1809 hec
1109 1755 1263 1823 audientes,

109 1839 206 1907 magis
230 1839 377 1909 magisque
401 1837 430 1891 in
455 1837 532 1891 omni
557 1855 642 1908 opere
665 1838 742 1892 bono
766 1836 878 1893 accensi
902 1846 930 1892 et
951 1836 1041 1907 magis
1066 1837 1140 1892 cauti
1162 1837 1263 1907 effecti,

110 1921 232 1976 multum
245 1920 367 1976 edificati
378 1929 451 1976 sunt.
465 1919 475 1990 ΙΙ
487 1923 514 1974 Α
527 1920 661 1976 vicesimo
670 1920 764 1992 itaque
774 1930 803 1975 et
813 1918 923 1991 primo⁶
936 1920 1019 1975 etatis
1032 1937 1082 1975 sue
1094 1938 1263 1992 annovsque

111 2005 151 2060 ad
176 2004 285 2059 obitum
309 2021 399 2072 suum,
423 2020 567 2074 nunquam
592 2004 620 2059 in
645 2003 765 2060 ecclesia
794 2003 870 2058 visus
901 2011 944 2058 est
974 2003 1088 2072 sedere;
1119 2020 1309 2074 nunquamne

111 2087 233 2144 tristicia
251 2087 389 2155 deiectus,
401 2103 455 2142 nec
469 2086 563 2143 leticia
582 2087 697 2153 solutus,
715 2103 859 2158 nunquam
876 2087 961 2141 aliurn
977 2086 1103 2155 irridens,
1119 2103 1264 2158 nunquam

110 2169 320 2226 moderacionis
332 2170 481 2224 terminum
501 2169 640 2226 excedens
652 2169 764 2239 agnitus
777 2179 830 2237 est,
844 2178 886 2224 set
897 2186 989 2241 neque
1007 2169 1093 2224 iratus
1106 2180 1154 2225 aut
1166 2169 1263 2224 turbu·

111 2255 216 2310 lentus.
241 2255 268 2308 N
271 2269 318 2308 am
330 2269 395 2307 cum
408 2252 445 2307 ab
458 2251 579 2306 inlancia
592 2269 643 2307 sua
654 2262 753 2307 sancto
767 2253 884 2307 Budoco
896 2251 1107 2307 deuotissimum
1120 2253 1263 2308 exhiberet

111 2336 290 2406 obsequium,
302 2334 381 2390 cuius
393 2345 452 2389 tarn
463 2335 551 2390 verbo
569 2352 655 2406 quam
670 2336 799 2406 exemplo
816 2335 967 2390 instructus
985 2336 1075 2391 factus
1093 2345 1137 2391 est
1154 2335 1263 2391 iuuenis

112 2417 352 2490 religiosissimus,
373 2433 486 2472 omnem
505 2417 598 2472 adhuc
616 2416 646 2472 in
664 2419 740 2474 clero
758 2435 823 2473 cum
845 2418 872 2472 in
890 2418 939 2473 tali
958 2417 1067 2488 positus
1084 2428 1159 2474 esset
1178 2427 1262 2488 etate,
1278 2443 1308 2496 ²5

112 2502 332 2558 transcendebat
356 2499 488 2570 graciam.
537 2499 633 2555 Nichil
657 2501 733 2555 enim
757 2501 931 2571 arrogancie,
955 2501 1042 2556 nichil
1073 2501 1203 2572 superbie
1227 2501 1264 2558 de

112 2585 174 2642 eius
188 2584 242 2640 sibi
255 2585 379 2639 moribus
393 2584 555 2655 usurpabat,
568 2595 611 2640 set
624 2583 652 2638 in
665 2585 796 2640 omnibus
808 2585 929 2640 affabilis
941 2594 970 2640 et
981 2585 1136 2652 beniuolus,
1148 2585 1177 2640 in
1190 2594 1264 2640 terra

114 2665 238 2740 positus⁸
257 2667 406 2722 celestibus
426 2677 522 2736 aptum
540 2666 712 2722 semoribus
731 2668 908 2723 ostendebat.
944 2667 1167 2738 Quinquagenos
1184 2685 1263 2722 nam-

114 2769 169 2823 que
178 2762 222 2806 ter
235 2750 338 2806 cotidie
350 2749 538 2820 particulatim
551 2750 675 2820 psalmos
688 2751 890 2806 consuescebat
904 2751 1031 2821 psallere,
1045 2768 1119 2805 nunc
1131 2751 1160 2805 in
1173 2749 1263 2806 crucis

114 2835 210 2900 modo,
227 2850 301 2888 nunc
320 2833 459 2888 inmobilis
476 2833 546 2888 fixus
563 2831 616 2903 [ut]
635 2831 754 2902 statua⁷,
769 2851 844 2888 nunc
861 2831 936 2889 fixis⁸
956 2833 1118 2903 prouolutus
1135 2834 1263 2903 genibus.
1278 2855 1310 2905 30

116 2920 180 2973 Hec
192 2917 315 2973 breuiter
326 2916 361 2972 de
374 2915 458 2986 priori
475 2916 535 2971 eius
548 2917 763 2972 conuersacione
788 2915 872 2970 dicta.
908 2916 953 2970 Ex
971 2915 1020 2969 illa
1036 2915 1081 2970 die
1096 2933 1153 2986 qua
1170 2915 1264 2971 locum

116 3017 198 3057 suum
210 3009 371 3055 construere
384 2999 466 3069 cepit,
480 3015 625 3070 nunquam
642 2999 806 3054 indumento
822 2998 904 3053 laneo
922 2997 1040 3052 vestitus
1056 3007 1099 3053 est
1115 3008 1164 3053 aut
1180 2998 1264 3066 lineo,

116 3093 159 3140 set
177 3083 301 3153 caprinis
320 3083 488 3138 induebatur
506 3083 645 3152 pellibus;
669 3093 697 3136 et
716 3098 806 3153 neque
824 3082 852 3136 in
869 3081 943 3136 lecto
958 3079 1059 3149 plumis
1076 3081 1121 3136 vel
1138 3081 1264 3136 vestibus

116 3184 166 3222 seu
184 3167 273 3221 eciam
286 3165 373 3236 paleis
391 3175 478 3220 strato
495 3165 599 3221 iacuit:
620 3164 775 3220 durissimis
788 3181 890 3219 nucum
903 3163 942 3219 vti
956 3162 1104 3218 corticibus
1117 3163 1264 3220 consueuit

116 3267 167 3321 pro
185 3249 306 3320 plumis;
331 3265 382 3318 pro
401 3248 555 3319 peregrinis
573 3259 668 3303 autem
689 3247 829 3319 tapetibus
849 3246 942 3317 pictis,
961 3247 1055 3302 arenis
1077 3264 1142 3302 cum
1161 3247 1264 3318 lapillis
1278 3263 1308 3314 35

117 3333 310 3389 delectabatur
320 3331 469 3400 admixtis;
486 3349 538 3402 pro
552 3331 717 3402 capitalibus
729 3329 826 3387 sericis
838 3340 887 3385 aut
900 3330 1013 3385 bissinis
1023 3331 1068 3385 vel
1081 3329 1140 3385 lino
1152 3331 1264 3388 intextis

117 3417 226 3472 duobus
238 3425 347 3472 tantum
359 3415 498 3470 subleuari
511 3416 603 3485 capud
616 3424 737 3470 suomet
757 3415 845 3485 pedes
862 3413 976 3468 solidari
991 3413 1111 3470 iaciebat
1124 3414 1265 3486 lapidibus

117 3501 184 3554 binc
200 3505 229 3554 e't
247 3499 312 3554 inde
330 3495 491 3568 suppositis.
528 3498 605 3566 Quid
623 3497 722 3567 plura?
758 3496 841 3566 Quali
860 3497 1024 3552 indumento
1044 3497 1072 3552 in
1094 3497 1149 3567 die,
1170 3497 1218 3553 tali
1237 3507 1265 3553 et

117 3583 216 3639 eodem
230 3581 397 3637 induebatur
407 3591 436 3636 et
449 3591 539 3636 nocte.
577 3584 684 3636 Panem
696 3579 843 3648 triticeum,
855 3580 909 3636 nisi
924 3590 1034 3636 tantum
1051 3596 1085 3635 ex
1097 3598 1153 3652 quo
1166 3581 1264 3636 confici

118 3665 283 3722 sacrificium
296 3666 374 3732 solet,
388 3681 445 3719 non
458 3665 589 3732 comedit,
602 3672 645 3718 set
657 3663 769 3718 modico
783 3664 948 3720 vescebatur
966 3681 1038 3734 pane
1057 3663 1188 3718 ordeiceo
1200 3681 1264 3718 cum
1278 3675 1312 3726 40

119 3749 210 3804 cinere
233 3747 359 3804 admixto
383 3747 475 3818 equali
500 3748 624 3818 pondere
647 3745 757 3802 librato.
798 3746 926 3817 Excepto
950 3747 1026 3816 quod
1050 3745 1265 3816 quadragesime

118 3842 242 3903 tempore
267 3829 340 3886 binis
365 3840 414 3886 aut
440 3830 526 3886 ternis
553 3829 713 3886 abstinebat
737 3829 856 3896 diebus3
879 3839 909 3884 et
932 3839 1000 3884 tunc
1023 3829 1060 3883 de
1084 3829 1177 3883 cinere
1200 3828 1264 3898 plus

120 3917 254 3982 sumebat,
262 3931 370 3970 memor
382 3915 518 3984 scripture
530 3912 650 3970 dicentis
662 3913 727 3985 quia
736 3915 743 3943 ‘
751 3913 875 3969 cinerem
887 3922 1022 3983 tanquam
1031 3929 1134 3982 panem
1146 3912 1264 3967 mandu-

119 4000 233 4056 rabam!
271 3999 449 4053 Pulmentum
462 4013 573 4068 quoque
585 3999 640 4052 boc
652 3997 678 4052 ei
691 4005 751 4052 erat
767 3996 901 4051 ferculum
919 4012 953 4050 ex
969 3995 1059 4049 farina
1072 3993 1197 4065 predicta
1216 4002 1265 4049 aut

119 4101 151 4142 ex
173 4082 298 4138 oleribus
321 4081 488 4150 coniectum,
508 4092 552 4137 set
574 4081 653 4136 nulla
677 4079 881 4152 impinguatum
903 4078 1084 4150 pinguedine.
1126 4079 1264 4134 Vtebatur
1278 4088 1309 4140 45

149 4214 231 4266 ¹MS.
247 4215 385 4280 appareuit.
449 4211 592 4265 ‘obtecta
649 4211 731 4265 'Ma
743 4213 959 4280 perniciosissima.
1018 4210 1077 4260 “l'.
1090 4211 1262 4264 strumum

119 4297 198 4367 PMS.
209 4298 298 4366 prime.
396 4293 587 4366 ‘usmetun
684 4293 880 4350 'mutetur-
996 4293 1145 4350 ‘obflexiu
