3008 4904
413 315 488 409 Di
511 311 677 404 &mtto
701 314 902 416 lilutttnt.
1160 335 1232 411 277

79 532 150 572 eam
171 517 201 574 vi
223 517 350 576 tolleret.
387 517 474 575 Vnus
495 526 595 574 autern
617 515 830 590 discipulorum
850 515 960 574 videns
978 514 1062 573 illum
1080 514 1112 574 in
1131 515 1232 573 i'urore

79 613 296 675 reuertentem,
315 605 444 663 cucurrit
461 607 500 662 ad
520 614 656 662 sanctum
677 604 839 662 Paternum
859 613 889 661 et
906 603 966 661 ait:
993 603 1162 660 ‘Tirannus
1180 602 1233 676 qui

79 691 152 749 binc
170 701 260 748 antea
278 692 380 763 exiuit,
398 693 570 750 insultando
589 709 657 749 cum
675 691 776 748 surore
788 693 972 764 regreditur.’
1011 692 1157 749 Paternus
1169 692 1229 748 ait:

79 779 200 836 ‘Immo
223 781 382 837 absorbeat
404 797 473 837 eum
494 780 600 837 tellus?
637 779 704 850 Quo
725 779 805 836 dicto
822 779 923 837 statim
942 789 1022 837 terra
1039 780 1177 852 apperuit
1196 796 1231 836 os

79 883 180 936 suum,
199 876 230 924 et
248 869 400 940 usquead
419 877 554 925 mentum
573 867 742 924 Arthurum
761 867 923 924 absorbuit.
961 867 1019 937 Qui
1041 866 1120 924 illico
1139 883 1261 940 agno-5

78 971 173 1011 scens
192 972 281 1012 suurn
300 964 426 1022 reatum,
448 955 552 1029 incipit
578 956 668 1011 deum
690 963 721 1012 et
742 964 881 1012 sanctum
904 955 1069 1012 Paternum
1090 954 1231 1026 laudare;

77 1043 178 1099 donec
208 1043 327 1099 veniam
357 1042 509 1100 humiliter
539 1051 656 1116 petens
686 1052 768 1099 terra
798 1041 881 1099 illum
917 1059 1037 1100 sursum
1073 1042 1231 1098 emitteret.

76 1129 167 1186 Tunc
186 1138 309 1186 sanctus
328 1130 392 1203 regi
410 1130 499 1188 ilexis
518 1130 645 1203 genibus
662 1129 783 1186 veniam
802 1129 982 1202 imploranti,
997 1129 1127 1202 benigno
1144 1130 1230 1188 vultu

76 1217 214 1274 indulsit.
288 1205 354 1274 Illis
367 1217 465 1274 enim¹
485 1218 590 1275 diebus
603 1216 814 1274 Caradaucus'
827 1217 903 1274 vltra
915 1217 1061 1275 terminos
1075 1215 1231 1276 Britannia

76 1321 209 1378 regnum
234 1321 322 1362 suum
346 1304 489 1376 dilatauit,
508 1306 596 1362 etad
615 1304 765 1362 Minorem
788 1303 975 1362 Britanniam
993 1303 1128 1374 veniens,
1148 1304 1229 1362 illam
1245 1321 1278 1360 ιο

76 1391 216 1448 dominio
239 1409 295 1448 suo
319 1392 496 1464 subiugauit.
533 1392 634 1450 lncole
660 1401 760 1450 autern
785 1392 866 1450 iilius
890 1392 1045 1466 prouincie
1075 1393 1113 1450 ad
1144 1392 1229 1450 illurn

74 1480 239 1538 venientes
263 1481 422 1537 dixerunt:
442 1479 524 1538 ‘Nisi
546 1480 709 1538 Paternum
734 1489 899 1538 nostratem
920 1481 958 1536 ad
979 1497 1037 1537 nos
1058 1498 1097 1537 ex
1117 1479 1224 1537 Maiori

76 1567 238 1625 Britannia
256 1567 456 1638 reuocaueris,
468 1585 525 1625 nos
540 1567 593 1624 tibi
611 1567 774 1640 placabiles
792 1577 822 1624 et
841 1567 991 1625 subiectos
1010 1567 1147 1625 inuenire
1166 1585 1227 1625 non

74 1655 211 1730 poteris!
231 1654 316 1711 Tunc
329 1672 393 1725 rex,
406 1655 533 1712 transito
546 1672 693 1728 prospere
706 1656 790 1723 mari,
803 1655 923 1712 obnixis
935 1655 1076 1729 precibus
1090 1664 1228 1713 sanctum

75 1744 257 1816 episcopum
276 1743 391 1816 rogauit
408 1752 441 1799 vt
458 1744 497 1798 ad
515 1743 744 1800 instructionem
762 1742 889 1800 Minoris
908 1742 1062 1799 Britannie
1078 1751 1109 1799 et
1126 1742 1230 1816 populi
1245 1757 1276 1809 15

74 1830 298 1888 edificationem
333 1847 471 1904 gressum
508 1840 659 1888 maturare
695 1832 877 1903 dignaretur.
927 1830 1097 1903 Episcopus
1129 1829 1229 1888 enim¹

74 1928 212 1988 sanctus,
233 1919 400 1975 secundum
421 1918 547 1992 apostoli
569 1927 744 1991 preceptum
763 1917 901 1992 potestati
924 1917 1067 1975 resistere
1090 1915 1230 1986 nolens⁸,

74 2007 148 2063 illuc
158 2007 292 2079 perrexit
306 2026 312 2062 :
329 2014 359 2062 et
372 2022 512 2078 magnam
522 2007 789 2079 persequutionem
800 2023 818 2062 a
831 2005 914 2062 falsis
927 2004 1068 2062 fratribus
1081 2003 1231 2078 patienter

74 2093 230 2152 sustinuit.
272 2093 424 2166 Sampson
445 2102 546 2150 autem
567 2093 730 2167 episcopus
755 2093 835 2150 iilius
859 2093 1023 2166 prouincia,
1045 2109 1135 2165 quem
1161 2109 1230 2165 pre·

74 2181 202 2255 cipuum
219 2197 327 2238 omnes
339 2181 371 2236 in
383 2181 538 2237 sanctitate
558 2181 799 2253 magnificabant,
818 2180 976 2254 parochias
994 2179 1228 2253 perambulabat,
1244 2198 1276 2234 ao

73 2277 194 2327 certum
219 2268 363 2324 censum⁴
388 2267 515 2341 singulis
540 2268 675 2326 eeclesiis
701 2269 928 2342 metropolitane
953 2268 1073 2325 soluere
1100 2268 1230 2325 ecclesie

73 2365 223 2414 statuens.
259 2355 397 2428 Cumque
411 2354 530 2412 veniret
541 2356 580 2411 ad
593 2355 690 2413 vicina
704 2356 769 2412 loca
783 2355 885 2414 vrbis⁶
902 2355 984 2414 iuxta
999 2371 1090 2428 quam
1107 2364 1230 2413 sanctus

74 2445 230 2501 Paternus
251 2441 467 2500 monasterium
488 2434 675 2514 fundauerat,
693 2461 771 2501 vnus
791 2443 1007 2500 monachorum
1028 2442 1230 2516 sampsonis⁸

72 2531 137 2590 ait:
159 2529 264 2588 ‘Mitte
282 2531 321 2586 ad
340 2540 476 2587 sanctum
495 2548 534 2588 ex
554 2529 710 2588 Britannia
728 2548 826 2604 nuper
844 2530 1027 2600 venientem,
1045 2539 1077 2587 vt
1096 2529 1228 2602 probes⁷

72 2619 143 2677 eius
164 2617 370 2689 humilitatem,
388 2627 419 2674 et
438 2617 561 2692 precipe
580 2635 649 2675 cum
668 2618 786 2688 nuncio,
805 2627 838 2674 vt
856 2635 1035 2691 quocunque
1056 2627 1135 2674 statu
1157 2635 1227 2675 eum
1244 2633 1273 2684 ²5

71 2705 237 2774 inuenerit,
268 2706 375 2762 eodem
407 2705 472 2762 sine
502 2704 698 2763 excusatione
729 2723 908 2779 quacunque
938 2713 1081 2779 properet
1111 2707 1149 2762 ad
1180 2706 1228 2762 te.'

72 2795 231 2866 Sampson
261 2801 362 2848 autem
392 2791 549 2850 consilium
578 2793 756 2867 simpliciter
783 2792 944 2866 accipiam,
970 2791 1113 2849 nuncium
1137 2792 1228 2849 misit.

73 2880 216 2939 Nuncius
227 2889 328 2936 autem
344 2879 382 2937 ad
399 2880 496 2937 virum
515 2880 564 2936 dei
580 2882 716 2948 veniens,
733 2880 859 2954 caligam
880 2880 911 2937 in
927 2897 986 2937 vno
1004 2881 1084 2953 pede
1102 2879 1228 2950 inuenit,

71 2970 172 3026 altero
202 2967 283 3024 nudo
314 2976 464 3024 manente.
501 2967 616 3025 Seruus
646 2967 768 3026 nunciat
798 2967 988 3041 legationem,
1017 2975 1047 3024 et
1079 2966 1226 3026 Paternus

71 3058 176 3115 scitura
205 3053 370 3128 prouidens
400 3056 438 3112 ad
466 3055 643 3127 episcopum
671 3057 738 3112 sine
766 3072 850 3112 mora
874 3053 1016 3128 perrexit.
1054 3053 1227 3110 Maliciosus
1240 3077 1273 3128 ³⁰

72 3145 126 3202 ille
143 3143 320 3212 monachus,
333 3151 437 3200 auctor
450 3142 566 3199 consilii
583 3142 663 3212 mali,
677 3142 840 3200 Paternum
859 3141 1079 3199 semiuestitum
1096 3141 1226 3213 pedibus

72 3231 230 3290 subridet:
257 3239 288 3286 et
312 3229 413 3286 statim
437 3239 576 3302 arreptus
600 3247 618 3286 a
642 3231 781 3299 demone,
803 3229 909 3286 cecidit
935 3230 966 3286 in
994 3238 1113 3286 terram.
1152 3227 1227 3285 Mox

73 3321 240 3392 Sampson,
260 3318 442 3374 monachum
466 3317 551 3373 illum
572 3326 725 3374 auctorem
744 3333 812 3374 esse
831 3316 1034 3390 temptationis
1052 3314 1225 3388 intelligens

72 3408 105 3464 in
132 3413 239 3463 sancto
264 3404 402 3474 Paterno,
427 3404 527 3478 ipsum
552 3405 676 3477 pacifice
701 3405 817 3472 salutat,
842 3403 1059 3477 indulgentiam
1084 3403 1168 3476 petiit
1193 3411 1225 3460 et

72 3493 199 3567 accepit
236 3491 321 3549 Tunc
342 3491 489 3550 Paternus
507 3492 636 3565 expulso
654 3493 793 3562 demone,
812 3490 966 3565 fatigatum
984 3500 1079 3548 sanat
1115 3490 1225 3548 Statuit
1240 3513 1270 3567 35

71 3591 176 3640 autem
196 3589 319 3637 sandus
337 3579 489 3652 Sampson
506 3589 539 3636 vt
555 3579 694 3652 quamuis
714 3579 833 3636 omnis⁸
853 3579 1045 3652 episcopatus
1064 3587 1145 3636 terre
1167 3577 1225 3636 sibi

71 3667 224 3727 censum⁴
241 3667 391 3738 redderet,
405 3669 500 3724 sancti
520 3676 621 3724 tanmn
642 3666 762 3723 Paterni
780 3666 973 3739 episcopatus
992 3666 1068 3722 liber
1085 3667 1124 3722 ab
1142 3667 1225 3722 omni

73 3755 219 3814 homine·
249 3754 344 3812 fieret.
391 3754 472 3812 Vrbs
503 3763 603 3811 autem
634 3754 753 3811 Guenet
783 3755 872 3810 sedes
903 3753 1094 3826 episcopatus
1128 3751 1224 3809 sancti

74 3841 198 3902 Paterni
216 3851 288 3900 erat.
363 3829 439 3898 Post
456 3842 512 3899 hec
529 3850 709 3915 congregata
723 3842 848 3914 synodo,
861 3841 910 3898 vbi
927 3841 1052 3897 multum
1065 3841 1102 3896 ab
1114 3838 1225 3896 inuidis

71 3940 103 3989 et
123 3929 207 3987 salsis
225 3929 368 3986 fratribus
388 3928 529 4002 fatigatus
548 3928 664 3986 extitit:
690 3929 867 3986 confirmata
884 3937 985 3985 tamen
1005 3929 1127 3984 demum
1145 3927 1225 3984 inter
1237 3953 1270 4001 40

72 4019 175 4093 ipsum
203 4026 233 4074 et
260 4016 421 4090 episcopos
449 4015 562 4073 unitate
587 4015 686 4089 pacis:
712 4016 824 4074 timens
849 4033 889 4072 ne
915 4032 972 4089 per
1000 4013 1222 4072 intolerantiam

71 4107 194 4163 illorum
210 4103 309 4177 aliquo
327 4104 375 4162 vel
393 4103 475 4160 tenui
497 4104 587 4160 modo
604 4105 786 4161 irasceretur
794 4103 816 4136 ¹⁰
834 4103 881 4161 vel
900 4103 1052 4161 lederetur
1070 4101 1224 4160 humilitas

105 4250 201 4302 ¹Boll.
212 4257 298 4302 eutem
383 4250 460 4300 ’Vit
473 4251 502 4301 C.
514 4259 688 4313 cognomento
699 4251 834 4302 Brecbres.
911 4249 970 4300 ¹1¹3.
980 4249 1081 4302 volens.
1165 4248 1223 4300 ‘E.

70 4332 187 4370 sensum.
264 4317 341 4369 ⁸litt.
353 4317 422 4368 vrbis
433 4317 544 4368 Guenet
620 4319 667 4368 ⁸r.
680 4317 826 4380 Sampsoni.
903 4313 959 4368 'E
973 4316 1067 4380 proles.
1145 4313 1223 4366 'vit

72 4399 166 4436 omnes
178 4383 326 4436 redderent.
391 4383 401 4414 ⁸
418 4382 484 4433 Boll
497 4382 622 4436 bommio.
689 4384 708 4415 ¹⁰
725 4383 755 4435 Ε.
767 4383 899 4434 irascetur.
