3036 4878
260 285 335 374 684
691 277 893 380 succutit
922 281 974 358 11.

257 483 364 552 lignum
377 483 490 550 findere,
504 482 621 538 securim
635 483 753 538 latenter
765 481 902 552 arripiens
914 481 1047 540 velociter
1062 483 1136 554 oepit
1148 499 1243 552 agere.
1282 485 1424 556 Cumque

259 566 350 620 minus
374 575 464 632 caute,
488 565 550 621 lorti
576 577 670 622 tamen
693 577 722 620 ut
747 567 836 636 potuit
861 565 968 637 impetu
992 564 1110 622 securim
1135 566 1211 636 ligno
1235 579 1422 632 concuteret,

259 649 378 704 securim
398 649 425 703 in
445 649 516 703 duas
534 659 627 719 partes
646 649 736 718 fregit,
750 649 896 720 ipsumque
915 667 979 704 curn
997 665 1105 706 merore
1122 660 1150 705 et
1169 651 1255 716 luctu,
1268 652 1424 720 flagellum

259 731 346 802 patris
371 741 507 800 metuens,
531 733 670 788 secrecius
694 750 749 803 quo
775 733 865 803 potuit
890 733 942 788 sub
973 731 1097 803 quodam
1127 733 1250 787 scabello
1282 733 1425 788 occuluit.

231 815 390 882 5Preterea
402 815 430 868 in
444 815 548 886 seipso
566 815 749 871 considerans
766 815 907 870 deiectum
924 815 971 886 qui
989 815 1139 884 acciderat,
1151 826 1180 870 et
1198 827 1312 886 patrem
1334 833 1426 871 suum

259 896 307 951 diu
319 896 406 952 latere
419 915 476 952 non
489 915 580 969 posse,
593 915 682 954 nouos
695 899 860 968 multiplicat
877 899 998 968 gemitus
1014 908 1042 953 et
1061 899 1192 953 lacrimas
1210 899 1427 954 habundanter

258 979 391 1046 effundit;
410 981 525 1036 tandem
542 999 607 1036 cum
625 981 747 1036 lacrimis
766 993 894 1038 sanctum
908 999 1003 1052 regem
1020 991 1049 1036 et
1066 982 1208 1036 martirem
1226 983 1425 1037 Edmundum

260 1063 422 1134 suppliciter
434 1064 558 1119 exorauit
577 1075 606 1120 ut
626 1065 679 1120 sibi
699 1065 871 1120 subueniret.
909 1065 1003 1120 Finita
1016 1082 1079 1119 cum
1094 1065 1204 1120 fletibus
1218 1066 1368 1134 oracione,
1383 1066 1425 1119 ad

259 1146 351 1201 locum
364 1147 519 1216 regreditur
530 1147 576 1204 vbi
590 1147 709 1202 securim
721 1149 840 1204 fractum
853 1158 1023 1219 reposuerat,
1036 1158 1066 1202 ut
1080 1147 1108 1202 in
1126 1148 1183 1204 alio
1195 1149 1258 1204 loco
1270 1149 1424 1204 secrecius

216 1229 463 1286 reabsconderet:
493 1231 612 1286 securim
631 1249 731 1286 sanum
753 1241 780 1286 et
801 1231 1021 1302 redintegratum
1041 1230 1156 1287 inuenit.
1199 1233 1282 1286 Tunc
1307 1250 1424 1302 magno

260 1311 345 1367 iubilo
366 1313 530 1384 tripudians,
551 1314 635 1369 deum
654 1325 682 1370 et
703 1325 833 1369 sanctum
855 1315 1039 1370 Edmundum
1059 1324 1142 1386 prout
1163 1313 1244 1369 sciuit
1265 1325 1296 1369 et
1321 1315 1423 1385 potuit

259 1395 458 1466 magnificauit.
496 1399 597 1454 Postea
617 1396 692 1452 idem
715 1399 855 1452 lohannes
874 1398 994 1466 adultus,
1014 1398 1041 1452 in
1063 1398 1129 1452 villa
1151 1398 1241 1452 sancti
1262 1399 1421 1453 Edmundi

259 1478 332 1534 circa
344 1496 435 1534 annos
444 1481 547 1536 Christi
561 1495 629 1550 1349
638 1498 824 1550 commorans,
834 1499 851 1536 a
863 1481 946 1536 laude
960 1481 1048 1536 sancti
1058 1481 1201 1536 Edmundi
1211 1499 1266 1536 non
1277 1483 1421 1536 cessauit.

261 1563 351 1631 Quem
370 1563 456 1618 frater
478 1565 605 1618 Thomas
627 1565 663 1618 de
684 1565 848 1620 Thakstede
867 1575 895 1619 et
915 1565 1000 1620 irater
1022 1563 1161 1620 Henricus
1183 1565 1218 1619 de
1242 1565 1420 1620 Kirkestede

216 1661 226 1697 ι
231 1663 245 1712 5
260 1644 433 1700 familiariter
447 1657 645 1718 cognouemnt,
658 1658 685 1702 et
700 1647 774 1703 istud
787 1647 951 1703 miraculum
965 1650 1001 1702 ab
1015 1665 1049 1703 eo
1062 1647 1228 1703 didicerunt

266 1781 354 1908 Est
373 1779 441 1835 villa
461 1781 582 1851 quedam
608 1781 635 1835 in
658 1780 853 1836 Northiolchia
873 1781 917 1838 cui
939 1797 1042 1836 nomen
1062 1781 1282 1850 Wymundham,
1302 1781 1331 1835 in
1358 1797 1418 1852 qua

374 1864 469 1933 vigent
493 1863 577 1919 villici
606 1865 731 1920 claritate
757 1865 820 1920 fidei
851 1865 981 1935 precipue
1011 1864 1236 1931 commendandi,
1261 1874 1289 1919 et
1322 1865 1416 1919 virtus

261 1947 350 2002 sancti
364 1947 508 2002 Edmundi
527 1946 556 2002 in
575 1947 643 2018 ipsis
659 1948 833 2004 admiranda.
872 1949 979 2004 Pluries
997 1963 1119 2018 namque
1137 1964 1201 2002 cum
1218 1965 1317 2002 eorum
1336 1957 1415 2002 terre

259 2031 383 2100 ceperint
395 2045 521 2086 arescere
538 2048 589 2102 pro
606 2031 700 2102 pluuie
718 2031 837 2098 deiectu,
849 2031 976 2102 protinus
992 2040 1137 2100 expertum
1152 2030 1306 2084 remedium
1324 2031 1415 2085 nichil

215 2129 248 2164 ao
260 2113 413 2168 hesitantes
438 2113 592 2184 eaninme
629 2115 764 2170 Sanctum
788 2115 919 2170 videlicet
945 2113 1126 2169 Edmundum
1151 2113 1257 2168 sanctis
1278 2113 1413 2184 precibus

259 2207 385 2262 exorant,
398 2207 425 2252 et
438 2197 492 2253 sibi
505 2197 542 2253 de
554 2215 618 2252 cera
631 2199 828 2253 munusculum
841 2215 990 2269 preparare
1006 2197 1147 2263 festinant,
1159 2207 1186 2252 et
1199 2195 1304 2251 deinde
1316 2198 1412 2252 locum

259 2279 319 2336 eius
338 2281 412 2351 apud
434 2279 499 2336 Bnri
518 2280 622 2352 pariter
642 2281 753 2338 visitare
774 2281 935 2352 disponunt.
973 2281 1035 2335 Nec
1053 2279 1214 2350 aliquando,
1231 2290 1330 2334 sancto
1350 2281 1412 2334 Ed·

259 2363 365 2417 mundo
395 2363 575 2434 suffragante,
599 2381 617 2419 a
641 2381 692 2419 suo
720 2373 786 2418 voto
815 2365 986 2432 fraudantur,
1011 2363 1079 2434 quin
1109 2372 1262 2434 antequam
1292 2363 1411 2418 domum

258 2445 389 2500 redierint
403 2447 630 2503 habundantibus
643 2448 744 2519 pluuiis
757 2459 845 2503 terras
857 2463 952 2502 eorum
966 2445 1072 2517 irrigari
1084 2447 1210 2515 letentur,
1224 2455 1253 2501 et
1265 2445 1411 2502 vberiores

216 2546 245 2596 ²⁵
260 2545 344 2600 quam
357 2529 438 2585 terris
451 2530 646 2588 adiacentibus
658 2532 764 2586 lructus
776 2531 943 2601 gratulando
957 2529 1120 2602 percipiant.

465 2745 515 2800 Dn
534 2757 674 2804 sancino
693 2759 789 2803 ruam
808 2757 995 2804 conrmcro
1014 2755 1055 2800 nr
1073 2755 1202 2800 sannio.

322 2867 384 2922 Irca
401 2883 508 2922 annum
528 2867 636 2924 domini
656 2869 821 2924 mecuxlix.
839 2877 899 2924 erat
920 2867 948 2922 in
974 2867 1117 2922 Holondie
1141 2865 1268 2936 partibus
1293 2866 1408 2936 quidam

356 2950 437 3006 miles
460 2951 589 3022 prediues
608 2961 636 3006 et
657 2952 712 3006 deo
731 2953 858 3020 deuotus,
881 2951 959 3006 cuius
983 2948 1099 3022 quidam
1117 2949 1237 3004 famulus
1261 2965 1326 3004 cum
1351 2949 1407 3004 filio

259 3033 366 3090 domini
398 3033 450 3103 sui,
475 3045 571 3090 tenere
602 3036 716 3107 quidem
748 3035 840 3104 etatis,
864 3035 974 3101 ludens,
999 3050 1119 3105 eumque
1148 3032 1330 3087 circumcirca
1358 3050 1408 3102 per

260 3118 408 3174 brachium
434 3117 572 3185 iactitans,
598 3117 744 3173 brachium
769 3117 847 3189 pueri
873 3116 1024 3173 casualiter
1047 3115 1129 3186 rupit.
1167 3115 1301 3170 Famulus
1326 3115 1407 3184 igitur

214 3219 247 3270 30
260 3203 391 3257 confusus
403 3213 431 3256 et
444 3202 472 3256 in
485 3203 589 3257 luctum
601 3219 763 3268 conuersus,
775 3217 892 3272 puerum
904 3209 1064 3270 gementem
1077 3197 1175 3254 nutrici
1188 3199 1225 3252 ad
1238 3199 1406 3268 placandum

260 3285 398 3340 secrecius
416 3285 563 3340 commisit.
602 3285 686 3354 Quod
704 3302 769 3340 curn
786 3283 880 3338 nutrix
897 3282 1083 3354 cognouisset‚
1096 3281 1176 3353 quasi
1192 3299 1290 3337 amens
1308 3283 1406 3338 effecta

259 3367 390 3423 lacrimas
415 3369 519 3424 inultas
540 3379 568 3423 et
591 3367 730 3438 singultus
752 3366 863 3436 emisit;
893 3382 1066 3437 puerumque
1086 3365 1241 3431 delinitum,
1261 3365 1289 3420 in
1308 3367 1405 3421 lectulo

259 3450 415 3516 collocauit,
428 3459 455 3506 et
469 3451 615 3508 brachium
628 3452 688 3507 eius
702 3468 765 3506 cum
778 3450 909 3505 mollibus
922 3447 1078 3520 panniculis
1091 3447 1241 3517 colligauit,
1253 3458 1282 3503 et
1294 3467 1357 3504 eum
1369 3451 1404 3505 ad

259 3531 368 3603 sompni
381 3533 502 3604 quietem
515 3535 653 3590 excitauit.
691 3537 818 3604 Cumque
830 3533 923 3588 nutrix
935 3551 1021 3603 puero
1039 3532 1194 3588 dormiente
1207 3533 1320 3601 lugeret,
1333 3533 1403 3602 cepit

214 3639 246 3690 35
260 3621 346 3680 tristis
359 3621 482 3691 cogitare
495 3621 608 3694 siquod
621 3633 718 3693 posset
731 3621 844 3678 tristicie
858 3639 907 3678 sue
921 3620 1126 3676 consolacionis
1138 3618 1230 3674 all'erri
1243 3620 1404 3676 remedium.

260 3706 313 3762 Cui
335 3705 429 3760 statim
451 3704 479 3759 in
500 3706 665 3762 memoriam
689 3705 766 3761 venit
787 3695 876 3760 virtus
895 3705 1091 3760 miraculomm
1111 3714 1140 3759 et
1161 3702 1329 3774 frequencie,
1353 3721 1404 3774 que

260 3801 374 3846 sanctus
399 3806 448 3844 rex
471 3799 499 3844 et
524 3789 624 3844 martir
648 3789 816 3844 Edmundus
844 3805 973 3844 exercere
1003 3788 1129 3842 solebat:
1161 3795 1228 3841 tunc
1258 3785 1332 3857 cepit
1360 3787 1404 3843 illa

260 3885 386 3929 sanctum
403 3872 545 3928 nrartirem
561 3873 716 3943 deprecari,
729 3883 757 3927 et
774 3872 882 3927 orando
902 3887 1004 3926 vouere
1022 3871 1098 3941 quod
1117 3870 1140 3926 si
1159 3885 1277 3940 puerum
1296 3871 1402 3927 sanitati

259 3957 425 4024 restitueret,
438 3957 569 4012 t'eretrum
581 3955 640 4011 eius
653 3973 717 4010 curn
735 3955 881 4010 oblacione
894 3953 1027 4009 visitaret.
1063 3955 1091 4008 N
1094 3971 1126 4010 ec
1144 3955 1260 4007 multum
1273 3965 1336 4023 post
1347 3953 1403 4010 eius

214 4059 248 4107 40
260 4051 357 4096 votum
378 4056 447 4110 puer
465 4039 501 4095 de
518 4040 622 4094 lectulo
640 4039 787 4094 clamitans
803 4037 954 4094 vociferare
969 4037 1052 4108 cepit.
1089 4033 1201 4106 Quem¹
1216 4053 1281 4092 cum
1301 4035 1346 4090 illa
1362 4054 1401 4091 re·

260 4123 380 4194 quireret
402 4123 543 4193 quomodo
565 4139 595 4178 se
620 4123 745 4190 haberet,
768 4121 813 4177 ille
839 4121 982 4192 respondit
1007 4119 1074 4192 quia
1098 4121 1181 4192 plene
1205 4135 1291 4174 sanus
1315 4129 1400 4186 esset;

260 4205 425 4276 addiditque
438 4207 511 4276 quod
528 4205 609 4261 miles
623 4206 737 4278 quidam
755 4204 982 4277 pulcher[r]imus
1001 4203 1055 4260 sibi
1075 4203 1208 4259 astitisset
1227 4212 1400 4274 sanassetque

759 4363 769 4393 ¹
786 4361 840 4414 MS.
853 4363 910 4414 Cui
