3008 4904
271 329 343 420 278
581 323 712 412 noua
737 318 929 424 btpuwt
953 311 1105 424 sorta

268 525 354 595 eius:
384 533 496 582 terram
524 521 603 580 illam
629 524 785 591 deserens,
813 521 945 579 Francos
972 521 1062 592 adiit:
1093 519 1143 578 et¹
1169 519 1430 594 septimodecimo

270 613 415 670 kalendas
434 611 504 668 maii
521 611 551 668 in
571 611 693 668 domino
710 609 897 667 obdormiuit.
933 609 1011 666 Tres
1030 624 1160 682 namque
1173 608 1240 665 eius
1257 609 1430 681 solempni-

270 709 348 756 tates
371 699 497 756 Minoris
520 698 676 755 Britannie
699 697 796 755 incole
818 697 925 754 festiue
946 706 1129 754 venerantur
1149 707 1179 752 et
1199 696 1322 753 colunt:
1341 696 1428 752 diem
1500 689 1501 692 ’

270 786 408 844 videlicet
432 803 491 860 qua
515 803 576 859 pax
601 785 717 859 prelata
742 803 811 842 cum
835 783 986 858 episcopis
1010 784 1170 841 reformata
1195 784 1258 852 suit,
1285 782 1431 840 kalendis

242 873 464 948 5nouembris;
496 883 525 930 et
547 873 628 929 diem
653 890 711 946 qua
736 873 862 945 gradum
887 874 1078 946 episcopatus
1101 871 1217 944 accepit
1241 870 1430 928 duodecimo

271 963 415 1020 kalendas
427 960 506 1030 iulii;
526 970 556 1017 et
569 959 651 1017 diem
664 960 762 1016 obitus
775 958 829 1016 sui.

310 1037 384 1106 Post
404 1048 517 1105 obitum
535 1065 607 1105 vero
620 1046 715 1104 sancti
730 1047 859 1112 Patami,
874 1045 1023 1103 Minorem
1038 1045 1225 1103 Britanniam
1240 1054 1307 1102 atra
1327 1045 1431 1103 sames

270 1136 396 1194 inuasit:
418 1151 488 1192 nam
507 1135 597 1192 trium
612 1151 760 1191 annorum
774 1133 876 1207 spacio
888 1143 957 1208 post
968 1135 1128 1190 transitum
1141 1133 1214 1199 eius,
1231 1151 1289 1190 nec
1302 1151 1356 1189 ros
1368 1151 1431 1189 nec

271 1223 372 1296 pluuia
382 1225 420 1281 de
431 1224 495 1280 celo
503 1240 596 1296 super
604 1232 695 1279 totam
704 1221 890 1294 prouinciam
898 1221 1064 1278 descendit.
1082 1220 1290 1278 ’inuenerunt
1299 1221 1431 1277 tandem

227 1328 259 1367 ro
272 1311 368 1367 incole
381 1311 464 1384 quod
483 1319 605 1367 sanctus
626 1309 782 1379 Paternus,
801 1309 954 1366 iniuriosis
972 1318 1003 1365 et
1025 1308 1108 1366 salsis
1125 1307 1265 1365 iratribus
1284 1307 1431 1372 afflictus,

271 1409 384 1455 terram
406 1397 598 1470 reliquisset:
633 1396 705 1452 inito
735 1395 860 1452 consilio
884 1397 922 1452 ad
947 1396 1045 1452 locum
1072 1396 1225 1468 sepulture
1250 1395 1317 1452 eius
1344 1397 1432 1469 apud

275 1483 409 1541 Francos
422 1494 630 1558 perrexerunt,
642 1493 674 1540 vt
687 1483 849 1540 honorifice
862 1483 1004 1556 reliquias
1019 1483 1084 1540 eius
1098 1501 1201 1540 secum
1214 1482 1432 1540 transferrent.

273 1572 361 1642 Quod
381 1589 449 1628 cum
474 1571 595 1644 assequi
622 1571 703 1627 nullo
728 1573 818 1628 modo
842 1569 1006 1640 valerent¹,
1029 1587 1122 1627 vnum
1147 1587 1186 1626 ex
1210 1568 1333 1626 ossibus
1358 1571 1431 1626 eius

272 1659 331 1716 iilis
349 1658 512 1715 donatum*
530 1658 629 1715 omnis
647 1657 797 1715 exercitus
816 1665 937 1730 portare
957 1675 1017 1715 non
1038 1657 1139 1730 potuit.
1176 1656 1318 1713 Turbatis
1333 1657 1432 1730 igitur

227 1767 238 1804 1
244 1767 258 1821 ⁵
273 1746 412 1803 omnibus
432 1755 461 1802 et
481 1747 552 1819 quid
579 1755 704 1819 agerent
725 1745 939 1819 ignorantibus,
965 1744 1140 1818 superuenit
1165 1743 1273 1800 nobilis
1300 1745 1430 1818 quidam

272 1834 355 1892 vrbis
369 1833 496 1902 Guenet,
509 1833 552 1890 sic
564 1833 688 1890 dicens:
709 1832 805 1890 ‘Dum
822 1833 903 1889 enim
915 1834 1031 1890 uiueret
1050 1841 1172 1888 sanctus
1190 1841 1275 1905 pater
1284 1831 1305 1902 ⁸,
1318 1843 1431 1904 postu·

273 1923 356 1980 labat
374 1939 391 1978 a
409 1939 458 1978 me
477 1921 581 1994 sepius
599 1930 711 1978 terram
733 1937 842 1990 meam,
861 1929 893 1976 vt
911 1919 951 1976 ibi
971 1920 1129 1977 ecclesiam
1151 1920 1297 1977 fundaret.
1333 1921 1430 1990 Quod

273 2011 374 2083 itaque
395 2009 511 2082 priuaui
533 2026 603 2064 eum
625 2025 680 2064 sua
699 2007 845 2081 petitione
864 2008 937 2063 dum
957 2007 1081 2077 uiueret,
1104 2008 1181 2064 hanc
1201 2017 1271 2080 post
1294 2019 1429 2066 mortem

274 2097 374 2154 libens
387 2098 528 2153 concedo.
566 2096 676 2170 Surgat
689 2095 798 2168 itaque,
812 2105 910 2152 sumat
924 2095 1078 2162 honorem,
1091 2094 1266 2168 petitionem
1279 2095 1430 2168 accipiat·

230 2203 262 2242 ro
277 2183 343 2241 Hoc
357 2183 436 2241 dicto
448 2183 504 2241 os⁸
522 2193 720 2240 memoratum
739 2181 893 2240 leuissima
906 2199 924 2238 a
935 2192 1016 2238 terra
1034 2182 1204 2251 sustollunt,
1216 2183 1297 2239 etad
1311 2193 1429 2240 terram

274 2289 360 2330 suam
386 2289 489 2329 secum
514 2271 662 2341 deserunt,
682 2281 712 2327 et
736 2271 767 2326 in
790 2271 925 2340 ecclesia,
951 2269 1029 2328 illius
1050 2271 1163 2328 honore
1187 2270 1219 2326 in
1244 2279 1326 2327 terra
1344 2271 1431 2328 illius

273 2358 393 2417 diuitis⁷
412 2368 589 2428 constructa,
606 2376 674 2416 cum
694 2375 803 2431 magno
820 2359 933 2416 honore
951 2358 1105 2414 collocant
1178 2346 1325 2433 Quodam
1342 2359 1430 2415 enim

274 2455 411 2520 tempore
425 2455 529 2503 sancto
543 2445 673 2502 Paterno
690 2447 787 2502 adhuc
804 2445 975 2520 superstite,
988 2446 1061 2502 dum
1074 2445 1196 2520 quidam
1209 2446 1274 2502 eius
1287 2445 1431 2504 minister

275 2533 449 2591 monasterii
473 2534 566 2591 siluas
590 2533 733 2600 visitaret,
758 2534 896 2590 incidens
920 2533 951 2590 in
973 2534 1105 2590 latrones
1126 2532 1243 2590 occisus
1265 2541 1320 2590 est.
1358 2535 1431 2604 Quo

231 2641 261 2693 ²⁵
275 2621 376 2679 audito
396 2620 544 2678 Paternus
562 2621 670 2678 siluam
689 2621 770 2688 adiit,
788 2631 818 2678 et
831 2620 1001 2678 ministrum
1017 2619 1140 2694 proprio
1159 2619 1283 2677 nomine
1297 2622 1430 2690 vocauit,

275 2709 398 2766 dicens:
420 2708 655 2782 ‘Respondeas⁸
668 2708 811 2780 magistro
826 2711 895 2765 tuo.'
932 2709 1018 2765 Tunc
1031 2716 1120 2781 caput
1133 2724 1150 2762 a
1165 2707 1314 2766 cadauere
1327 2711 1430 2765 reuul-

275 2813 343 2854 sum
374 2797 547 2870 respondit:
578 2796 653 2856 ‘Hic
684 2813 796 2866 assum,
826 2797 966 2853 domine!
1003 2795 1082 2854 Cum
1106 2813 1165 2868 qua
1188 2812 1262 2852 voce
1286 2797 1430 2868 peruenit
1502 2843 1503 2846 η

275 2884 439 2958 episcopus
451 2885 488 2940 ad
503 2884 601 2940 locum
619 2884 837 2957 responsionis,
852 2893 882 2940 et
897 2885 1004 2940 videns
1021 2891 1113 2956 caput
1128 2881 1255 2938 ministri
1268 2900 1287 2938 a
1299 2900 1430 2956 corpore

276 2981 401 3040 sectum,
414 2971 542 3029 eleuatis
555 2971 586 3028 in
600 2973 698 3028 celum
718 2971 812 3028 oculis
831 2973 959 3028 cadauer
972 2970 1143 3027 benedixit:
1162 2979 1192 3026 et
1210 2969 1309 3042 capite
1329 2972 1430 3028 subito

231 3081 263 3133 30
276 3059 394 3132 corpori
424 3059 583 3116 coniuncto
614 3059 701 3116 viuus
733 3059 873 3116 surrexit.
923 3057 990 3115 Hoc
1017 3057 1145 3114 audiens
1169 3055 1292 3130 quidam
1317 3069 1430 3131 potens

278 3147 358 3204 illius
382 3146 537 3220 prouincie
558 3147 640 3204 venit
663 3147 700 3202 ad
722 3147 908 3221 episcopum,
928 3154 957 3202 et
979 3145 1073 3202 dixit:
1094 3143 1171 3201 ‘Mei
1192 3154 1263 3201 sunt
1283 3147 1429 3203 malitiosi

279 3233 486 3291 interfectores
499 3232 628 3290 ministri
640 3233 700 3304 tui;
720 3243 748 3292 et
762 3252 801 3291 ne
815 3235 886 3291 vitio
902 3233 1003 3291 diuina
1020 3250 1077 3307 per
1091 3231 1324 3289 commotionem
1337 3233 1430 3291 animi

277 3321 320 3378 tui
349 3337 399 3377 me
422 3321 572 3394 anticipet,
598 3321 834 3378 misericordiam
859 3321 1011 3378 humiliter
1032 3329 1063 3376 et
1081 3319 1201 3376 veniam
1222 3328 1302 3392 peto.
1343 3321 1382 3378 Et
1400 3329 1430 3378 vt

278 3417 411 3464 mentem
430 3417 512 3465 tuam
533 3409 570 3464 ad
591 3426 640 3466 me
662 3409 838 3482 placabilem
861 3409 996 3476 efficiam,
1015 3417 1133 3482 partem
1151 3405 1215 3479 agri
1234 3407 1343 3464 dicabo
1362 3411 1430 3466 tibi.¹

232 3516 263 3568 3⁵
279 3495 334 3552 Cui
354 3503 476 3552 sanctus
500 3495 657 3566 Paternus,
676 3496 796 3554 veniam
819 3495 946 3568 benigne
968 3495 1101 3568 largitus,
1124 3495 1180 3550 hoc
1200 3495 1429 3566 prenunciauit:

277 3582 465 3656 ‘Antequam
484 3581 572 3640 finias
588 3583 680 3640 vitam
697 3593 788 3652 tuam,
806 3583 929 3640 domino
946 3583 1088 3656 placebis,
1105 3590 1135 3638 et
1150 3581 1180 3638 in
1195 3580 1344 3640 cintiterio
1363 3601 1430 3642 cum

277 3669 392 3728 honore
406 3671 592 3743 sepulturam
605 3671 789 3729 mereberis?

315 3805 394 3880 [MS.
406 3805 472 3864 Tib.
484 3809 578 3866 adds:
729 3809 918 3872 Narrationes
926 3809 945 3867 ⁰.

315 3891 399 3964 Cum
423 3903 545 3978 quidam
571 3903 703 3962 latrones
728 3914 865 3963 sanctum
892 3905 1061 3963 Marianum
1083 3904 1113 3960 in
1139 3920 1247 3976 campo
1275 3917 1431 3980 repertum

279 3992 468 4066 spoliassent,
493 3991 592 4048 solum
623 3993 651 4049 ei
681 3994 804 4068 pallium
838 3994 1032 4067 reliquerunt.
1070 3991 1129 4064 Qui
1157 3993 1258 4049 statim
1284 4005 1356 4066 post
1381 4014 1431 4054 eos

232 4109 266 4159 40
279 4081 409 4137 clamare
439 4080 518 4154 cepit
548 4080 669 4138 dicens:
697 4081 923 4152 ‘Reuertimini,
948 4081 1063 4137 domini
1092 4079 1167 4160 mei:
1195 4097 1267 4138 ecce
1288 4084 1432 4141 denarius

312 4191 389 4244 ²Vit.
404 4193 498 4255 ibique.
599 4191 675 4245 'vit
693 4195 772 4246 adds:
792 4194 927 4256 inquirunt
939 4210 1030 4245 omnes
1041 4209 1152 4246 causam.
1256 4193 1338 4247 ’vie
1351 4198 1426 4260 Quod

279 4257 386 4320 implere
398 4275 451 4307 non
458 4260 603 4320 valuerunt,
616 4276 674 4309 nam
685 4261 762 4309 etiam
773 4276 859 4320 vnum,
872 4269 920 4310 etc.
1111 4259 1121 4287 ⁴
1139 4257 1188 4306 illis
1200 4259 1262 4311 don.
1276 4278 1327 4314 om.
1341 4264 1370 4313 in
1382 4265 1430 4312 Ἧι

279 4323 359 4374 ivit.
372 4323 507 4376 Paternus.
595 4325 671 4374 ‘Via
684 4327 806 4376 scrinium
818 4327 991 4388 reliquiarum.
1072 4324 1134 4378 'so
1147 4325 1267 4386 Mailgun.
1354 4330 1428 4380 'Vra

281 4389 423 4452 Responde
436 4389 532 4443 Resus.
631 4391 642 4424 ⁹
659 4392 697 4442 Cl.
711 4391 783 4442 Viuo.
798 4392 862 4444 Bell.
876 4392 937 4444 XX.
951 4395 989 4444 18.
