3008 4904
285 322 353 392 188
593 317 724 404 hm
749 313 940 418 ltumto
964 312 1116 417 attulit.

279 516 350 572 lum.
376 516 461 574 Tunc
475 517 595 574 intuens
608 533 678 574 eum
688 515 847 573 Lotharius
856 515 931 572 dixit
944 515 1034 572 mihi:
1048 514 1183 572 “Redde
1195 514 1237 570 illi
1250 523 1440 588 potestatem

279 603 399 676 imperii
415 621 471 678 per
488 604 571 662 filum
590 604 748 678 glomicelli
764 604 843 676 quod
860 603 891 658 in
908 621 1000 660 manu
1017 605 1128 660 tenes.'’
1167 601 1342 658 Disnodans
1360 620 1441 673 ergo

280 691 364 747 lilum
375 693 413 748 de
424 692 530 765 pollice
543 694 649 749 dextre
662 709 738 762 mee,
748 691 897 748 donabam
911 691 951 746 illi
965 689 1169 746 monarchiam
1179 706 1302 746 omnem
1312 689 1441 761 imperii

279 795 335 852 per
353 779 436 836 filum
456 779 633 853 glomicelli:
652 789 683 836 et
702 779 801 836 stetim
819 779 884 851 ipse
902 778 1087 850 glomicellus
1102 777 1233 850 fulgidus
1252 777 1331 833 sicut
1347 778 1442 832 iubar

252 867 352 939 5solis
370 869 555 924 coadunatus
575 877 622 924 est
642 877 722 924 totus
743 867 773 923 in
794 883 883 923 manu
903 865 976 923 eius.
1014 865 1053 922 Et
1075 881 1218 922 reuersus
1238 875 1286 921 est
1308 865 1440 937 spir-inis

279 972 366 1012 meus
384 955 415 1011 in
433 973 543 1028 corpus
564 971 676 1025 meum,
693 955 782 1012 valde
806 955 906 1010 lessus
930 963 960 1010 et
984 951 1225 1024 conter[r]itus¹.’
1264 952 1336 1009 Post
1356 953 1440 1007 hanc

278 1043 425 1099 visionem
437 1043 489 1100 vix
501 1043 617 1099 duobus
632 1041 720 1098 annis
738 1059 878 1116 regnans,
891 1043 929 1098 ab
942 1040 1134 1113 optimatibus
1147 1039 1233 1112 regni
1247 1039 1440 1112 repudiatur,

280 1139 310 1187 et
331 1130 370 1186 ita
391 1130 608 1203 derelinquitur
631 1138 662 1186 vt
685 1129 737 1186 vix
758 1147 827 1186 cum
852 1147 889 1186 eo
914 1128 1022 1201 aliquis
1050 1137 1228 1184 remaneret
1267 1127 1441 1199 Sumptus¹

279 1227 381 1274 tamen
401 1218 568 1274 mediocres
588 1234 644 1290 per
664 1217 814 1274 modicum
834 1225 955 1289 tempus
972 1233 1032 1289 quo
1048 1215 1122 1272 vixit
1138 1213 1352 1288 maguntinus⁸
1370 1216 1439 1287 epi·

237 1325 267 1362 10
280 1323 389 1378 scopus
401 1305 501 1362 eidem
515 1305 694 1362 ministrauit
702 1305 722 1362 ⁴.

555 1513 579 1574 ll
602 1501 655 1570 Du
674 1529 790 1570 seuera
811 1501 987 1571 Mnemon
1004 1529 1129 1570 vrnorne
1138 1511 1157 1569 ⁸.

284 1651 395 1782 REx
421 1652 501 1709 enirn
531 1652 651 1709 inclitus
682 1651 875 1710 Ethelbertus
906 1652 1095 1710 sanctissime
1124 1651 1250 1724 virginis
1283 1651 1438 1724 Milburge

383 1739 515 1796 abauus⁰
539 1739 601 1809 luit,
626 1757 717 1813 quem
743 1739 956 1812 prothodoctor
979 1741 1146 1813 Anglorum
1172 1739 1365 1812 Augustinus
1396 1741 1437 1794 ad

280 1827 371 1882 lidem
397 1827 508 1884 Christi
533 1826 688 1884 conuertit
725 1828 780 1885 Cui
810 1828 955 1884 suecessit
985 1828 1146 1894 Edbaldus,
1172 1827 1243 1883 lidei
1276 1828 1374 1882 cultor
1406 1835 1437 1882 et

279 1913 474 1970 ecclesiarum
499 1914 607 1971 nobilis
631 1923 826 1983 constructor,
851 1915 901 1987 qui
928 1932 967 1972 ex
997 1917 1101 1988 regina
1125 1933 1179 1972 sua
1207 1914 1326 1980 Emma,
1353 1915 1437 1986 regis

238 2026 265 2076 15
282 2001 465 2058 Francorum
485 2002 554 2071 filia,
574 2003 676 2074 genuit
697 2001 916 2059 Ermenredum
941 2011 971 2060 et
990 2003 1227 2070 Ercombertum,
1246 2011 1277 2058 et
1297 2001 1437 2058 Eanswi·
1499 2021 1500 2076 l

279 2091 349 2145 dam
363 2088 509 2161 virginem
529 2099 671 2146 sanctam.
708 2089 920 2147 Ercombertus
937 2099 1037 2147 autem
1054 2093 1129 2163 patri
1148 2091 1326 2159 succedens,
1347 2107 1436 2145 sanc·

279 2186 339 2232 tam
354 2175 550 2248 Sexburgam
563 2177 653 2233 Anne
667 2177 747 2250 regis
764 2177 855 2234 liliam
872 2187 902 2234 et
919 2187 1022 2235 sancte
1044 2178 1228 2235 Etheldrede
1244 2195 1435 2250 germanam,

279 2265 364 2321 duxit
381 2264 411 2320 in
424 2281 558 2334 vxorem,
571 2264 778 2338 genuit[que]⁷
792 2284 831 2323 ex
847 2282 884 2322 ea
898 2265 1073 2338 Egbrihtum
1090 2275 1120 2322 et
1138 2265 1315 2322 lotliarium
1333 2282 1435 2337 reges,

280 2351 492 2424 Erkengodam
518 2361 548 2408 et
575 2351 779 2409 Ermenildam
810 2353 938 2426 reginas.
984 2353 1146 2426 Egbrihtus
1169 2354 1248 2425 patri
1273 2351 1434 2418 successit,

278 2527 390 2583 ibidem
406 2525 546 2584 defuncta
564 2537 629 2598 est;
651 2528 825 2585 Ermenilda
843 2528 906 2601 regi
920 2528 1100 2586 Merciorum
1113 2527 1229 2584 Wllem
1245 2527 1435 2600 nupsitque

279 2623 414 2672 sanctam
442 2615 643 2688 Werburgam
668 2617 779 2688 genuit.
822 2615 1025 2674 Ennenredus
1049 2616 1153 2689 genuit
1177 2615 1378 2672 Ethelredum
1405 2625 1435 2672 et

280 2701 497 2759 Ethelbrictum
534 2719 573 2759 ex
603 2703 729 2776 coniuge
759 2704 898 2774 Oslaua',
930 2704 981 2777 qui
1011 2713 1117 2778 postea
1147 2703 1320 2760 martirizati
1353 2714 1435 2760 sunt.

280 2789 415 2860 Quatuor
431 2808 551 2864 quoque
569 2789 646 2848 filias
662 2791 783 2864 genuit:
805 2791 1024 2864 Dompneuam,
1039 2792 1287 2864 Ermenburgam,
1301 2789 1434 2848 Ermen-

236 2903 265 2953 ²5
279 2879 401 2950 githam,
411 2877 649 2935 Etheldn'tham:
669 2896 796 2951 quarum
811 2879 990 2952 Dompneua
1002 2881 1065 2951 regi
1080 2879 1244 2936 Merwaldo
1253 2879 1367 2936 tradita
1379 2889 1434 2936 cst

279 2965 510 3040 Conregnabant
528 2975 627 3023 autern
646 2967 712 3039 ipse
732 2977 803 3024 natu
822 2968 936 3036 tertius,
955 2979 984 3024 et
1003 2967 1096 3025 frater
1116 2967 1180 3024 eius
1201 2965 1339 3024 Wlserus
1359 2979 1433 3024 netu

279 3057 450 3111 secundus:
473 3057 593 3112 Fratres
608 3055 689 3112 enirn
708 3065 794 3112 erant
812 3056 864 3113 lilii
884 3057 985 3113 Pende
1005 3056 1096 3128 regis,
1108 3056 1155 3113 cui
1173 3063 1292 3112 mortuo
1310 3073 1435 3114 succes·
1499 3073 1500 3086 ¹

279 3151 383 3200 serunt
395 3141 482 3214 quasi
494 3142 615 3199 diarche
628 3143 722 3216 regni.
757 3143 874 3214 Quibus
886 3155 971 3201 erant
988 3146 1047 3202 duo
1059 3143 1195 3216 germani
1207 3142 1317 3201 fratres
1331 3142 1436 3200 Peada
1499 3157 1500 3224 ζ

279 3239 310 3287 et
339 3230 533 3288 Ethelredus:
567 3231 666 3288 Peada
697 3231 926 3289 Mediterraneis
955 3232 1063 3306 Anglis
1092 3231 1216 3306 presuit;
1247 3231 1435 3288 Ethelredus
1499 3251 1500 3302 ᾗ

235 3335 352 3390 30vero
383 3335 539 3374 successor
566 3318 620 3375 suit
649 3318 749 3376 fratris
779 3321 825 3377 sui
849 3319 999 3378 Wulseri⁹
1023 3321 1112 3394 regis.
1148 3319 1284 3390 Quorum
1309 3337 1435 3376 sorores

282 3405 457 3478 Kineburga
482 3415 511 3462 et
538 3406 713 3464 Kineswida
737 3407 769 3464 in
795 3408 927 3481 brigensi
954 3408 1137 3466 monasterio
1161 3407 1335 3477 floruerunt,
1363 3425 1435 3464 cum
1499 3425 1500 3428 ’

279 3493 368 3550 beata
391 3493 486 3549 Tibbo
517 3495 740 3568 consanguinea
769 3513 832 3552 sua.
879 3496 1063 3553 Merwaldus
1087 3513 1159 3554 vero
1183 3513 1222 3552 ex
1249 3494 1436 3568 Dompneua

280 3580 414 3656 predicta
432 3581 533 3654 genuit
553 3581 733 3657 Milburgam
749 3583 905 3657 virginem,
920 3584 1109 3654 Mildredam,
1121 3593 1212 3656 atque
1230 3581 1435 3655 Mildgitham.
1499 3583 1500 3658 l

311 3695 320 3725 ¹
337 3696 366 3746 T.
380 3695 409 3745 Ε.
421 3697 570 3748 contet-itus.
637 3695 647 3726 ¹
664 3699 693 3749 E.
705 3701 823 3763 sumptis.
890 3699 899 3728 ³
916 3699 944 3749 T.
959 3701 1147 3764 mongontinus.

314 3761 322 3792 ⁴
339 3763 438 3812 Collect
449 3763 476 3812 in
488 3763 534 3814 T.:

315 3825 478 3889 locundetur
488 3846 515 3888 et
526 3839 625 3888 exultet
636 3840 720 3889 omnis
731 3841 825 3890 chorus
836 3840 952 3900 ecclesie,
969 3841 1130 3890 Recurrente
1141 3848 1168 3890 et
1182 3841 1295 3889 instante
1310 3841 1352 3889 die
1367 3843 1437 3892 testo

280 3905 389 3956 uictorie
412 3904 470 3966 Quo
491 3905 605 3954 neturus
625 3906 721 3956 Christi
739 3907 828 3956 martir
847 3914 874 3955 et
895 3907 993 3956 athleta
1012 3909 1151 3957 certamine
1175 3906 1300 3955 Mundum
1320 3906 1386 3957 uicit
1410 3922 1437 3959 et
1499 3903 1500 3916 ³

280 3975 408 4023 tirannum
421 3971 551 4020 innocenti
564 3973 697 4033 sanguine.
733 3971 763 4024 V.
784 3971 837 4021 Ora
848 3987 895 4034 pro
908 3972 989 4023 nobis.

316 4037 394 4099 Deus
417 4046 459 4108 qui
481 4046 558 4095 beato
579 4045 680 4095 Meloro
702 4045 753 4096 tole
775 4061 868 4096 munus
889 4046 1021 4095 contulisti
1043 4046 1125 4108 glorie
1147 4053 1174 4094 ut
1193 4045 1289 4108 regalis
1311 4051 1437 4112 prompte

280 4114 431 4175 dignitatem
442 4113 475 4160 ud
487 4113 536 4161 celi
548 4111 698 4161 transferret
710 4113 849 4162 cleritatem
864 4128 913 4175 per
927 4113 1033 4162 martirii
1045 4113 1201 4174 passionem,
1214 4111 1253 4161 loc
1265 4128 1315 4162 nos
1326 4114 1365 4162 sie
1378 4117 1437 4168 eius

280 4178 400 4244 precibus
417 4178 460 4227 hic
476 4178 522 4227 tibi
534 4178 646 4241 placere,
659 4185 687 4226 ut
701 4193 758 4228 cum
776 4179 832 4242 ipso
847 4179 874 4227 in
889 4179 952 4228 celis
966 4193 1110 4228 mereamur
1120 4179 1242 4241 gaudere,
1254 4193 1309 4240 per.
1324 4177 1371 4244 (cl.
1385 4181 1437 4234 tte
1499 4185 1500 4200 ¹

281 4243 547 4372 Re'ghlsridgeldl'lrom
559 4310 605 4360 the
616 4309 676 4360 thu
687 4311 771 4373 partly
782 4311 921 4374 preserved
932 4309 959 4359 in
972 4309 1027 4360 MS.
1043 4309 1135 4360 hosd.
1145 4310 1202 4374 43⁶,
1211 4309 1229 4359 s.
1241 4325 1274 4372 ’μ
1287 4313 1332 4372 (14
1343 4315 1437 4372 cent).
1499 4281 1500 4354 l

280 4375 335 4426 ⁸T.
349 4377 459 4436 ebuu11s3
477 4376 506 4426 E.
519 4377 633 4428 tritauus.
702 4374 839 4440 'queom
854 4375 922 4426 inE.
990 4376 1158 4429 ‘hostane
1223 4375 1389 4430 ·r.w1rut

236 2464 267 2501 κο
279 2440 364 2496 cuius
377 2457 463 2496 soror
477 2439 657 2513 Erkengoda
670 2457 798 2513 peregre
811 2441 942 2513 profecta
955 2451 1038 2498 trans
1052 2458 1135 2498 mare
1148 2440 1302 2513 religionis
1319 2457 1435 2504 amore,

1499 3093 1500 3154 l
