3028 4894
265 337 338 410 45²
576 314 708 402 elota
732 311 923 418 [tamna
947 313 1099 420 annia.

453 515 479 576 il
499 502 554 574 Da
572 531 686 573 sanem
704 517 876 574 anao
894 533 996 574 roano
1014 535 1052 574 ar
1071 517 1237 575 mmr¹.

318 625 436 684 Anctus
458 628 538 686 enim
557 628 729 687 Willelmus
750 647 789 687 ex
811 638 896 702 patre
917 629 1096 699 Wenstano,
1116 641 1147 688 et
1171 641 1270 688 matre
1297 631 1417 702 Elnina,

267 723 287 752 ⁸
354 715 444 772 rurali
464 733 556 790 opere
574 717 666 774 vitam
684 718 842 792 agentibus
861 735 895 775 ac
918 719 1098 776 necessariis
1115 720 1176 776 vite
1198 720 1346 777 subsidiis
1365 723 1418 777 ad·

264 801 386 858 modum
406 803 654 872 habundantibus,
675 815 763 862 natus
788 814 842 862 est.
888 805 1093 879 Impregnanti
1117 807 1250 864 etenim¹
1272 808 1364 865 matri
1390 820 1418 865 et

264 887 423 947 dormienti
435 891 512 949 visio
524 893 592 950 talis
609 892 731 950 accidit:
751 891 879 950 Videbat
891 893 973 949 enim
986 895 1109 966 piscem,
1123 894 1173 967 qui
1187 894 1286 951 lucius
1300 895 1418 963 dicitnr,

233 989 249 1044 ι
265 977 373 1047 pinnas
382 979 562 1036 rubicundas
572 987 601 1036 et
611 989 754 1053 tanquam
764 979 910 1054 sanguine
922 997 1063 1053 aspersas
1072 983 1230 1038 duodecim
1242 983 1419 1052 habentem,

264 1081 354 1136 quem
383 1083 451 1122 cum
479 1067 509 1124 in
537 1069 636 1124 sinum
667 1067 825 1142 posuisset,
850 1067 1008 1125 videbatur
1035 1069 1128 1142 piscis
1158 1087 1193 1126 se
1224 1087 1364 1141 mouere,
1390 1082 1419 1128 et

263 1152 403 1224 paulatim
421 1155 497 1212 adeo
512 1171 711 1222 succrescere,
723 1163 755 1212 vt
774 1155 833 1211 iam
852 1155 937 1212 sinus
956 1159 1054 1229 ipsum
1073 1157 1339 1230 comprehendere
1357 1176 1418 1215 non

262 1249 365 1312 posset
378 1261 384 1298 ε
403 1243 624 1317 assumptisque
641 1243 739 1300 subito
751 1243 806 1300 alis
819 1261 938 1300 sursum
950 1243 1068 1314 volauit,
1082 1245 1239 1317 nubesque
1252 1246 1418 1310 transiens,

261 1336 367 1400 aperto
382 1329 440 1386 sibi
458 1330 549 1401 coelo,
563 1331 593 1386 in
611 1331 710 1403 ipsum
728 1348 761 1387 se
778 1331 898 1404 recepit.
935 1329 1071 1404 Cumque
1092 1330 1167 1404 patri
1185 1349 1242 1388 suo
1255 1335 1419 1402 sacerdoti,

218 1427 248 1466 ιο
262 1415 420 1487 plun'mam
445 1418 691 1490 exponendarum
716 1417 865 1474 visionum
896 1417 1033 1491 peritiam
1063 1417 1193 1485 habenti,
1217 1429 1331 1475 cuneta
1361 1437 1418 1493 per

261 1501 396 1560 ordinem
406 1504 565 1570 retulisset,
575 1505 631 1562 ait:
652 1505 807 1572 ‘Nouens
816 1505 884 1572 filia,
894 1515 924 1561 te
937 1505 1128 1578 impregnari,
1137 1505 1294 1578 filiumque
1304 1508 1417 1579 paritu-

261 1605 333 1659 ram,
341 1591 391 1664 qui
400 1591 429 1647 in
440 1593 529 1650 terris
537 1591 682 1650 honorem
694 1592 856 1649 maximum
865 1602 1075 1666 consequetur,
1082 1601 1113 1649 et
1121 1609 1214 1666 super
1220 1593 1416 1651 altitudinem

260 1679 383 1734 nubium
396 1679 533 1737 eleuatus
544 1681 574 1736 in
587 1681 694 1750 celum,
706 1681 875 1737 duodennis
887 1681 1081 1738 exaltabitur!
1112 1679 1189 1736 Nato
1202 1681 1308 1753 itaque
1322 1700 1417 1755 puero

259 1773 289 1821 et
307 1766 461 1836 ablactato,
478 1768 551 1824 dum
569 1777 656 1841 pater
672 1767 737 1824 eius
751 1767 937 1824 Wenstanus
957 1767 1064 1824 affines
1083 1769 1120 1824 ad
1139 1768 1317 1825 conuiuium
1340 1771 1417 1826 inui-

216 1871 224 1906 ι
231 1873 245 1923 5
259 1860 362 1924 tasset,
375 1854 576 1926 penitentialis
589 1856 710 1928 quidam
723 1854 843 1912 brachia
857 1855 963 1912 ferreis
975 1855 1105 1912 innexus
1118 1855 1258 1926 nexibus,
1273 1859 1362 1929 quasi
1378 1860 1417 1914 ad

259 1940 454 1998 elemosinam
479 1943 706 2000 conuiuantibus
730 1943 889 2000 intererat:
917 1943 969 2015 qui
993 1959 1061 2000 cum
1085 1943 1246 2016 puemlum
1273 1947 1416 2002 mnibus

259 2027 344 2104 quasi
356 2029 565 2104 applaudendo
577 2039 703 2100 teneret,
712 2048 797 2103 puer,
806 2029 914 2104 puerili
927 2030 1114 2102 simplicitate
1127 2029 1243 2087 ferreos
1257 2033 1415 2090 admirans

259 2133 364 2187 nexus,
390 2135 443 2175 eos
466 2118 609 2192 palpauit,
634 2127 663 2176 et
688 2136 758 2176 ecce
783 2118 881 2176 subito
905 2117 1022 2174 vincula
1046 2127 1227 2191 rumpuntur
1251 2121 1284 2175 in
1310 2131 1414 2193 partes

257 2203 447 2263 dissilientes.
484 2206 560 2264 Cum
573 2217 673 2263 autem
687 2205 842 2279 septennis
856 2223 932 2279 puer
945 2201 1127 2278 esset,'cepit
1138 2207 1215 2263 adeo
1228 2208 1414 2266 abstinentie

212 2308 243 2344 ιο
257 2301 373 2348 amator
386 2295 526 2365 existere,
538 2303 570 2351 vt
588 2295 684 2352 tribus
702 2295 732 2350 in
753 2293 941 2351 hebdomada
961 2292 1043 2350 seriis
1061 2293 1226 2351 ieiunant:
1247 2297 1413 2352 nonnullos

256 2397 328 2436 vero
336 2398 413 2453 pane
426 2391 585 2440 contentus
598 2392 628 2440 et
642 2381 741 2456 [aqua]
751 2382 763 2415 ⁸
775 2382 958 2455 transigebat
965 2381 1031 2438 dies
1042 2401 1048 2437 :
1067 2380 1226 2438 ecclesiam
1236 2381 1413 2456 frequenta·

256 2468 313 2536 bat,
332 2471 465 2541 psalmos
491 2478 520 2528 et
546 2470 695 2546 orationes
714 2470 839 2540 dicebat,
860 2479 889 2526 et
914 2486 1091 2543 quecunque
1113 2468 1269 2526 delerant
1292 2488 1414 2529 summa

255 2558 454 2615 venerabatur
466 2559 644 2616 reuerentia.
680 2557 818 2615 Tandem
831 2559 912 2630 apud
927 2556 1098 2613 Norwicum
1117 2556 1236 2613 cuidam
1250 2559 1413 2632 pelliparia

255 2641 285 2697 in
303 2653 366 2700 arte
382 2645 432 2701 illa
448 2647 574 2703 traditur
593 2646 796 2704 instruendus.
832 2645 969 2702 Tandem
988 2644 1018 2700 in
1038 2645 1168 2717 quodam
1188 2644 1269 2701 lesto
1288 2649 1412 2719 pasche,

209 2749 239 2800 ²5
257 2727 339 2788 ludei
347 2733 456 2789 invrbe
465 2744 618 2792 morantes
627 2751 754 2808 puerum
763 2733 888 2790 subdole
898 2732 1025 2806 hospitia
1033 2748 1137 2789 eorum
1144 2734 1261 2789 intrare
1269 2735 1412 2804 alliciunt,

255 2819 412 2894 subitoque
431 2823 559 2895 rapiunt,
571 2833 601 2879 et
615 2823 705 2879 variis
722 2821 819 2878 modis
835 2820 986 2877 illudunt‘.
1018 2819 1076 2876 Per
1089 2829 1234 2893 vtrasque
1254 2819 1363 2880 fauces
1375 2825 1412 2880 ad

254 2907 451 2980 posteriorem
473 2909 541 2966 colli
561 2919 678 2982 partem
698 2909 830 2966 reductis
851 2907 986 2980 corrigiis
1006 2907 1180 2964 firmissimo
1199 2909 1412 2966 astrinxerunt

254 2997 341 3066 nodo,
354 2999 546 3070 postmodum
558 3015 630 3054 vero
646 2997 732 3054 breui
750 2996 887 3064 funiculo,
901 2994 1075 3054 auricularis
1093 2994 1157 3051 sere
1176 2995 1260 3066 digiti
1278 2997 1412 3054 habente

252 3084 494 3156 grossitudinem,
504 3093 632 3159 arrepto,
642 3085 813 3157 trinumque
823 3082 1076 3140 ineoeertislocis
1085 3081 1277 3154 assignantes
1286 3086 1411 3152 nodum,

206 3189 239 3240 30
253 3181 342 3244 caput
351 3173 422 3228 illud
434 3172 577 3229 innocens
589 3189 607 3228 a
619 3172 716 3229 fronte
726 3173 756 3228 in
764 3172 882 3244 occiput
889 3169 1133 3243 circumcingunt,
1142 3171 1279 3226 medium
1293 3173 1410 3246 quippe

253 3257 342 3315 fronti
351 3259 772 3333 nodum,extrem0squealios
781 3259 849 3316 hinc
858 3267 888 3316 et
898 3259 967 3315 inde
976 3257 1409 3331 temporibus⁵imprimentes

253 3345 327 3418 [ετ]ο
339 3355 533 3421 utrarumque
548 3349 677 3422 panium
692 3347 838 3420 capitibus
850 3348 889 3404 ad
902 3347 1018 3419 occiput
1032 3345 1220 3402 strictissime
1233 3350 1409 3418 contractis,

251 3442 281 3490 et
307 3435 496 3493 strictissimo
524 3435 659 3493 confecto
688 3435 727 3492 ibi
758 3437 846 3506 nodo,
875 3436 955 3508 quod
982 3433 1103 3491 funiculi
1134 3444 1296 3506 supererat
1328 3435 1409 3492 cirea

250 3521 368 3590 collum,
377 3523 479 3580 itidem
493 3523 560 3581 hinc
574 3535 605 3581 et
617 3524 686 3581 inde
699 3525 737 3581 ad
750 3524 899 3580 anteriora
912 3522 978 3580 colli
991 3523 1047 3579 sub
1061 3531 1163 3578 mento
1176 3521 1409 3580 contrahendo*

205 3628 234 3678 35
250 3612 404 3680 reducunt,
429 3611 528 3685 ibique
556 3613 627 3670 illud
659 3611 810 3670 insolitum
841 3611 981 3668 tormenti
1005 3628 1101 3683 gemm
1127 3611 1157 3665 in
1187 3609 1294 3682 quinto
1325 3613 1409 3668 nodo

249 3709 466 3757 consummant.
503 3700 608 3773 Capite
626 3717 745 3774 quoque
764 3709 832 3773 post
850 3700 906 3757 hec
923 3717 1000 3768 raso,
1012 3697 1136 3755 infinitis
1152 3697 1226 3754 illud
1244 3698 1407 3770 spinarum

248 3787 460 3862 punctionibus
483 3789 648 3858 vulnerant,
670 3788 919 3860 innocentemque
943 3805 961 3844 a
984 3797 1064 3843 terra
1089 3785 1249 3852 sublatum,
1268 3787 1407 3858 patibulo
1500 3855 1501 3858 Ἴ

248 3877 424 3949 extinguere
436 3877 664 3933 contendebant.
711 3875 839 3933 Sinistro
852 3875 916 3932 eius
929 3875 1013 3931 lateri
1025 3891 1120 3946 vsque
1132 3873 1170 3928 ad
1184 3873 1285 3929 cordis
1299 3874 1407 3932 intima

247 3963 357 4020 vulnus
365 3965 505 4020 acerbum
513 3963 660 4037 infligunt,
666 3973 695 4021 et
702 3973 733 4020 vt
743 3963 919 4036 sanguinem
927 3979 983 4036 per
992 3971 1085 4018 totum
1096 3977 1204 4034 corpus
1214 3960 1404 4018 defluentem

283 4077 291 4106 ¹
310 4078 357 4127 Ed.
369 4079 395 4126 in
408 4078 464 4126 Act.
478 4077 525 4126 SS.
539 4077 605 4128 Boll.
618 4092 650 4138 25
667 4076 755 4126 March
771 4077 817 4127 111.
830 4093 853 4139 p.
866 4077 923 4138 587.
957 4076 996 4125 Cl.
1008 4076 1068 4125 Chr.
1087 4074 1222 4134 Bromium
1236 4091 1310 4123 anno
1330 4091 1402 4138 ¹⁰⁴3

249 4145 305 4194 Τὴε
318 4152 374 4193 text
386 4145 408 4192 is
419 4144 472 4193 abr.
485 4143 548 4192 from
560 4145 604 4192 the
613 4143 714 4204 Vitaby
721 4143 834 4192 Thomas
847 4143 1049 4202 Monimetensis
1058 4157 1078 4190 c.
1092 4143 1161 4198 11⁶0,
1171 4141 1235 4188 who
1246 4145 1350 4189 wrote‘
1361 4141 1402 4189 De
1500 4205 1501 4208 Ἴ

249 4210 393 4259 Guilhelmo
403 4225 485 4271 puero
495 4218 521 4258 et
530 4217 642 4272 martyre
652 4225 665 4270 7
675 4209 762 4270 libros,
772 4217 799 4257 et
810 4209 843 4258 de
855 4209 910 4257 mir.
919 4223 1006 4268 unum,
1015 4209 1048 4256 ad
1057 4206 1230 4255 Guilhelmurn
1239 4209 1273 4255 de
1282 4207 1402 4256 Turebes

249 4275 404 4336 Episcopum
419 4274 626 4324 Norwicensem’
640 4275 725 4368 (Pus).
763 4275 826 4324 This
843 4275 887 4323 lise
902 4275 924 4323 is
939 4273 1079 4336 preserved
1095 4273 1121 4320 in
1136 4288 1152 4320 a
1165 4271 1222 4320 ldS.
1236 4273 1400 4334 arent-Etey

248 4344 322 4398 (now
334 4339 436 4389 Cambr.
450 4341 528 4388 Univ.
542 4340 629 4404 libe).

247 4404 356 4454 illusum.
423 4403 477 4453 ¹T.
490 4406 647 4468 timporibus
713 4403 791 4457 ⁸0m.
858 4403 951 4456 'Bell
964 4405 1155 4455 contrahentes.

730 4339 903 4390 Bollautem.
976 4337 1223 4393 ¹s0T.,om.inE.
1305 4339 1398 4389 *Bou
1500 4413 1501 4416 Ἴ
