3048 4884
420 287 509 382 bc
532 283 697 376 sunm
722 287 934 376 suimus.
1186 313 1255 384 431

103 488 262 560 colmane,
274 489 332 547 hec
346 488 387 546 illi
404 488 495 547 Petro
511 488 590 546 dicta
608 489 714 546 sunti'
752 488 811 560 Qui
830 488 887 548 ait:
907 487 1006 548 ‘Vere
1024 491 1098 546 rex!
1135 487 1172 545 Et
1191 486 1258 546 iliez

103 583 111 610 ⁴
123 577 262 648 Habetis,
274 576 379 652 inquit,
390 595 446 634 vos
458 577 594 651 proferre
606 577 717 651 aliquid
729 585 812 634 tante
824 576 982 651 potestatis
993 587 1095 634 vestro
1113 575 1259 633 Columbe

102 666 245 722 datumi’
292 664 330 721 Et
359 665 426 723 ille:
453 664 569 722 ‘Nihil’
614 664 748 722 Rursum
778 682 852 722 rex:
885 664 935 723 ‘Si
965 665 1084 737 vtrique
1113 673 1258 734 vestrum,

103 752 230 826 inquit¹,
248 753 280 809 in
299 751 356 809 hoc
374 753 439 810 sine
457 752 518 809 vlla
536 751 741 810 controuersia
758 754 958 820 consentiunt,
974 752 1054 826 quod
1073 753 1129 810 hec
1148 751 1260 825 princi·

104 841 214 914 paliter
228 837 362 912 [Petrol’
371 839 459 907 dicta,
469 848 499 896 et
511 839 538 896 ei
551 841 652 896 claues
665 840 751 913 regni
763 840 897 898 celorum
911 839 970 896 sint
979 839 1093 896 dareta
1102 839 1223 896 domino
1232 842 1257 897 i’
1273 849 1287 899 ⁵

106 927 364 1001 Responderunt:
385 927 520 984 ‘Etiam’
564 927 605 985 At
624 927 674 985 ille
692 929 734 985 ita
751 927 915 986 conclusit:
935 926 991 1002 ‘Et
1011 945 1068 1000 ego
1085 927 1171 984 vobis
1191 926 1258 984 dico

104 1014 177 1088 quia
192 1015 241 1072 hic
258 1023 306 1072 est
321 1014 461 1072 ostiarius
479 1015 530 1072 ille
542 1014 589 1071 cui
602 1032 659 1088 ego
672 1017 876 1073 contradicere
888 1015 974 1085 nolo;
995 1015 1048 1071 sed
1063 1013 1095 1070 in
1114 1023 1257 1088 quantum

104 1101 178 1159 noui
190 1103 239 1159 vel
251 1102 346 1172 valeo,
358 1101 448 1160 huius
460 1103 549 1176 cupio
564 1103 597 1159 in
610 1103 750 1160 omnibus
766 1103 889 1160 obedire
904 1103 1038 1172 statutis3
1058 1119 1097 1159 ne
1110 1101 1194 1171 forte,
1207 1119 1258 1160 me

104 1189 289 1247 adueniente
307 1190 345 1246 ad
363 1190 445 1248 fores
464 1190 549 1264 regni
567 1190 709 1259 celorum,
722 1208 783 1248 non
800 1190 838 1248 sit
857 1192 907 1265 qui
926 1201 1043 1248 reseret
1051 1190 1072 1262 ⁴,
1085 1207 1193 1248 auerso
1208 1191 1258 1247 illo

104 1276 158 1351 qui
177 1278 279 1335 claues
297 1288 402 1335 tenere
421 1279 583 1351 probatur!
622 1277 689 1335 Hec
708 1278 827 1336 dicente
845 1294 928 1352 rege,
941 1277 1081 1334 fauerunt
1098 1293 1216 1348 omnes,
1228 1287 1257 1335 et
1274 1294 1304 1333 ro

104 1364 243 1422 abdicata
255 1365 356 1422 minus
371 1365 506 1438 perfecta
521 1365 716 1436 institutione,
730 1367 767 1422 ad
785 1383 821 1422 ea
838 1383 896 1440 que
915 1365 1039 1423 meliora
1055 1377 1258 1440 cognouerant

105 1471 140 1510 se
158 1451 325 1510 transferre
343 1452 532 1510 festinabant.
570 1453 667 1510 Finito
684 1463 785 1510 autem
803 1453 952 1524 conflictu,
972 1453 1135 1511 Colmanus
1152 1452 1259 1511 lindis·

104 1539 258 1598 farnensis
270 1540 431 1615 episcopus
442 1541 550 1598 videns
562 1550 697 1613 spretam
710 1558 796 1598 suam
815 1542 991 1612 doctrinam,
1004 1551 1177 1615 sectamque
1189 1558 1258 1600 esse

105 1629 290 1702 despectam,
303 1629 467 1701 assumptis
480 1628 538 1684 hiis
550 1627 601 1701 qui
614 1627 700 1701 sequi
712 1629 878 1699 voluerunt,
891 1629 942 1703 qui
954 1628 1067 1702 pascha
1080 1628 1256 1686 catholicum

105 1725 136 1772 et
161 1724 316 1772 tonsuram
341 1731 559 1772 corone—nam
585 1725 615 1772 et
640 1717 678 1772 de
703 1715 760 1773 hoc
784 1715 901 1790 questio
926 1733 986 1772 non
1011 1717 1136 1773 minima
1157 1725 1256 1774 erat—
1275 1737 1303 1786 ¹5

105 1803 245 1875 recipere
257 1803 400 1860 nolebant
407 1802 427 1874 ⁶,
438 1802 569 1860 Scotiam
583 1819 742 1875 regressus
755 1813 811 1874 est,
818 1813 997 1860 tractaturus
1006 1803 1017 1835 ⁸
1027 1821 1095 1860 cum
1109 1805 1172 1860 suls
1184 1805 1256 1877 quid

105 1892 145 1946 de
164 1888 223 1946 hiis
242 1889 342 1947 facere
359 1891 491 1948 deberet.
528 1890 630 1948 Cedda
652 1900 752 1949 autern
773 1891 944 1965 episcopus,
963 1890 1076 1948 relictis
1097 1891 1257 1950 Scotorum

105 1976 250 2051 vestigiis,
262 1978 363 2050 agnita
374 1979 584 2036 obseruatione
597 1979 733 2035 catholici
746 1978 860 2052 pasche
877 1979 915 2035 ad
932 1979 1037 2035 sedem
1058 1995 1143 2035 suam
1161 1979 1257 2036 rediit.

107 2065 199 2122 Facta
212 2073 258 2122 est
272 2074 372 2122 autem
389 2065 445 2122 hec
463 2065 581 2140 questio
598 2083 678 2122 anno
695 2065 808 2123 domini
825 2065 1047 2124 sexcentesimo
1066 2065 1258 2139 sexagesimo

104 2161 222 2226 quarto.
301 2141 362 2210 Vir
385 2161 485 2210 autem
510 2153 621 2210 domini
647 2153 807 2211 Wilfridus
821 2155 910 2227 'apud
942 2169 1049 2210 omnes
1072 2153 1257 2210 venerationi
1271 2167 1303 2204 πο

109 2240 237 2310 habitus,
249 2257 268 2297 a
272 2258 352 2320 rege
364 2240 482 2298 Alfrido
495 2249 526 2298 et
537 2249 599 2298 tota
615 2242 703 2314 plebe
721 2242 759 2298 ad
778 2241 983 2315 pontificatum
998 2240 1224 2312 (eboracensem
1232 2241 1256 2314 ⁷)

105 2328 244 2402 eligitur;
262 2337 293 2386 et
305 2327 374 2386 licet
386 2338 448 2386 toto
460 2329 578 2400 annisu,
592 2346 629 2386 ne
642 2329 699 2386 hoc
712 2329 797 2386 lieret
810 2329 951 2386 resistere
963 2337 1132 2403 temptaret,
1145 2331 1258 2402 impor-

105 2417 232 2473 tunitate
255 2415 391 2474 omnium
414 2418 536 2474 tandem
556 2415 661 2486 victus,
680 2417 719 2474 ad
744 2416 856 2474 Gallias
877 2416 1001 2474 mittitur
1025 2417 1257 2474 consecrandus.

107 2503 176 2573 Quo
196 2502 236 2560 ibi
256 2519 372 2560 moram
395 2504 542 2574 trahente,
568 2501 651 2561 Oswi
671 2521 734 2575 rex,
754 2505 901 2562 malorum
920 2504 1110 2579 instigatione
1129 2507 1257 2562 circum·

106 2599 226 2662 uentus,
251 2590 384 2650 Ceddam
410 2593 547 2649 abbatem
578 2591 730 2666 Lestingai
760 2593 937 2650 eboracensi
966 2592 1094 2650 ecclesie
1123 2593 1256 2667 prefecit
1272 2609 1302 2660 25

106 2677 266 2736 Wilfridus
277 2679 400 2736 tandem
413 2680 451 2736 ad
464 2679 589 2753 patriam
600 2680 730 2750 rediens,
738 2682 854 2737 marina
864 2687 1044 2753 tempestate
1057 2682 1087 2737 in
1102 2680 1257 2754 regionem

106 2765 294 2824 Australium
319 2765 499 2839 [Saxonum]
508 2767 528 2839 ⁸,
547 2768 702 2841 paganicis
727 2769 879 2825 erroribus
903 2769 1068 2838 detentam,
1087 2767 1256 2840 proiicitur;

106 2853 246 2911 fluctibus
258 2869 331 2911 vero
349 2853 381 2910 in
400 2856 483 2912 sinus
496 2871 568 2912 suos
580 2855 659 2912 illico
677 2855 821 2926 retractis,
833 2855 942 2929 pagani
955 2855 1095 2929 indigene
1107 2855 1257 2924 aduolant,

106 2958 217 2999 nauem
228 2949 259 2998 et
271 2943 441 3015 omniaque
453 2941 486 2999 in
500 2959 536 3000 ea
550 2951 635 3000 erant
647 2941 678 3000 in
691 2941 738 3000 ius
751 2959 838 3001 suum
850 2942 1018 3012 vendicant,
1030 2952 1061 2999 et
1073 2952 1123 2999 aut
1135 2941 1256 3014 captiui·

104 3015 167 3086 tate
179 3037 230 3086 aut
243 3038 338 3086 mone
354 3028 410 3086 sibi
430 3029 619 3094 resistentes,
632 3031 782 3088 obstinato
799 3030 890 3088 corde
908 3029 1062 3088 inuoluere
1077 3038 1256 3102 proponunt.
1271 3049 1302 3098 30

106 3117 175 3188 Quo
187 3117 313 3190 cognito,
325 3115 372 3174 vir
384 3117 432 3174 dei
445 3117 617 3191 copiosam'
628 3118 673 3176 eis
686 3117 845 3192 pecuniam
855 3117 878 3151 ¹⁰
889 3117 1004 3188 obtulit,
1017 3127 1046 3174 et
1058 3125 1090 3174 vt
1102 3118 1140 3172 ab
1159 3115 1256 3172 inten-

104 3205 187 3262 tione
205 3221 260 3262 sua
278 3205 464 3276 recederent,
483 3205 683 3279 postulatione
691 3205 711 3238 ¹¹
732 3205 836 3262 humili
861 3205 1024 3262 admonuit
1060 3203 1197 3278 Cumque
1215 3203 1257 3261 illi

106 3291 269 3350 ferociores
286 3291 384 3349 effecti
403 3310 421 3349 a
439 3294 592 3366 proposito
611 3293 782 3351 nullatenus
802 3296 937 3350 reuocari
956 3301 1090 3366 possent,
1104 3292 1256 3366 pontificis

105 3379 188 3450 socii,
200 3379 350 3453 premissa
367 3381 406 3436 ad
422 3381 513 3437 deum
532 3397 632 3455 prece,
645 3397 730 3437 arma
744 3379 900 3454 arripiunt,
915 3380 1011 3454 magis
1026 3381 1164 3438 volentes
1176 3381 1256 3437 bello

105 3467 285 3525 occumbere
300 3483 390 3540 quam
409 3467 518 3540 ignaua
536 3467 706 3541 captiuitate
723 3468 866 3542 longioris
878 3467 939 3526 vite
958 3467 1060 3542 spacia
1076 3468 1228 3526 seruando
1235 3467 1257 3500 ¹¹
1270 3479 1298 3532 3!

105 3555 282 3628 producere.
319 3552 449 3628 Paganis
473 3554 574 3630 itaque
596 3555 655 3612 tela
676 3554 882 3628 dirigentibus,
902 3557 1090 3614 sacerdotum
1112 3556 1256 3629 princeps

105 3643 264 3716 ydolorum
282 3641 314 3699 in
335 3643 449 3700 tumulo
468 3642 599 3712 excelso,
617 3641 680 3700 suis
696 3643 946 3702 incantationibus
965 3644 1050 3718 quasi
1072 3661 1144 3701 suos
1164 3646 1256 3700 bene·

105 3731 234 3788 dicendo
255 3729 433 3803 confortare,
456 3739 486 3789 et
517 3731 574 3788 viri
599 3731 694 3789 sancti
725 3732 822 3788 socios
846 3731 1054 3788 maledicendo
1079 3730 1256 3789 eneruare¹'

105 3819 267 3891 satagebat.
302 3817 339 3876 Et
355 3836 426 3876 ecce
444 3819 562 3877 iuuenis
578 3818 699 3892 quidam
713 3818 844 3876 Wilfridi
863 3819 999 3877 minister
1014 3819 1106 3876 funda
1123 3819 1255 3892 lapidem
1341 3821 1345 3833 '

104 3907 181 3978 iecit,
189 3914 220 3963 et
232 3923 353 3980 magum
365 3907 396 3964 in
410 3905 538 3964 frontem
551 3907 723 3980 percutiens
734 3907 871 3964 extinxit.
908 3906 1138 3980 insurgentibus
1148 3907 1168 3940 ¹⁴
1181 3924 1255 3980 ergo
1269 3924 1303 3974 40

104 3994 251 4052 acerrime
268 4011 455 4069 paganorum
474 3995 642 4066 insultibus,
660 3994 820 4052 wilfridus
838 3995 876 4052 ad
894 4011 1002 4068 preces
1021 4011 1055 4052 se
1073 3995 1253 4069 prosternit:

106 4199 109 4208 ,
135 4151 329 4206 ¹T.E.i.rex.
395 4151 468 4205 ’oua
532 4152 704 4204 'radan
771 4151 989 4203 ⁴T.E.reserat.
1020 4218 1026 4230 ·
1057 4151 1253 4206 ‘Evolebant

104 4217 159 4268 ⁸T.
172 4219 350 4298 atrectatus.
425 4218 502 4268 lom.
514 4219 541 4268 in
553 4219 582 4270 T.
593 4219 701 4296 Eadm..
755 4217 834 4271 ⁸0m.
897 4218 955 4270 ’a
969 4233 1108 4296 copiosum.
1186 4221 1205 4250 ¹⁸
1223 4219 1252 4270 E.

105 4299 272 4402 mamm
285 4285 597 4404 &ffffliefflnss
609 4299 810 4414 hfcffl'ens.
843 4283 862 4318 ¹¹
880 4283 909 4335 E.
922 4285 1096 4349 postulationi.
1180 4283 1202 4318 ¹²
1218 4285 1252 4336 al.
