3028 4894
259 285 330 376 398
572 281 703 368 nouo
728 277 918 382 [mmm
943 277 1095 382 annia

257 479 370 538 curiam
391 479 505 539 domini
524 481 593 538 tui.”
630 479 667 538 Et
686 479 811 538 adiecit:
832 479 1008 552 “Quantam
1029 479 1155 556 gloriam
1177 479 1296 538 donaui
1324 481 1430 548 Petro,

257 585 313 626 nec
333 567 386 626 tibi
407 569 554 626 minorem
577 569 682 626 dabo.”
729 568 766 624 Et
790 569 904 642 accepit
929 570 1070 627 dominus
1095 568 1170 627 mire
1193 569 1428 642 magnitudinis

257 673 399 714 coronam
429 673 551 714 auream
575 665 606 714 et
630 655 719 730 capiti
744 656 810 714 eius
834 657 995 714 dilacerato
1024 656 1183 730 imposuit!
1230 657 1272 713 Et
1303 659 1428 715 addidit

258 742 367 802 frater:
387 743 487 802 ‘Scito
505 743 596 818 igitur
613 743 781 802 certissime
799 745 880 818 quod
897 744 1030 802 Thomas
1048 745 1270 802 cantuariensis
1288 747 1428 802 antistes

230 849 244 899 5
259 831 316 888 hiis
332 831 437 890 diebus
452 832 569 890 occisus
585 840 642 890 est.
678 831 725 888 'l'u
738 849 811 889 vero
828 832 906 890 dicta
922 849 990 890 mea
1009 841 1087 902 nota,
1100 841 1130 889 et
1149 833 1238 906 signa
1257 837 1427 908 tempora'
1500 877 1501 882 η

260 919 297 977 Et
319 919 377 978 hiis
396 919 483 978 dictis
504 920 667 994 disparuit:
694 928 724 978 et
750 921 844 977 abbas
871 920 1012 978 Heraclio
1031 919 1210 994 patriarche,
1228 921 1284 995 qui
1305 923 1370 980 hee
1393 923 1424 978 in

259 1007 368 1082 Anglia
381 1007 488 1080 retulit,
502 1025 558 1082 per
570 1007 708 1065 ordinem
723 1007 883 1065 enarrauit.

296 1081 431 1156 Sanctus
449 1113 568 1170 quoque
587 1095 720 1152 'ihomas
738 1095 768 1152 in
788 1095 878 1153 exilio
896 1096 993 1153 adhuc
1011 1095 1128 1170 positus
1148 1096 1240 1154 talem
1259 1095 1420 1154 visionem

1496 681 1501 860 l

258 1183 347 1242 vidit:
375 1183 597 1256 ‘Aspiciebam
616 1183 721 1256 inquit,
739 1183 769 1240 in
793 1183 858 1240 visu
882 1185 997 1242 noctis:
1023 1193 1053 1241 et
1072 1201 1142 1242 ecce
1162 1201 1255 1258 supra
1277 1197 1421 1243 montem
1501 1195 1502 1216 ³

217 1287 246 1326 ιο
260 1271 346 1329 valde
358 1271 512 1328 excelsum
529 1289 621 1340 eram,
634 1281 664 1329 et
675 1271 816 1328 dominus
834 1289 889 1330 rex
902 1271 1069 1345 Anglorum
1087 1271 1118 1328 in
1131 1271 1235 1328 infimo
1248 1273 1421 1330 deorsum:

259 1368 289 1418 et
307 1377 377 1418 ecce
395 1359 493 1416 subito
506 1359 646 1416 vniuerse
665 1359 720 1416 celi
733 1360 870 1416 volucres
887 1361 1048 1417 aduersum
1070 1377 1173 1434 regem
1191 1373 1422 1430 conuenerunt,

260 1447 359 1522 ipsum
380 1465 448 1504 cum
467 1447 617 1522 unguibus
637 1446 750 1504 suiset
777 1449 883 1504 rostn's
901 1447 999 1504 subito
1021 1458 1050 1504 et
1070 1447 1127 1504 cito
1146 1448 1262 1504 alarum
1290 1465 1420 1506 sitarum

261 1534 393 1608 impetu¹
406 1535 491 1608 quasi
504 1534 631 1592 turbinis
643 1535 833 1594 vehementis
850 1535 955 1610 spiritu
971 1535 1160 1610 impetentes
1196 1535 1329 1610 Singula
1342 1537 1418 1594 mihi

260 1623 325 1680 visa
338 1631 423 1680 erant
435 1622 475 1680 ibi
487 1623 642 1680 volucnrm
661 1641 780 1696 genera,
794 1624 927 1681 maxime
944 1642 1004 1698 que
1023 1642 1061 1681 ex
1080 1633 1166 1698 raptu
1178 1623 1297 1696 uiuunt,
1310 1642 1419 1699 mem

218 1737 227 1772 ι
233 1739 247 1789 5
261 1709 292 1768 in
310 1727 422 1785 genere
441 1728 497 1768 suo
514 1711 695 1784 impetentia
733 1711 827 1769 Cuius
844 1712 1033 1769 vestimentis
1051 1730 1106 1786 per
1121 1712 1279 1768 volucrum
1296 1731 1419 1786 vngues

260 1809 290 1858 et
308 1809 405 1856 rostra
422 1797 579 1856 confestim
596 1799 772 1871 dilaceratis,
786 1817 840 1856 rex
859 1801 923 1858 sola
941 1800 1063 1858 camisia
1080 1803 1131 1856 vix
1150 1809 1313 1873 coopertus
1328 1801 1418 1874 quasi

262 1887 360 1944 nudus
379 1886 549 1944 volucribus
571 1887 728 1960 expositus
750 1898 806 1959 est,
825 1897 856 1945 et
881 1887 1026 1962 impetum
1046 1888 1146 1945 auium
1173 1890 1328 1946 sustinere
1354 1905 1417 1945 non

260 1975 364 2032 valens
382 1973 451 2032 hinc
470 1975 540 2033 inde
556 1975 773 2048 impellebatur.
811 1975 883 2033 Erat
900 1985 999 2034 autem
1019 1993 1037 2032 a
1054 1985 1141 2048 tergo
1160 1975 1241 2049 regis
1259 1978 1416 2049 quoddam

261 2063 449 2136 precipitium
467 2061 735 2136 profundissimum
753 2075 783 2120 et
802 2066 997 2124 teterrimum.
1016 2063 1072 2120 sibi
1091 2063 1300 2136 improuisum
1338 2063 1416 2121 Cum

218 2174 249 2211 ao
261 2159 360 2208 autent
378 2150 648 2224 appropinquasset
665 2169 719 2208 rex
732 2151 890 2226 precipitio
907 2153 944 2208 ab
964 2151 1173 2226 impetentium
1187 2151 1217 2208 ui
1230 2169 1266 2210 se
1277 2153 1415 2222 trahens,

261 2255 338 2295 vnus
354 2239 392 2296 de
409 2237 522 2306 aulicis,
541 2257 632 2312 quem
654 2256 708 2296 rex
730 2239 893 2298 honoribus
910 2249 940 2297 et
958 2239 1070 2297 diuitiis
1095 2239 1174 2297 inter
1193 2240 1279 2313 regni
1299 2241 1416 2313 primos

261 2334 400 2382 erexerat
429 2335 459 2383 et
489 2326 574 2398 quasi
605 2325 740 2400 seipsum
765 2326 920 2398 dilexerat,
939 2327 969 2385 in
994 2328 1149 2385 volucrum
1174 2327 1305 2385 accessit
1331 2329 1415 2384 adiu·

261 2413 368 2472 torium
380 2433 387 2471 2
407 2413 528 2472 camisia
539 2431 599 2488 qua
611 2414 737 2472 amictus
754 2423 819 2473 erat
836 2433 898 2482 rex,
912 2415 1043 2489 spoliare
1056 2414 1204 2472 violenter
1219 2424 1415 2490 attemptans,

261 2517 330 2558 cunt
339 2501 444 2560 auibus
458 2519 560 2576 regem
568 2501 648 2578 cepit
658 2502 669 2534 ¹
681 2503 795 2576 pellere
804 2503 835 2559 in
845 2503 1043 2578 precipitium.
1064 2503 1242 2561 Commota⁸
1251 2513 1324 2562 sunt
1334 2505 1415 2561 enirn

219 2617 248 2667 ²5
261 2589 376 2648 viscera
390 2607 457 2647 mea
469 2607 562 2663 super
578 2607 658 2664 rege,
672 2607 728 2648 nec
746 2591 828 2664 potui
843 2590 873 2648 in
891 2591 1005 2649 offensa
1024 2590 1079 2650 hac
1099 2592 1312 2649 miserationes
1331 2609 1416 2649 meas

261 2677 434 2736 continere:
457 2677 529 2752 quin
548 2679 586 2736 de
602 2677 712 2736 montis
730 2680 841 2736 vertice
859 2679 890 2736 in
909 2679 967 2736 ictu
986 2679 1064 2736 oculi
1088 2679 1232 2737 descendi
1250 2689 1282 2737 et
1300 2680 1416 2737 framea

262 2765 352 2838 longa
369 2773 398 2822 et
417 2765 589 2823 acutissima
606 2765 764 2823 uniuersas
785 2766 842 2824 celi
860 2767 997 2825 volucres
1015 2767 1162 2842 dissipaui
1179 2777 1210 2824 et
1227 2767 1371 2841 dispersi,
1386 2777 1415 2825 et

262 2871 364 2928 regem
378 2853 512 2911 vestibus
527 2853 589 2910 suis
606 2854 755 2928 regalibus
773 2855 916 2912 decenter
934 2855 1025 2920 indui,
1038 2865 1068 2912 et
1080 2856 1208 2913 aulicum
1221 2855 1307 2913 illum
1321 2856 1373 2931 qui
1386 2856 1415 2912 in

262 2940 404 3000 auxilium
434 2941 588 2999 volucrum
619 2952 752 3010 venerat,
781 2943 891 3000 acriter
924 2943 1096 3017 obiurgaui'
1201 2931 1276 3000 Rex
1314 2955 1416 3002 autem

218 3047 249 3096 30
264 3029 416 3087 Henricus
435 3046 491 3104 per
508 3028 704 3104 quadraginta
723 3031 788 3088 dies
805 3031 905 3087 audita
917 3031 1034 3088 Thome
1050 3049 1126 3089 nece
1143 3030 1221 3088 sedit
1237 3049 1374 3103 merens,
1386 3043 1416 3090 et

262 3117 447 3176 acerbiorem
467 3117 560 3174 multo
584 3118 653 3192 plus
676 3135 767 3191 quam
792 3129 976 3176 mortuorum
998 3119 1066 3176 iecit
1086 3120 1219 3177 luctum:
1245 3119 1413 3193 lugentium

262 3205 346 3263 cibos
366 3205 505 3274 comedit,
517 3223 628 3279 equum
647 3223 709 3262 non
727 3207 882 3276 ascendit,
906 3207 987 3264 nulla
1005 3223 1105 3276 causa,
1123 3207 1205 3264 nulla
1223 3209 1413 3278 consultatio,

264 3293 344 3350 nulla
356 3293 479 3367 querela
491 3293 713 3366 ingrediebatur
725 3295 763 3352 ad
776 3311 855 3352 eum.
892 3293 1024 3353 Sedebat
1037 3295 1195 3365 solitarius,
1208 3295 1414 3368 ingemiscens

263 3391 293 3438 et
311 3381 425 3450 dolens,
439 3379 542 3454 sepius
561 3381 616 3438 hoc
633 3381 762 3439 iterans:
783 3382 881 3452 ‘Heu,
894 3383 963 3452 heu,
976 3383 1121 3441 accidisse
1140 3383 1216 3440 sict’
1256 3383 1295 3440 Et
1314 3385 1413 3442 statim

220 3486 249 3534 35
264 3470 390 3527 nuncios
408 3469 447 3526 ad
466 3486 576 3543 papam
595 3469 804 3526 Alexandrum
825 3469 915 3539 misit,
934 3478 964 3527 et
984 3471 1136 3528 humiliter
1154 3470 1184 3527 in
1203 3489 1264 3544 quo
1284 3475 1416 3530 excessit

264 3555 420 3614 consessus
440 3567 495 3613 est.
532 3555 646 3614 Verum
668 3558 739 3631 quia
761 3557 910 3616 consessio
931 3575 988 3631 per
1009 3559 1120 3632 scripta
1138 3559 1203 3615 lieri
1225 3576 1414 3634 nequaquam

265 3644 349 3714 solet,
363 3643 446 3701 missi
464 3653 535 3702 sunt
553 3645 612 3700 duo
629 3645 804 3715 cardinales,
817 3645 868 3719 qui
881 3645 1156 3704 excommunicatos
1173 3647 1371 3705 absoluerent
1386 3657 1415 3705 et

265 3732 344 3806 regis
358 3731 445 3789 saluti
457 3731 660 3805 prouiderent.
699 3731 733 3788 In
752 3751 879 3807 quorum
898 3733 1052 3807 presentia
1070 3752 1125 3791 rex
1144 3735 1229 3792 tactis
1248 3735 1414 3809 euangeliis

264 3820 371 3878 iurauit
383 3821 462 3894 quod
476 3837 574 3894 neque
587 3821 739 3878 mandauit
752 3839 849 3894 neque
862 3821 953 3878 voluit
965 3823 1045 3895 quod
1062 3823 1308 3896 archiepiscopus
1325 3825 1414 3880 inter·

219 3927 252 3978 40
265 3909 412 3977 liceretur,
426 3917 456 3965 et
474 3909 554 3982 quod
571 3910 670 3965 audita
690 3919 785 3966 morte
798 3909 864 3966 eius
876 3909 945 3982 plus
958 3909 1050 3967 doluit
1063 3928 1153 3984 quam
1166 3911 1277 3968 letatus
1290 3921 1346 3968 est
1378 3911 1414 3968 Et

264 3997 376 4054 addidit
397 4015 435 4054 ex
461 3997 583 4070 propria
602 3997 753 4055 voluntate
775 3998 856 4071 quod
877 3998 915 4054 de
937 4007 1032 4055 morte
1052 3999 1145 4071 patris
1165 3998 1212 4055 vel
1234 3999 1341 4057 matris
1362 4016 1413 4056 sue

265 4101 417 4159 nunquam
445 4093 560 4142 tantum
585 4085 686 4142 doluit
732 4084 844 4142 lurauit
871 4083 962 4142 etiam
986 4087 1065 4159 quod
1091 4103 1301 4160 quamcunque
1330 4089 1414 4160 peni-

265 4175 389 4232 tentiam
414 4173 442 4230 ei
466 4173 634 4231 cardinales
659 4173 857 4247 iniungerent,
882 4173 1018 4245 plenarie
1043 4183 1250 4248 exequeretur.
1289 4173 1412 4232 Dicebat

430 4355 437 4383 ¹
455 4355 487 4404 ai.
500 4371 550 4406 om.
677 4354 688 4385 ¹
705 4355 734 4406 E.
748 4357 817 4420 cepit
829 4371 924 4419 regern.
1052 4355 1062 4386 ³
1079 4355 1107 4408 E.
1121 4363 1249 4408 cosmeta
