3062 4888
260 285 335 371 604
694 278 897 380 appatuit
925 281 977 356 ΙΙ.

259 491 402 549 venerant,
415 481 487 538 sicut
504 498 555 554 per
570 481 658 538 frusta
670 481 722 538 sibi
736 481 829 552 partiti
845 492 910 537 sunt
927 481 1065 538 frustatim
1082 481 1174 552 palam
1193 498 1257 536 cum
1279 481 1416 551 indigna·

259 563 340 618 cione
352 565 495 620 miserunt.
534 565 599 620 Hiis
618 565 711 635 itaque
728 564 876 636 perceptis,
888 563 1039 634 episcopus
1050 565 1254 635 aliquantulum
1266 575 1415 634 pennotus

259 656 311 712 est,
332 645 434 702 tacitus
456 659 551 704 tamen
576 665 635 702 rem
660 649 825 718 perferebat,
848 648 993 702 conferens
1015 648 1042 702 in
1066 647 1152 702 corde
1173 663 1234 712 suo,
1256 647 1331 702 sicut
1351 657 1415 701 erat

260 729 486 798 pacientissimus
507 741 535 786 et
557 731 586 786 in
604 731 681 785 omni
700 730 866 800 operatione
884 747 936 784 sua
954 729 1205 785 mansuetissimus.
1242 731 1354 784 Tamen
1376 731 1416 783 de

232 825 246 874 ⁵
259 810 429 866 excellencia
445 812 498 867 loci
517 823 545 867 et
561 813 711 868 sanctitate
731 812 853 868 martiris
870 812 973 868 Christi
991 812 1134 868 Edmundi
1147 823 1175 868 et
1188 812 1337 882 presencia
1350 829 1415 866 cor·

260 892 335 964 poris
360 893 433 950 illius
458 895 619 966 incorrupti,
643 895 752 965 absque
776 895 927 950 venerabili
953 897 1029 950 cultu
1055 895 1198 966 religionis
1227 896 1269 950 sic
1301 895 1416 950 diucius

260 978 448 1045 permanentis
461 975 477 1046 ¹,
496 993 552 1032 non
572 977 672 1032 leuiter
691 977 720 1032 in
733 977 856 1048 seipsum
869 989 1026 1033 commotus
1038 989 1091 1032 est.
1126 978 1210 1033 Vnde
1222 995 1279 1032 non
1293 978 1415 1048 quieuit,

259 1076 314 1114 nec
337 1059 451 1130 spiritus
474 1061 533 1116 eius
557 1060 682 1131 requiem
703 1061 810 1128 habuit,
830 1060 922 1116 donec
945 1061 998 1116 bec
1021 1060 1117 1115 omnia
1135 1061 1295 1115 venerande
1316 1061 1416 1130 regine

260 1153 408 1212 peroraret,
421 1153 449 1198 et
469 1144 545 1214 quod
564 1143 709 1214 aptissime
728 1144 786 1198 fieri
805 1155 900 1214 posset
920 1153 1015 1199 tantus
1033 1143 1109 1198 locus
1128 1159 1178 1212 pro
1193 1145 1283 1199 salute
1296 1145 1374 1212 regis
1387 1155 1415 1198 et

219 1242 247 1280 ιο
260 1223 436 1295 com[m]odo
447 1227 544 1296 patrie,
554 1235 581 1281 et
592 1243 642 1296 pro
653 1227 722 1281 tanti
732 1227 853 1282 martiris
863 1227 1008 1282 excellenti
1019 1225 1165 1281 sanctitate
1174 1235 1203 1280 et
1212 1224 1415 1280 miraculorum

259 1306 419 1378 frequencia
432 1325 486 1378 que
500 1309 528 1363 in
541 1309 640 1364 eodem
653 1309 716 1363 loco
729 1309 832 1364 fiebant
845 1308 1046 1379 creber[r]ime,
1060 1310 1137 1362 locus
1154 1309 1266 1363 dicatus
1284 1309 1414 1379 religioni

259 1399 287 1443 et
301 1389 418 1444 seruicio
433 1390 544 1445 Christi.
574 1391 677 1462 Sicque
689 1393 725 1446 de
737 1390 792 1447 biis
805 1393 932 1462 preuenit
944 1392 1131 1446 venerabilem
1143 1391 1269 1461 reginam
1282 1392 1312 1447 in
1326 1393 1416 1448 bene-
1510 1421 1511 1434 κ

260 1471 434 1527 diceionibus
443 1473 600 1528 dulcedinis
611 1491 618 1542 ;
637 1485 665 1530 et
678 1484 777 1546 postea
789 1475 962 1546 propositum
975 1492 1057 1530 suum
1069 1475 1126 1544 regi
1136 1477 1248 1530 Canuto
1261 1475 1414 1545 perorauit,
1510 1533 1511 1536 ,

260 1553 373 1608 adiutus
397 1555 626 1624 suggestionibus
651 1557 756 1626 regine,
781 1567 808 1612 et
833 1557 1033 1612 beneuolencia
1063 1575 1096 1612 ac
1127 1557 1277 1626 diligencia
1302 1559 1414 1613 comitis

218 1654 246 1704 ¹5
260 1637 378 1692 Turkilli
393 1637 419 1692 in
433 1637 512 1693 cuius
524 1639 635 1694 dicione
647 1640 724 1694 locus
737 1641 781 1694 ille
793 1641 934 1696 fundatur.
963 1641 1024 1694 Rex
1036 1650 1140 1708 autem,
1151 1657 1234 1710 super
1246 1643 1302 1695 hoc
1314 1641 1414 1695 habito

260 1736 324 1774 cum
337 1721 395 1774 suis
408 1737 545 1788 sermone,
558 1733 769 1793 conuocatoque
781 1723 898 1778 consilio
912 1721 1192 1794 archiepiscopomm,
1205 1723 1414 1794 episcoporum,

261 1803 405 1872 abbatum,
418 1803 549 1872 priorum,
563 1803 696 1858 comitum
713 1816 797 1875 atque
813 1806 951 1860 baronum
970 1805 1059 1860 tocius
1072 1805 1182 1874 Anglie,
1195 1806 1322 1876 precepit
1335 1817 1365 1860 vt
1385 1809 1414 1860 in

261 1886 389 1957 predicta
401 1885 518 1942 basilica
530 1887 629 1940 fierent
642 1886 781 1954 monachi,
796 1887 842 1958 qui
857 1887 902 1941 die
915 1897 1054 1957 noctuque
1071 1885 1176 1941 ibidem
1195 1888 1250 1942 deo
1269 1898 1297 1944 et
1315 1899 1414 1944 sancte

264 1969 354 2024 Marie
372 1970 508 2025 seruirent
526 1969 638 2024 deuote.
677 1969 787 2024 Deinde
806 1971 914 2041 prefato
933 1971 1065 2040 episcopo
1083 1971 1248 2038 elmanensi,
1262 1971 1310 2040 qui
1330 1971 1413 2026 buius

218 2071 249 2107 ao
262 2051 453 2108 innouacionis
466 2063 550 2124 caput
563 2052 692 2108 extiterat
701 2065 729 2109 et
739 2071 833 2120 causa,
845 2053 955 2124 negocii
967 2053 1126 2124 perficiendi
1136 2070 1252 2108 causam
1263 2053 1412 2123 delegauit.

264 2133 320 2190 Hic
334 2135 416 2204 igitur
429 2136 516 2207 ipsius
528 2135 601 2204 regis
614 2135 778 2191 auctoritate
796 2147 824 2193 et
841 2147 982 2206 precepto,
994 2147 1023 2192 et
1035 2135 1152 2191 Turkilli
1171 2136 1282 2190 comitis
1301 2135 1412 2204 auxilio,

262 2218 369 2274 clericis
381 2218 465 2274 motis
477 2230 505 2275 et
517 2219 582 2274 alibi
597 2219 762 2286 constitutis,
775 2221 913 2290 quosdam
932 2220 967 2274 de
987 2219 1094 2274 Hulmo
1113 2219 1202 2273 sancti
1217 2219 1373 2287 Benedicti,
1385 2229 1413 2273 et

262 2302 399 2371 quosdam
413 2302 447 2358 de
460 2303 580 2358 ecclesia
588 2303 685 2357 eliensi
698 2305 852 2358 monachos
866 2303 903 2358 ibi
914 2302 1069 2370 collocauit,
1079 2319 1154 2356 anno
1167 2303 1203 2356 ab
1216 2301 1412 2358 incarnacione

262 2383 370 2439 domini
383 2391 482 2453 nl.xx⁰.,
496 2395 523 2440 et
536 2403 554 2439 a
566 2385 695 2455 passione
710 2387 799 2440 sancti
814 2384 956 2441 Edmundi
969 2386 1020 2440 01⁰.
1058 2385 1110 2438 Ex
1119 2387 1237 2439 montiis
1248 2386 1283 2438 de
1295 2385 1412 2438 Hulmo.

220 2485 249 2534 ²⁵
265 2467 372 2521 Placuit
388 2467 463 2522 enim
477 2467 602 2539 predicto
615 2467 673 2537 regi
687 2477 716 2522 vt
728 2467 894 2524 deecclesia
911 2467 986 2523 beati
1000 2467 1144 2522 Benedicti
1162 2468 1198 2521 de
1219 2468 1329 2521 Hulmo
1341 2467 1413 2522 anti·

263 2549 356 2620 quitus
369 2549 521 2604 constituta
533 2567 598 2620 pars
615 2550 733 2605 dimidia
750 2552 866 2606 fratrum
879 2552 916 2606 ad
928 2551 1075 2606 ecclesiam
1088 2549 1300 2605 beodricensem
1314 2549 1411 2619 dirige

263 2643 345 2688 retur.
384 2633 428 2686 Ea
441 2649 506 2687 vero
525 2643 691 2702 tempestate
709 2633 770 2704 xxvj
791 2633 921 2688 monachi
941 2632 991 2687 viri
1011 2631 1133 2698 religiosi
1152 2642 1180 2686 et
1198 2633 1274 2687 bone
1291 2633 1367 2686 fame
1385 2631 1412 2685 in

262 2715 380 2770 ecclesia
394 2716 429 2770 de
444 2715 550 2770 Hulmo
560 2717 615 2770 deo
627 2725 655 2770 et
668 2727 766 2772 sancto
777 2717 929 2772 Benedicto
942 2715 1158 2771 famulabantur.
1178 2717 1223 2770 De
1233 2714 1281 2769 illa
1290 2731 1413 2785 namque

263 2809 340 2869 parte
350 2799 467 2854 dimidia
475 2799 590 2854 fratrum
600 2800 637 2854 ad
648 2800 917 2856 Beodricesuuorthe
925 2798 1039 2866 directa,
1047 2797 1089 2853 vir
1100 2798 1224 2868 prudens
1237 2807 1265 2852 et
1281 2799 1413 2852 honestus

219 2897 250 2946 30
262 2881 352 2937 Vnius
365 2892 433 2950 erat,
447 2882 494 2952 qui
508 2881 536 2936 in
549 2881 671 2938 ecclesia
683 2881 758 2938 beati
772 2883 917 2938 Benedicti
931 2881 1053 2936 officium
1066 2882 1205 2950 prioratus
1218 2881 1330 2950 agebat,
1343 2891 1372 2934 et
1385 2881 1412 2934 in

263 2965 382 3021 ecclesia
395 2963 485 3020 sancti
500 2964 644 3020 Edmundi
657 2965 733 3034 apud
748 2965 1018 3020 Beodricesuuorthe
1030 2963 1121 3019 abbas
1132 2963 1222 3018 extitit
1241 2963 1367 3034 primus;
1386 2973 1412 3018 et

264 3066 327 3103 cum
350 3066 384 3104 eo
402 3047 473 3103 alius
489 3049 574 3103 frater
592 3048 758 3102 Leofstanus
778 3047 899 3116 nomine,
918 3047 965 3119 qui
985 3048 1014 3102 in
1035 3047 1136 3102 eodem
1155 3047 1217 3100 loco
1238 3057 1303 3115 post
1321 3045 1413 3116 ipsum

264 3133 352 3186 abbas
366 3132 480 3187 effectus
493 3141 535 3187 est
548 3132 697 3186 secundus.
735 3133 798 3186 Hec
811 3142 905 3186 autem
919 3141 983 3186 sunt
996 3130 1111 3185 nomina
1129 3129 1245 3183 aliorum
1257 3129 1284 3182 xi
1297 3127 1413 3184 fratrum

263 3214 312 3284 qui
326 3231 389 3269 cum
403 3213 471 3285 ipsis
485 3223 550 3270 sunt
563 3213 730 3268 introducti:
748 3213 904 3280 Ailfwinus,
917 3213 1080 3280 Ailwardus,
1101 3211 1272 3279 Leofdricus,
1284 3212 1413 3280 Alfricus,

220 3313 250 3364 35
266 3297 374 3362 Bondo,
388 3297 536 3362 Edericus,
548 3296 725 3364 Alfuuoldus,
738 3295 896 3364 Leofsurus,
911 3296 1099 3366 Sparafocus;
1120 3305 1149 3352 et
1165 3295 1242 3364 pueri
1257 3296 1413 3361 Oswaldus,

263 3390 292 3434 et
303 3379 445 3434 Ordricus.
474 3381 506 3433 ln
519 3397 637 3450 quorum
650 3379 763 3450 quidem
776 3379 984 3435 introduccione
996 3379 1034 3434 ita
1044 3378 1142 3453 diuino
1155 3380 1230 3432 cultu
1239 3391 1267 3432 et
1281 3377 1413 3447 religione

264 3461 342 3515 locus
357 3461 402 3516 ille
415 3461 530 3531 profecit
541 3458 559 3530 ²,
571 3471 601 3516 vt
614 3461 709 3516 statim
721 3473 829 3517 mutato
842 3462 955 3517 nomine
969 3461 1120 3532 preclarius
1132 3461 1158 3515 ei
1175 3477 1277 3515 nomen
1290 3461 1413 3527 inoleret,

265 3543 281 3598 i.
307 3543 412 3598 ‘sancti
445 3543 590 3598 Edmundi
621 3544 774 3614 oppidum!
845 3545 950 3603 Pm'ma
973 3546 1112 3614 exempab
1137 3545 1304 3598 monasterti
1324 3544 1416 3598 sancti

265 3627 432 3682 Edmundi:
451 3627 501 3682 Ex
515 3629 634 3681 cronicis
649 3629 683 3682 de
701 3627 766 3697 Ely.
839 3627 982 3682 Concessit
1002 3625 1076 3680 idem
1094 3627 1187 3697 presul
1205 3626 1367 3695 Ayelwinus
1386 3625 1413 3681 in

220 3729 252 3776 40
266 3711 390 3782 ingressu
399 3711 601 3764 monachorum
611 3710 717 3780 prefato
726 3709 894 3765 monasterio
904 3726 986 3764 omne
997 3709 1039 3764 ius
1050 3725 1131 3764 suum
1144 3725 1177 3762 ac
1189 3707 1413 3764 iurisdiccionem

265 3805 293 3850 et
314 3793 483 3865 episcopalia
505 3803 690 3860 sacramenta,
708 3793 780 3849 intra
799 3793 874 3848 idem
896 3791 1098 3848 monasterium
1120 3801 1149 3846 et
1169 3791 1313 3861 oppidum,
1336 3801 1364 3845 et
1386 3791 1414 3845 in

265 3877 383 3934 circuitu
394 3877 521 3932 eiusdem
534 3875 629 3947 oppidi
647 3893 697 3946 per
714 3876 853 3931 ambitum
866 3876 948 3931 vnius
967 3874 1059 3944 stadii,
1073 3875 1110 3929 ad
1128 3884 1309 3944 augmentum
1328 3875 1413 3944 glorie

266 3971 293 4016 et
319 3959 371 4014 loci
397 3959 571 4030 dignitatem,
593 3968 621 4014 et
646 3959 917 4028 contemplacionem
939 3957 1106 4014 sanctissimi
1131 3957 1204 4026 regis
1234 3967 1262 4012 et
1293 3958 1413 4013 martiris

268 4043 419 4098 Edmundi.
462 4047 524 4098 Nec
547 4043 583 4096 ad
603 4041 712 4096 illorum
733 4042 914 4111 ingressionis
935 4041 1036 4110 officia,
1055 4058 1108 4096 nec
1127 4041 1164 4095 ad
1185 4041 1413 4096 benediccionem

221 4141 252 4190 45
267 4127 379 4182 abbatis
392 4127 526 4182 interesse
539 4125 632 4193 voluit,
648 4125 712 4180 licet
729 4125 870 4196 prouincie
887 4125 960 4181 illius
976 4125 1123 4196 episcopus
1140 4122 1247 4190 fuerat;
1266 4134 1310 4179 set
1324 4143 1342 4178 a
1356 4126 1412 4178 lon·

268 4209 396 4266 doniensi
413 4210 522 4281 presule
541 4207 685 4264 ordinatus
698 4207 749 4264 fuit
761 4225 858 4264 eorum
874 4209 981 4281 primus
999 4208 1098 4264 abbas.
1135 4205 1194 4262 Sibi
1208 4224 1274 4263 vero
1293 4207 1413 4278 prefatus

471 4341 480 4371 ¹
497 4341 552 4394 MS.
564 4357 712 4408 permanere.
981 4340 991 4372 ³
1007 4341 1063 4394 MS.
1076 4339 1186 4407 prefecit.
