3036 4878
90 251 374 318 rrsnuunsrr
476 233 580 323 tttts
605 234 665 325 ἐ.
690 236 927 334 stemmati.
1189 245 1261 336 ⁶95

95 436 223 494 uenisse
243 446 275 492 ut
293 434 420 506 angelico
438 438 552 494 oraculo
572 438 661 494 sancti
681 437 851 495 Freemundi
871 438 993 496 martiris
1010 438 1048 494 ibi
1068 455 1170 510 corpus
1187 440 1263 497 inoe-

95 519 213 588 nirent,
224 530 252 576 et
264 521 303 576 ad
314 522 406 578 locum
417 521 557 592 prelatum
571 523 764 592 sepeliendum
776 522 924 578 deferrent
952 522 995 578 Ibi
1008 523 1102 595 itaque
1114 523 1262 594 persancti

95 604 281 660 Freemundi
298 605 421 662 martiris
437 605 538 662 merita
550 606 586 660 de
603 605 811 662 infirmitatibus
827 605 886 662 suis
899 606 1007 676 singule
1019 606 1173 663 remedium
1185 623 1262 664 rece·

98 697 230 759 perunt3
245 698 273 744 et
286 687 325 744 ita
338 705 439 760 corpus
451 689 573 746 martiris
585 691 622 746 ad
635 691 725 745 loctun
735 689 903 761 prelibatum
916 688 1069 746 incolumes
1081 690 1263 762 pertulerunt.

98 773 147 827 Et
172 771 240 842 quia
263 771 311 828 ubi
333 789 435 842 corpus
457 771 624 829 inuenerant
647 773 775 828 locellum
799 773 962 843 plumbeum
985 773 1164 845 reliquerant,
1186 774 1288 838 aliuds

98 855 206 912 eidem
229 854 336 910 martiri
357 855 534 926 sepulchrum
562 873 619 912 non
640 849 733 911 minus
754 854 856 921 habile,
878 855 915 910 de
936 855 1030 926 lapide
1054 856 1138 912 niueo
1163 875 1263 928 procu·

98 950 255 1007 raueruut,
273 948 301 994 et
322 938 360 994 ad
381 937 504 994 martiris
528 939 664 994 honorem
686 936 790 994 Christi
811 938 966 994 aduentum
987 948 1016 994 et
1036 939 1212 996 natiuitatem
1234 951 1263 998 et

99 1022 245 1093 baptismi
263 1021 381 1092 gloriam
398 1021 428 1076 in
446 1022 547 1078 eodem
568 1021 671 1093 lapide,
690 1032 719 1078 et
739 1021 838 1078 mortis
858 1020 1056 1078 contumeliam
1075 1033 1104 1078 et
1125 1039 1263 1080 resurec-

100 1105 196 1162 tionis
216 1115 245 1161 et
265 1104 439 1162 ascencionis
462 1105 591 1175 gloriam,
609 1113 637 1160 et
661 1103 820 1162 huiusmodi
843 1103 949 1160 Christi
973 1104 1107 1160 miracula
1130 1105 1264 1162 decenter

102 1189 200 1260 sculpi
216 1189 358 1256 lecerunt;
384 1188 458 1244 etin
476 1189 577 1244 eodem
595 1187 744 1259 diligenter
759 1187 862 1254 exciso,
883 1187 1005 1244 martiris
1021 1205 1123 1260 eorpus
1141 1189 1262 1244 colloca·
1278 1209 1310 1246 ro

102 1281 219 1328 uerrmt
258 1273 293 1328 In
317 1271 418 1328 eodem
447 1287 515 1328 nero
542 1272 605 1326 loco
632 1270 743 1328 decenti
772 1280 829 1342 quo
853 1271 1032 1342 sepulchrum
1056 1289 1121 1328 cum
1144 1287 1263 1342 corpore

103 1356 286 1412 humandum
303 1371 366 1411 esse
385 1364 598 1426 proposuerant,
611 1353 720 1424 uirgam
731 1355 768 1412 de
787 1353 871 1410 salice
890 1353 1031 1412 excisam¹
1047 1365 1216 1425 posuerunt;
1235 1367 1265 1414 et

104 1439 149 1495 ita
164 1449 291 1508 tempore
306 1438 465 1508 uespertino
478 1436 641 1509 quiescendi
657 1438 753 1507 gracia
769 1439 807 1494 ad
824 1436 938 1494 uillam¹
954 1449 1140 1508 perrexerunt,
1153 1449 1183 1496 ut
1200 1455 1263 1496 cum

105 1539 196 1578 mane
217 1521 307 1593 primo
328 1521 505 1578 illucescente
525 1519 563 1576 ad
587 1521 680 1576 locum
704 1529 883 1592 prenotatum
907 1521 1039 1591 redirent,
1060 1533 1088 1579 et
1113 1521 1141 1576 in
1163 1522 1264 1578 eodem

107 1621 214 1676 corpus
231 1603 353 1660 martiris
374 1603 470 1660 debito
491 1603 604 1674 pietatis
624 1602 717 1660 officio
738 1603 895 1674 sepelirent.
932 1605 1005 1660 Cum
1026 1621 1094 1660 uero
1114 1604 1151 1660 ad
1170 1607 1263 1662 locum
1279 1627 1309 1680 ¹5

107 1697 317 1760 peruenerunt:
344 1704 398 1744 nec
419 1703 520 1758 corpus
539 1686 661 1742 martiris
682 1703 736 1742 nec
755 1687 932 1758 sepulchrum
954 1703 1011 1758 quo
1029 1686 1096 1743 illud
1114 1698 1264 1759 posuerant

107 1773 280 1829 inuenerunt
292 1791 300 1837 l
317 1771 376 1837 sed,
389 1771 465 1842 quod
478 1769 555 1826 dictu
567 1786 679 1841 quoque
691 1769 819 1826 mirabile
831 1779 883 1838 est,
895 1769 942 1824 vbi
955 1769 1093 1840 uirgulam
1107 1771 1135 1826 in
1152 1770 1264 1841 signtun

107 1855 276 1921 defixerant,
289 1853 327 1909 ibi
340 1853 489 1910 decadem
501 1851 611 1924 uirgula
627 1852 764 1910 immense
776 1851 977 1923 magnitudinis
989 1851 1104 1908 salicem
1117 1854 1169 1909 sub
1181 1853 1264 1910 vuius

107 1939 204 1996 noctis
226 1937 323 2008 spacio
344 1937 501 1994 exneuisse
518 1936 658 1992 admirate
679 1947 752 1993 sunt.
788 1939 869 1992 Deus
890 1953 966 2004 uero,
986 1935 1040 1992 illis
1061 1936 1263 2006 ignorantibus,

108 2021 234 2078 martiris
246 2020 289 2078 sui
298 2037 400 2091 corpus
412 2019 514 2092 quibus
525 2019 653 2090 personis
665 2016 778 2089 ueluit³,
788 2018 817 2074 in
827 2019 928 2076 eodem
937 2020 1000 2076 loco
1009 2020 1121 2090 sepeliri
1131 2020 1262 2092 precepit.
1277 2041 1309 2080 ao

111 2107 188 2176 Quia
205 2121 273 2161 uero
294 2104 364 2177 quid
383 2104 419 2160 de
441 2101 564 2159 martiris
582 2119 699 2174 corpore
718 2104 825 2159 iactum
846 2104 938 2158 luerat
957 2103 1029 2158 scire
1048 2119 1105 2158 non
1126 2113 1263 2174 poterant,

109 2189 200 2245 nimio
218 2205 250 2244 se
267 2188 363 2245 dolore
381 2184 632 2256 constrinxerunt&
651 2186 806 2242 lacrimosis
827 2185 952 2257 suspiriis
975 2187 1021 2242 dei
1042 2187 1263 2244 misericordiam

110 2271 462 2341 vnanimiterflagitantes,
475 2268 589 2340 etipse,
602 2269 646 2326 cui
661 2269 756 2326 omnia
771 2279 879 2327 secreta
895 2270 1064 2341 panduntur,
1076 2269 1144 2341 quid
1160 2270 1197 2325 de
1211 2285 1263 2325 suo

110 2354 226 2411 martire
244 2355 350 2410 iactum
368 2352 458 2423 luerit,
476 2361 526 2408 ant
545 2352 568 2409 si
591 2353 662 2410 forte
679 2355 800 2410 iuratum
820 2353 890 2410 alias
911 2354 1077 2410 manslanrm
1097 2353 1186 2422 tuerit,
1208 2350 1263 2408 illis

111 2437 279 2510 rogantibus
296 2437 489 2493 innotesceret
528 2436 614 2505 Quod
626 2445 655 2492 et
668 2436 776 2492 iactum
793 2445 845 2492 est.
881 2437 974 2493 Nocte
988 2435 1065 2492 enim
1079 2436 1206 2508 sequenti
1221 2437 1263 2494 eis
1277 2461 1308 2515 eg

111 2522 265 2577 reuelatum
282 2521 410 2592 estquis
427 2519 549 2576 martiris
568 2535 669 2591 corpus
690 2520 837 2576 humatum
854 2519 953 2576 fuerit:
971 2537 1025 2575 nec
1042 2521 1163 2591 amplius
1180 2537 1263 2578 nosse

112 2613 259 2675 quererent
270 2604 347 2675 quod
358 2621 407 2659 eas
419 2603 489 2660 deus
502 2605 588 2658 latere
602 2602 735 2671 uoluerit3
753 2613 782 2658 et
795 2603 836 2660 sic
846 2603 884 2659 de
897 2603 1001 2660 Christi
1018 2602 1159 2660 miraculis
1172 2605 1263 2661 admi·

113 2699 213 2758 rantes,
233 2687 270 2742 ad
290 2687 404 2759 propria
424 2702 550 2756 regressa
569 2697 642 2742 sunt.
679 2685 765 2742 Omni
789 2703 856 2742 uero
879 2695 1005 2757 tempore
1025 2704 1081 2758 quo
1102 2687 1141 2744 ibi
1160 2705 1262 2759 corpus

113 2770 233 2827 martiris
245 2772 392 2827 humatum
404 2769 492 2838 latuit,
505 2769 542 2824 ad
556 2769 697 2840 sepulture
709 2771 808 2837 locum,
821 2769 916 2825 herbis
932 2769 1086 2826 uirentibus
1102 2769 1262 2826 redimitum

113 2863 142 2910 et
162 2855 277 2910 floribus
296 2852 382 2908 uariis
402 2851 574 2922 insignitum,
594 2853 701 2908 nullum
723 2851 828 2908 animal
848 2851 982 2908 accedere
998 2853 1087 2924 potuit
1097 2871 1105 2918 ς
1128 2868 1181 2908 nec
1200 2851 1261 2909 auis
1274 2865 1307 2916 3ο

115 2939 208 3010 aliqua
220 2954 304 3009 super
316 2938 444 2992 arborem
456 2936 534 2992 illam
545 2937 598 2992 sub
610 2953 668 3008 qua
680 2952 783 3007 corpus
795 2934 916 2992 martiris
928 2935 1075 2991 humatum
1085 2935 1184 3003 luerat,
1196 2934 1261 2992 linet

115 3021 222 3080 deleme
234 3021 406 3078 descendere
418 3019 514 3076 uoluit.
550 3020 623 3075 Cum
635 3035 703 3075 uero
715 3019 803 3075 herba
815 3019 863 3074 illa
878 3018 974 3074 decisa
990 3017 1061 3073 soret
1079 3027 1107 3074 et
1122 3016 1151 3073 in
1166 3019 1261 3076 lenum

116 3103 264 3173 desiccata,
284 3101 425 3175 frequenti
451 3099 597 3158 hominum
621 3100 811 3172 experimento
833 3101 997 3157 animalium
1020 3100 1125 3156 morbis
1149 3101 1262 3172 proluit,

116 3199 143 3244 et
154 3189 190 3244 ab
205 3186 397 3258 egrotantibus
413 3185 531 3256 depasta
548 3201 645 3242 eorum
661 3185 813 3241 incomoda
831 3184 888 3241 cito
903 3183 1017 3240 curauit
1053 3183 1137 3240 Vnde
1155 3184 1261 3240 lactum

117 3282 157 3328 est
174 3281 204 3327 ut
221 3273 301 3328 locus
319 3270 379 3341 ipse
396 3270 435 3324 ab
452 3268 557 3337 incolis,
576 3285 690 3324 causam
707 3267 822 3340 quidem
838 3267 1030 3338 ignorantibus
1048 3267 1099 3322 sed
1113 3267 1261 3324 utilitatem
1274 3287 1306 3342 35

117 3355 299 3424 cernentibus,
312 3352 473 3410 reuerencia
484 3352 607 3425 quadam
618 3361 807 3419 ueneraretur,
818 3361 848 3408 et
861 3351 954 3408 eidem
970 3351 1128 3408 sanctitatis
1143 3350 1261 3410 alicuius

118 3438 208 3509 gracia
220 3437 313 3495 inesse
325 3437 491 3494 crederetur.

175 3565 286 3636 Ontigit
309 3580 378 3620 uero
400 3571 432 3618 ut
456 3562 581 3635 quidam,
603 3563 786 3618 Ethelbertus
809 3562 934 3631 nomine,
958 3561 995 3618 de
1018 3561 1135 3620 marinis
1159 3562 1262 3631 Anglie

208 3649 335 3722 partibus
355 3647 490 3702 orationis
513 3645 610 3716 gracia
635 3647 826 3702 lerosolimam
851 3646 1081 3717 proficisceretur,
1100 3655 1130 3701 et
1155 3643 1261 3699 ibidem

119 3743 180 3790 ante
205 3731 308 3788 Christi
333 3731 512 3801 sepulchrum
535 3728 656 3800 plurimo
680 3739 807 3802 tempore
830 3727 933 3799 uigiliis
957 3737 985 3784 et
1011 3726 1121 3784 ieiuniis
1145 3725 1260 3783 deditus
1272 3753 1306 3804 40

120 3825 277 3874 moraretur.
314 3815 406 3870 Nocte
425 3830 493 3869 uero
515 3813 639 3884 quadam
659 3812 751 3869 eidem
775 3821 842 3867 ante
863 3812 1041 3883 sepulchrum
1061 3809 1185 3880 uigilanti
1205 3826 1260 3866 uox

121 3901 225 3956 celestis
248 3898 379 3964 insonuit,
399 3907 427 3953 et
446 3896 560 3952 nomine
580 3912 633 3951 suo
653 3913 719 3952 eom
738 3895 859 3962 uocauit,
878 3893 1036 3966 precipiens
1057 3891 1204 3948 utstatim
1221 3893 1260 3948 ad

121 3983 234 4056 patriam
251 3991 397 4049 remearet,
416 3989 444 4036 et
463 3981 556 4035 locum
578 3980 720 4050 quendam
742 3995 825 4048 super
844 3977 950 4032 flumen
972 3975 1143 4032 Cherervelle
1165 3975 1261 4044 sirum,

122 4067 164 4124 obi
182 4067 305 4138 quinque
321 4065 481 4120 sacerdotes
499 4063 676 4118 mansionem
692 4071 868 4133 acceperant,
884 4060 1003 4118 sollicite
1019 4069 1163 4132 quereret:
1183 4067 1212 4114 et
1230 4057 1260 4113 in

121 4147 195 4208 loco⁸
207 4167 264 4206 non
276 4149 359 4219 longe
371 4147 471 4220 posito,
481 4147 534 4203 sub
546 4147 646 4202 arbore
657 4144 752 4201 salicis
764 4146 935 4215 thesaurum,
944 4160 1001 4217 quo
1011 4141 1164 4215 preciosius
1177 4141 1215 4198 ad
1228 4141 1258 4199 id
1273 4156 1305 4208 45

151 4249 779 4316 ιΙ,.ι(1(1;ιίιιοτιιιιειιιἰοτιιιῐιὶιιιι,1ιηὶιιιιη).
866 4245 1114 4317 'Lr.proximarn.
1202 4245 1259 4298 ⁸L.

122 4319 192 4372 adds:
210 4317 347 4370 ministerio
359 4317 512 4383 angelornm.
607 4314 618 4346 ⁴
634 4315 662 4366 Μ
683 4315 905 4368 monstrtuxerrnt
1003 4313 1064 4364 ⁸01.
1074 4319 1156 4380 prato.
