3054 4904
468 308 731 403 basonus
756 309 936 414 teman.
1210 331 1277 404 107

129 509 160 568 in
174 510 271 568 insula
284 512 335 569 illa
346 512 438 570 vitam
456 512 662 570 heremiticam
678 514 801 582 ducens,
815 513 852 568 ab
869 512 976 586 angelo
993 511 1098 568 litteris
1116 509 1278 567 instructus

129 607 184 656 est.
223 600 340 670 Quibus
359 600 526 673 completis,
546 601 671 672 angelus
693 600 807 656 domini
828 600 902 656 dixit
926 601 963 656 ad
987 617 1078 657 eum:
1106 599 1152 655 Ὀ
1177 597 1277 655 diuine

128 686 277 760 scripture
294 697 506 760 perscrutator,
519 687 651 744 veritatis
670 697 812 744 constans
831 697 860 744 et
878 687 1039 745 immobilis
1057 696 1189 744 amator:
1209 685 1277 759 quia

128 773 181 831 tibi
194 775 302 832 sufficit
314 775 409 848 gratia
421 777 478 843 dei,
491 783 520 831 te
534 776 609 832 hanc
623 776 728 832 sedem
741 776 881 833 dominus
893 777 969 832 deus
985 786 1054 832 ttius
1068 774 1277 846 derelinquere

128 861 286 934 disposuit,
305 871 336 920 et
359 863 456 930 aliam,
474 881 565 936 quam
591 863 643 920 tibi
668 865 849 932 monstrabo,
869 872 899 920 te
923 863 1025 920 adire¹
1050 863 1184 936 oportet!
1221 859 1305 930 Cuis

128 959 269 1006 sanctus:
297 950 399 1007 ‘Licet
418 950 507 1007 huius
529 949 585 1007 soli
610 959 751 1023 tanquam
777 951 883 1007 natalis
907 951 1064 1008 dulcedine
1088 966 1214 1006 reuocor
1237 949 1276 1004 ad
1320 969 1323 976 ¹

129 1039 316 1106 morandum,
335 1039 374 1095 ad
392 1055 601 1111 quemcunque
617 1038 716 1094 locum
731 1054 780 1094 me
797 1037 908 1110 dirigas
927 1038 984 1094 iter
1000 1039 1133 1111 arripere
1152 1045 1276 1109 paratus

127 1132 159 1179 et
170 1134 275 1197 presto
287 1129 371 1182 sum’
408 1125 463 1184 Cui
475 1127 620 1199 angelus:
641 1125 757 1181 ‘Locus
774 1134 820 1182 est
832 1126 928 1182 denso
944 1125 1124 1182 arundinum
1142 1122 1276 1196 tegmine

126 1211 356 1286 circumseptus,
387 1214 471 1287 quasi
503 1214 629 1270 miliario
659 1231 718 1271 vno
749 1214 874 1282 distans,
900 1212 1001 1269 diuino
1031 1213 1129 1269 officio
1159 1211 1275 1267 futurus

127 1300 275 1371 ydoneus.
303 1301 424 1374 Rumpe
437 1301 525 1375 igitur
538 1318 653 1358 moram
666 1310 696 1357 et
709 1301 767 1358 iter
779 1303 896 1374 arripe't
908 1300 1085 1374 diligenter:
1106 1302 1182 1356 deus
1194 1299 1275 1355 enim
1289 1310 1322 1354 to

127 1395 228 1444 tecum
240 1397 286 1445 est
296 1388 323 1444 ¹.’
349 1389 486 1462 Carpens
498 1389 589 1462 igitur
601 1398 722 1446 sanctus
735 1389 823 1458 viam,
837 1389 868 1446 in
881 1390 979 1446 calore
988 1388 1047 1446 diei
1059 1405 1127 1446 cum
1136 1387 1275 1460 fatigatus

126 1563 285 1630 emanauit,
299 1565 337 1620 de
353 1581 413 1638 quo
430 1564 479 1622 ille
496 1563 603 1621 bibens
620 1582 696 1638 opus
716 1564 869 1637 inceptum
887 1573 1031 1621 executus
1046 1572 1101 1620 est.
1139 1563 1275 1634 Cumque

126 1648 235 1706 iterum
255 1651 355 1708 sessus
376 1652 406 1708 in
427 1660 538 1710 terram
558 1669 592 1708 se
614 1650 797 1726 proiecisset‚
818 1653 927 1708 humus
949 1669 982 1708 se
1002 1651 1143 1724 aperiens
1162 1651 1274 1707 fontem
1309 1659 1316 1674 ·

125 1737 325 1795 clarissimum
345 1739 443 1810 dedit;
472 1749 502 1796 et
523 1748 684 1812 antequam
704 1741 743 1796 ad
768 1741 866 1796 locum
891 1741 929 1795 ab
953 1740 1060 1812 angelo
1085 1738 1273 1811 designatum
1291 1753 1319 1807 ¹5

126 1826 309 1897 deuenisset,
322 1829 353 1883 in
367 1828 440 1884 locis
453 1827 502 1884 vbi
519 1827 647 1884 lassatus
660 1828 796 1884 membra
807 1827 906 1900 quiete
919 1825 1045 1896 fouebat,
1059 1826 1158 1883 sontes
1170 1825 1273 1897 viginti

126 1923 253 1986 quatuor
276 1916 364 1972 tellus
388 1915 419 1971 in
443 1916 603 1988 planiciem
627 1917 822 1972 decurrentes
846 1915 957 1970 eduxit.
995 1914 1169 1972 Construxit
1193 1913 1274 1970 enim

126 2003 233 2059 cellam
265 2004 304 2060 de
328 2003 497 2071 viminibus,
521 2019 611 2075 quam
635 2011 665 2059 et
689 2002 836 2058 arundine
861 2002 994 2075 operuit;
1026 2011 1056 2060 et
1081 2002 1111 2058 in
1138 2001 1274 2058 edificato

126 2091 239 2148 ibidem
251 2091 381 2147 oratorio
400 2092 575 2164 angelorum
595 2089 754 2163 sepissime
770 2089 879 2146 milicia
896 2091 995 2163 ipsum
1011 2089 1184 2146 confortans
1202 2107 1274 2147 con·

126 2178 275 2236 ueniebat
348 2167 485 2254 Quidam
509 2179 602 2235 laicus
626 2178 751 2234 accessit
776 2178 814 2234 ad
839 2194 908 2234 eum
929 2187 961 2234 vt
985 2177 1012 2234 ei
1032 2177 1193 2234 seruiendo
1214 2177 1273 2234 vita
1289 2197 1320 2234 ao

128 2265 301 2323 heremitica
325 2267 507 2340 fungeretur.
556 2266 624 2336 Quo
648 2265 777 2338 benigne
802 2266 944 2334 admisso,
969 2263 1069 2321 multis
1091 2266 1179 2322 annis
1204 2283 1272 2322 cum

126 2363 231 2410 sancto
243 2354 325 2411 uixit.
394 2343 546 2412 Latrones
559 2370 668 2410 nouem
682 2354 712 2410 in
725 2353 908 2426 prouinciam
922 2353 1003 2408 illam
1015 2353 1181 2422 venientes,
1194 2352 1273 2410 fame

125 2449 156 2497 et
169 2441 217 2497 siti
230 2441 329 2499 afflicti
342 2441 482 2499 dixerunt
494 2441 573 2498 intra
586 2459 637 2498 se:
658 2441 730 2496 ‘Est
743 2441 790 2497 hic
804 2458 864 2497 nou
880 2441 968 2514 longe
983 2451 1105 2498 sanctus
1123 2440 1243 2514 quidam
1253 2441 1273 2510 ⁴,

126 2528 178 2601 qui
191 2547 297 2587 omnes
310 2530 404 2604 diligit
416 2539 447 2586 et
459 2528 587 2597 instruit,
595 2539 625 2586 et
637 2538 698 2586 tam
711 2527 805 2584 fortes
819 2545 909 2601 quam
922 2529 1035 2586 debiles
1049 2529 1151 2601 reficit,
1159 2546 1274 2601 egenos

125 2626 156 2674 et
173 2635 266 2690 vagos
284 2617 398 2686 inuitat,
415 2617 506 2674 etiam
529 2615 767 2675 malefactoribus
788 2615 867 2673 mitis
886 2625 940 2674 est.
976 2616 1167 2674 Accedamus
1185 2616 1274 2691 igitur
1288 2633 1319 2687 as

125 2704 163 2760 ad
184 2723 263 2772 eum,
284 2715 316 2761 vt
336 2705 517 2778 suffragetur
536 2703 637 2778 inopie
660 2707 779 2761 nostre!
817 2704 884 2774 Quo
909 2722 977 2761 cum
1002 2705 1222 2777 peruenissent,
1242 2706 1273 2761 in

126 2792 288 2866 hospitium
301 2793 418 2866 placide
434 2791 546 2865 recepti
563 2801 642 2850 sunt.
678 2791 795 2849 Accidit
813 2793 894 2848 enim
911 2801 942 2850 vt
962 2793 1091 2849 famulus
1106 2792 1162 2849 viri
1177 2793 1273 2850 sancti

127 2881 248 2938 lanceas
261 2881 409 2937 latronum
423 2881 503 2938 foras
514 2879 653 2937 dimissas
666 2880 795 2948 intuens,
806 2888 836 2936 et
849 2880 1103 2953 pulchritudinem
1111 2880 1272 2950 admiranS,

125 2985 215 3024 vnam
228 2969 374 3042 arriperet
387 2978 417 3026 et
433 2969 464 3025 in
482 2970 547 3026 loco
562 2977 679 3025 secreto
696 2969 866 3025 occultaret.
904 2967 1135 3041 Egredientibus
1153 2967 1274 3024 latroni-

123 3057 182 3112 bus
195 3056 262 3125 illis,
276 3057 406 3129 quesiuit
424 3056 545 3129 quidam
562 3073 579 3112 a
595 3056 705 3112 famulo
721 3056 778 3112 viri
795 3055 843 3112 dei
858 3055 884 3111 si
904 3056 1018 3112 hastam
1035 3073 1122 3112 suam
1141 3055 1273 3112 vidisset.
1287 3073 1320 3124 3⁰

127 3143 181 3200 ille
195 3161 268 3200 vero
279 3145 446 3202 iuramento
459 3145 585 3201 asseruit
598 3161 632 3200 se
646 3143 737 3200 nichil
750 3143 937 3216 cognouisse.
975 3143 1042 3214 Quo
1055 3143 1155 3200 audito
1167 3145 1213 3201 vir
1225 3143 1274 3200 dei

124 3248 248 3287 semum
267 3249 356 3288 suum
375 3232 499 3303 vocauit,
518 3232 642 3290 dicens:
670 3231 804 3302 ‘Amice
823 3231 872 3287 isti
893 3231 1060 3304 alienigene
1080 3249 1140 3288 non
1160 3233 1198 3288 ad
1217 3249 1273 3289 nos

124 3318 351 3377 declinauerunt
375 3329 407 3378 vt
431 3338 481 3378 res
505 3337 576 3377 suas
600 3319 787 3376 amitterent’
828 3318 884 3375 Cui
908 3319 977 3376 ille:
1010 3319 1147 3376 ‘Clocula
1171 3329 1274 3376 nostra

124 3407 287 3464 mamillata
307 3408 355 3465 hic
375 3417 550 3482 apponatur,
571 3417 600 3464 et
621 3424 713 3480 super
732 3423 799 3462 eam
819 3406 923 3462 iurabo
943 3423 991 3463 me
1011 3424 1077 3462 rem
1098 3408 1186 3464 istam
1211 3425 1273 3464 non

124 3496 291 3568 peregisse,
305 3513 361 3551 nec
373 3495 483 3569 aliquid
495 3496 566 3552 inde
579 3495 774 3568 cognouisse)
813 3493 850 3550 Et
863 3511 930 3550 cum
944 3496 1072 3552 iurasset
1085 3504 1115 3551 et
1128 3495 1272 3552 cloculam
1286 3509 1317 3563 35

123 3582 205 3638 illam
217 3600 307 3639 manu
321 3583 476 3657 tetigisset,
487 3582 644 3640 confestim
658 3600 782 3639 sensum
795 3582 936 3639 amittens
949 3583 1125 3652 naturalem,
1139 3584 1272 3640 horribili

123 3670 226 3726 furore
239 3680 269 3727 et
278 3669 388 3728 mentis
401 3671 518 3728 insania
526 3671 584 3726 huc
596 3679 626 3726 et
639 3671 709 3726 illuc
719 3671 904 3728 voluebatur.
938 3670 975 3727 Et
988 3671 1087 3727 statim
1102 3671 1273 3744 egrediens,

123 3767 153 3815 et
165 3759 203 3814 ad
218 3775 301 3814 mare
314 3758 506 3831 perueniens,
518 3760 615 3816 vndas
628 3776 688 3814 non
707 3757 869 3828 abhorruit,
882 3759 938 3816 sed
958 3775 1051 3832 super
1069 3776 1153 3816 mare
1168 3761 1272 3816 aurbu·

123 3847 204 3904 lauit.
241 3847 309 3917 Quo
322 3847 511 3919 pertransito,
525 3865 581 3920 per
593 3856 713 3904 montes
726 3856 756 3904 et
768 3848 862 3904 valles
879 3847 1079 3920 fruticosaque
1093 3847 1157 3902 loca
1171 3865 1272 3904 curre-

123 3936 183 4003 bat,
195 3943 227 3991 et
238 3951 345 3991 versus
360 3934 541 4003 Meneuiam,
554 3935 603 3992 vbi
617 3944 740 3991 sanctus
751 3934 847 3991 Dauid
861 3935 965 3992 sedern
981 3935 1118 4002 habebat,
1132 3951 1271 4006 pergens,
1285 3951 1319 4003 4ο

122 4021 202 4078 victu
212 4020 309 4078 ferino
318 4023 506 4092 vescebatur,
517 4023 626 4079 herbas
639 4031 669 4080 et
681 4023 799 4080 radices
812 4023 1008 4079 comedendo.
1046 4021 1171 4095 Septem
1183 4023 1272 4079 annis

123 4125 240 4165 moram
265 4109 352 4180 fecit;
381 4109 465 4166 cuius
490 4109 542 4182 pili
567 4111 648 4166 velut
672 4111 703 4166 in
729 4110 817 4167 bruto
842 4126 952 4182 corpus
975 4125 1071 4181 vsque
1093 4110 1131 4166 ad
1153 4109 1272 4181 plantas

122 4197 273 4270 tegebant.
312 4197 444 4255 Peractis
464 4215 538 4255 vero
558 4207 675 4272 septem
694 4199 791 4268 annis,
810 4198 840 4255 in
861 4206 995 4256 mentem
1017 4196 1112 4254 sancti
1133 4197 1272 4270 Kynedi⁶

122 4331 312 4449 &app-edric.
388 4331 537 4396 ¹E.aripe.
623 4332 680 4384 ’so
692 4334 736 4396 T.;
754 4333 783 4385 Ε.
798 4341 881 4384 tecum
894 4341 933 4383 est
945 4332 1022 4383 euim.
1097 4331 1271 4396 ‘Equidem
