3008 4904
276 319 295 374 2
301 321 345 396 5²
585 299 718 386 noua
742 294 932 399 lituum
956 294 1108 399 ungit.

309 497 418 559 llLect
437 497 465 556 ii.
505 485 608 556 Nocte
630 499 768 571 quadam,
788 515 857 555 cum
875 497 1009 555 Thomas
1031 498 1167 566 clericus,
1185 515 1290 568 sanus,
1312 507 1346 554 vt
1369 495 1419 554 sibi

271 585 438 654 videbatur,
459 595 490 642 et
512 586 670 643 incolumis
691 603 725 642 se
745 586 847 659 sopori
868 585 1011 655 dedisset,
1033 586 1131 642 subito
1154 585 1305 659 euigilans
1331 585 1419 643 sensit

272 673 398 732 alteram
423 674 525 730 tibiam
550 673 710 731 contractis
735 673 839 730 nemus
863 675 901 730 ad
925 673 1092 746 posteriora
1120 683 1285 742 curuatam,
1314 673 1418 730 necin

274 771 386 820 rectam
406 779 497 835 posse
515 761 637 818 reflecti
675 761 722 818 Ex
741 761 807 833 ipsa
826 778 899 834 ergo
917 770 1002 834 parte
1021 761 1060 818 de
1079 760 1177 818 certo¹
1192 762 1300 818 baculo
1314 779 1349 818 se
1361 775 1420 816 sus·

244 857 403 918 ntentans,
428 848 575 906 triduanis
599 851 722 907 tandem
748 849 932 906 orationibus
953 849 992 904 ob
1013 865 1101 921 spem
1122 848 1227 905 salutis
1246 867 1304 906 sue
1324 863 1419 904 monu-

274 947 410 993 mentum
421 936 585 994 venerandi
599 937 729 1010 presulis
738 935 876 994 visitauit.
915 937 1009 993 Nocte
1020 953 1094 992 vero
1106 937 1165 992 diei
1178 936 1267 992 tertie
1281 937 1369 992 visus
1381 945 1421 990 est

273 1022 449 1082 Osmundus
469 1024 525 1081 sibi
537 1025 569 1080 in
582 1022 698 1081 somnis
715 1041 871 1097 apparere,
884 1023 1137 1096 apprehensoque
1150 1023 1230 1079 illius
1242 1025 1327 1096 pede
1339 1039 1420 1080 crura

273 1119 303 1167 et
322 1112 471 1185 poplites¹
493 1128 656 1170 neruorum
675 1111 863 1168 restrictione
885 1111 1030 1168 dissoluta
1052 1112 1090 1167 ad
1111 1111 1274 1184 pristinum
1301 1111 1421 1166 modum
1472 1163 1473 1166 ,

274 1197 389 1256 sortiter
402 1199 556 1256 reclinare.
595 1198 685 1256 Mane
701 1207 802 1256 autem
820 1199 905 1267 iacto,
919 1215 1047 1255 cernens
1059 1215 1093 1256 se
1105 1197 1232 1254 clericus
1243 1197 1421 1270 'plerussime
1473 1169 1474 1246 i

229 1299 261 1342 to
274 1287 453 1356 restitutum,
467 1287 583 1343 abiecto
603 1285 715 1357 baculo,
729 1295 830 1344 erecto
848 1303 955 1360 gressu
974 1286 1109 1359 procedit
1127 1287 1166 1342 ad
1184 1286 1358 1352 ecclesiam,
1370 1285 1422 1341 deo
1474 1274 1475 1346 i

273 1382 304 1429 et
334 1373 484 1430 liberatori
511 1391 567 1432 suo
591 1373 702 1446 gratias
732 1391 834 1445 agens.
879 1373 967 1430 Alius
996 1373 1121 1446 insuper
1145 1373 1280 1441 clericus,
1309 1370 1420 1445 [etiam]
1475 1378 1476 1432 l

273 1459 407 1518 Thomas
420 1461 549 1533 nomine,
559 1462 636 1518 adeo
649 1460 775 1517 tertiana
789 1460 873 1518 febre
886 1461 937 1517 diu
950 1461 1119 1517 infirmatus
1131 1460 1239 1533 atque³
1251 1459 1422 1517 exinanitus
1476 1484 1477 1516 l

274 1557 330 1618 est,
340 1557 371 1604 vt
385 1567 440 1622 per
448 1566 538 1606 vnam
553 1549 658 1604 horam
671 1556 808 1605 mortuus
820 1557 871 1604 aut
884 1556 1001 1604 mortuo
1013 1547 1119 1604 similis
1131 1547 1253 1622 penitus
1262 1548 1422 1604 videretur.
1477 1587 1478 1602 .

276 1635 360 1709 [Qui]
380 1646 505 1710 repente
523 1638 555 1692 in
575 1652 717 1710 magnum
736 1636 900 1694 clamorem
919 1651 1130 1708 prorumpens,
1149 1636 1271 1692 beatum
1291 1635 1421 1692 Osmun-
1478 1692 1479 1700 ,

230 1737 260 1792 15
275 1723 348 1780 dum
371 1723 450 1782 trina
474 1724 647 1781 recitatione
672 1723 802 1780 nominis
827 1723 984 1780 inuocauit.
1034 1722 1241 1796 Interrogatus
1266 1723 1342 1795 quid
1370 1719 1421 1778 sibi

273 1812 372 1868 visum
403 1820 494 1882 esset,
520 1811 714 1868 ‘Osmundus
744 1810 824 1868 enim
836 1814 855 1881 ⁴,
879 1809 983 1883 inquit,
1007 1827 1076 1866 cum
1101 1810 1227 1884 cuspide
1254 1811 1355 1866 baculi
1379 1807 1421 1865 sui
1479 1798 1480 1804 '

274 1899 375 1954 omnia
394 1916 430 1956 ea
447 1917 506 1972 que
524 1898 689 1956 anhelitum
707 1915 809 1954 meum
828 1898 1041 1971 impediebant,
1059 1900 1180 1964 amouit,
1196 1907 1227 1954 et
1247 1915 1298 1954 me
1315 1899 1377 1955 vite
1395 1905 1423 1952 et
1480 1902 1481 1910 ’

274 1985 393 2042 sanitati
405 1985 550 2044 restituit!

309 2072 418 2134 tltect
437 2075 476 2130 iii.
512 2062 623 2147 Agnes
642 2073 771 2146 quedam
793 2073 1015 2130 adolescentula
1033 2090 1111 2130 noue
1129 2073 1212 2128 vrbis
1221 2072 1240 2142 ⁸,
1261 2091 1333 2130 cum
1353 2072 1422 2129 sorte
1482 2115 1483 2126 .

229 2177 263 2220 ao
274 2163 355 2234 apud
368 2163 490 2218 domum
505 2171 663 2234 parentum
677 2160 707 2217 in
721 2161 801 2218 edito
819 2161 981 2218 constituta
993 2159 1221 2218 festinabunde⁵
1233 2161 1419 2217 descendere
1483 2215 1484 2230 ,

275 2248 433 2317 nitebatur,
455 2249 485 2304 in
507 2250 658 2322 quoddam
683 2257 895 2321 superacutum
916 2265 999 2318 veru,
1020 2248 1080 2304 illic
1101 2247 1191 2304 ante⁷
1214 2247 1423 2320 imprudenter

274 2344 418 2407 erectum,
435 2335 539 2409 ignara
555 2337 621 2405 ruit,
638 2353 672 2392 ac
690 2337 728 2392 de
747 2337 803 2393 sub
816 2335 956 2392 umbilico
968 2353 1024 2408 per
1035 2343 1130 2392 totum
1143 2335 1276 2391 medium
1290 2333 1422 2408 corporis
1484 2325 1485 2348 .

274 2425 312 2479 ad
337 2424 475 2496 scapulas
499 2440 595 2496 vsque
620 2423 749 2482 letaliter
769 2421 921 2496 perforata
945 2423 1139 2496 transfigitur.
1177 2423 1272 2480 Cuius
1294 2425 1422 2494 denique
1485 2426 1486 2452 ¹

275 2520 379 2581 mater,
403 2521 464 2568 tam
490 2511 695 2567 miserandum
720 2511 869 2583 plangens
894 2520 1045 2581 euentum,
1068 2519 1201 2566 extracto
1226 2509 1308 2566 ferro
1334 2509 1423 2568 voluit

230 2618 262 2671 ²⁵
276 2598 367 2654 filiam
392 2599 556 2669 consolari;
580 2599 635 2655 sed
655 2615 716 2654 non
734 2607 799 2654 erat
816 2597 847 2653 in
867 2615 903 2654 ea
922 2597 1096 2671 cuiusquam
1115 2597 1224 2654 iudicio
1244 2613 1359 2656 sensus
1376 2605 1423 2653 aut

275 2685 342 2742 vita.
388 2686 511 2758 lamque
529 2685 671 2742 horrendi
691 2703 780 2742 casus
798 2685 985 2742 immanitate
1003 2702 1126 2742 omnem
1145 2685 1310 2742 humanam
1329 2695 1424 2742 artem

276 2784 306 2830 et
326 2773 478 2846 ingenium
497 2774 672 2842 excedente,
685 2791 793 2830 omnes
811 2773 862 2846 qui
880 2773 1026 2841 astabant,
1039 2773 1174 2829 diuinum
1193 2773 1282 2828 beate
1298 2773 1424 2847 virginis

276 2879 310 2917 ac
331 2860 410 2917 beati
433 2860 582 2917 Osmundi
605 2861 803 2934 patrocinium
825 2861 974 2934 prouoluti
993 2860 1154 2916 interram
1173 2861 1283 2916 deuote
1303 2879 1339 2916 ac
1359 2878 1423 2932 sup

277 2948 394 3022 pliciter
410 2947 596 3004 inuocabant.
635 2947 673 3004 Et
692 2949 768 3005 lacto
787 2965 893 3004 reuera
910 2947 995 3006 breui
1012 2947 1177 3017 interuallo,
1190 2948 1291 3020 puella
1308 2947 1423 3014 reuixit,

231 3059 264 3110 ³0
277 3045 307 3093 et
332 3038 410 3091 intra
434 3035 634 3109 paucissimos
658 3035 724 3092 dies
748 3034 973 3107 integerrimam
999 3037 1156 3092 sanitatem
1185 3035 1308 3106 accepit.
1360 3036 1424 3106 Que

276 3124 417 3181 ammodo
435 3122 562 3196 cupiens
581 3124 658 3180 hanc
677 3139 786 3178 nouam
805 3122 862 3179 sibi
883 3139 1056 3179 concessam
1072 3121 1162 3179 vitam
1182 3121 1337 3179 securiore
1357 3141 1424 3180 con·

277 3211 448 3267 uersatione
468 3210 655 3283 transigere;
674 3219 833 3284 postquam
853 3211 890 3268 ad
909 3209 1102 3283 sepulchrum
1122 3211 1199 3266 beati
1218 3211 1353 3282 presulis
1373 3226 1424 3266 sua

278 3307 308 3354 et
326 3307 484 3372 parentum
496 3307 566 3355 vota
579 3315 635 3370 pro
647 3307 729 3354 tanto
742 3297 886 3354 miraculo
900 3297 1103 3370 persoluisset,
1117 3297 1229 3354 mundo
1243 3297 1425 3354 renuncians

278 3386 356 3460 apud
370 3385 524 3443 Ambrosii
543 3387 670 3458 burgum
687 3385 717 3441 in
732 3385 915 3442 monasterio
932 3385 1108 3442 monialium
1126 3383 1256 3458 septimo
1275 3401 1376 3459 prope
1390 3385 1425 3441 ab

234 3497 265 3550 35
279 3474 386 3530 eadem
399 3475 473 3531 vrbe
486 3473 612 3531 miliario
624 3490 743 3532 sacrum
756 3482 802 3530 est
815 3473 918 3530 induta
929 3473 1076 3530 velamen.

358 3679 382 3746 ll
404 3666 459 3737 Da
476 3694 593 3734 sanem
613 3664 773 3736 Oswnaoo
791 3673 1051 3734 nacararrscoro⁸
1069 3691 1107 3732 ar
1124 3677 1345 3732 coni-assonat

332 3790 450 3847 Anctus
472 3788 554 3846 enim
581 3789 741 3846 Oswaldus
765 3788 1010 3862 archiepiscopus
1020 3787 1050 3856 ¹⁰,
1069 3787 1254 3844 nobilissima
1279 3791 1427 3862 progenie

369 3887 461 3948 ortus,
474 3877 603 3949 eleganti
616 3876 712 3933 lomna
724 3877 837 3934 enituit.
875 3877 933 3932 llic
946 3893 1022 3949 puer
1032 3874 1135 3943 lactus,
1148 3875 1281 3948 pueriles
1295 3877 1428 3949 ineptias

278 3966 422 4035 deuitare,
435 3966 514 4022 etad
529 3965 693 4022 sanctitatis
705 3982 798 4038 opera
810 3964 1009 4037 semetipsum
1022 3962 1183 4019 informare
1194 3963 1282 4036 cepit.
1321 3963 1428 4023 Frater

312 4088 390 4139 ¹513.
402 4095 498 4138 cetero.
571 4086 627 4138 ²13.
641 4087 764 4151 poplices.
837 4085 917 4137 ⁸513.
928 4093 962 4135 et.
1028 4085 1105 4136 ‘om
1118 4085 1207 4136 inSB.
1275 4083 1333 4137 ⁸E.
1348 4088 1429 4138 orbis

277 4153 337 4203 ‘al
349 4154 536 4204 festinabunda.
619 4151 782 4202 ²E.autem.
859 4152 914 4202 ⁸T.
928 4153 1061 4215 episcopo.
1125 4151 1200 4200 'Ed
1213 4151 1283 4200 inA.
1296 4151 1346 4202 SS.
1359 4152 1429 4202 Bou.

280 4219 354 4270 Febr.
368 4219 416 4270 lll.
428 4235 454 4282 p.
467 4223 529 4282 7583
547 4218 669 4269 llabillon
684 4217 715 4269 V.
732 4234 795 4280 7²23
811 4219 863 4268 and
880 4217 979 4268 Surius.
1013 4217 1037 4266 lt
1052 4218 1075 4266 is
1089 4217 1212 4278 abridged
1229 4217 1294 4265 irom
1310 4218 1356 4266 the
1368 4217 1430 4268 Vita

278 4285 443 4400 RYTMW
459 4286 600 4348 (Wharton
618 4285 652 4336 11.
672 4286 741 4351 191),
758 4285 820 4336 who
836 4285 960 4347 abridged
977 4284 1034 4334 that
1053 4283 1079 4332 in
1098 4281 1154 4334 tls.
1172 4283 1241 4334 Cott.
1260 4282 1332 4333 Nero
1353 4283 1384 4336 E.
1407 4300 1429 4336 1.

337 4365 501 4416 ‚episcopa
