3062 4888
102 303 248 356 nsnm.
261 318 324 368 240:
342 304 515 370 udum-r
567 283 646 375 st.
670 285 854 386 ilutttutt.
1187 312 1259 384 543

102 489 180 546 inter
197 489 352 546 vendentes
368 499 397 546 et
415 500 541 547 ementes
557 508 609 562 pro
623 490 813 548 mercimoniis
830 489 926 548 usibus
945 489 1077 547 humanis
1094 488 1260 546 necessariis

103 575 176 630 dare
199 584 228 630 et
252 573 388 644 accipere.
426 574 509 630 Datis
534 575 618 644 igitur
641 586 669 630 et
693 576 816 646 acceptis
838 574 967 647 pecuniis
991 592 1070 631 more
1094 573 1260 641 institorum,

102 657 326 713 monachicum
351 656 473 729 reliquiis
496 659 566 713 sacri
593 659 716 730 corporis
746 660 836 715 sancti
861 659 978 714 lurmini
1003 659 1121 714 redeunt
1145 665 1262 712 ouanter

103 741 146 796 ad
158 740 358 796 monasterium
372 741 467 796 Sancti
483 741 637 797 Edmundi.
674 742 784 811 Quibus
803 743 928 816 reliquiis
948 752 1095 798 noctanter
1114 740 1143 795 in
1163 757 1262 796 secura

104 824 238 880 custodia
250 824 350 896 positis
361 834 390 879 et
406 841 471 879 cum
488 825 565 879 omni
582 825 745 882 reuerencia
764 837 792 881 et
809 826 964 882 deuocione
983 825 1151 881 custoditis:
1171 824 1289 896 primas

104 911 170 964 luce
188 907 331 978 sequentis
353 907 409 962 diei
432 908 518 963 nichil
539 909 575 964 de
599 909 724 980 reliquiis
745 909 832 965 sacris
853 909 893 965 ibi
915 919 1055 980 repertum
1075 918 1127 964 est.
1162 907 1262 963 Admi-

106 1001 204 1046 rantes
217 991 301 1060 igitur
315 990 450 1047 Monachi
467 992 505 1046 ad
521 991 722 1048 monasterium
740 992 777 1047 de
795 993 933 1048 Bliborwe
949 993 1075 1060 redeunt,
1088 994 1125 1048 de
1139 990 1262 1063 reliquiis

107 1074 207 1131 Sancti
217 1073 332 1130 lurmini
341 1075 515 1144 questionem
528 1075 642 1132 faciunt.
679 1076 788 1148 Quibus
800 1077 837 1131 ab
851 1075 1084 1132 inhabitatoribus
1096 1092 1261 1146 responsum

107 1169 162 1227 est,
181 1157 220 1212 ibi
241 1167 370 1213 sanctum
391 1157 546 1213 lurminum
567 1176 688 1230 pausare
708 1177 763 1230 quo
783 1160 916 1227 decreuit,
935 1160 1004 1217 dum
1025 1159 1139 1226 vixerat,
1159 1158 1261 1228 imper-

106 1251 227 1312 petuum
243 1241 382 1296 collocari.
419 1241 503 1297 Datis
518 1242 602 1313 igitur
619 1253 648 1299 et
665 1243 856 1314 multiplicatis
873 1243 1036 1300 muneribus
1055 1259 1156 1314 corpus
1172 1240 1261 1298 sancti
1276 1249 1307 1286 10

109 1323 228 1380 lunnini
251 1325 376 1380 secunda
397 1324 459 1381 vice
483 1327 521 1381 ad
545 1326 748 1382 monasterium
775 1328 871 1384 Sancti
897 1325 1041 1384 Edmundi
1067 1344 1132 1382 cum
1155 1327 1263 1382 honore

108 1409 235 1464 defertur
247 1417 277 1463 et
296 1407 325 1463 in
341 1409 462 1465 ecclesia
481 1410 643 1465 monasterii
664 1411 782 1482 predicti
805 1411 945 1468 solicicius
965 1409 1127 1466 custoditur.
1164 1408 1262 1465 Multi·

109 1491 267 1564 plicacione
278 1508 426 1547 munerum
437 1503 467 1548 et
480 1492 660 1562 diligentibus
673 1493 776 1564 vigiliis
789 1495 992 1552 monachorum
1007 1510 1063 1548 non
1076 1494 1262 1560 obstantibus,

109 1577 148 1631 ad
168 1574 316 1646 pristinum
337 1577 430 1632 locum
449 1576 484 1631 de
503 1577 641 1632 Bliborwe
660 1577 760 1634 iterato
778 1578 861 1634 rediit
883 1587 997 1632 sanctus
1024 1576 1164 1632 lurrninus
1189 1577 1262 1632 clam

109 1659 259 1715 monachis
276 1658 473 1714 nescientibus.
509 1659 611 1714 Tereia
627 1660 689 1716 vice
707 1660 761 1716 iter
778 1660 914 1731 arripiunt
933 1660 1065 1715 monachi
1086 1677 1183 1716 versus
1205 1660 1262 1715 Bli·
1278 1669 1307 1722 15

110 1745 213 1812 borne,
225 1741 395 1798 admirantes
408 1743 444 1799 de
457 1742 569 1798 insolito
581 1744 656 1799 lacto
671 1745 753 1814 quale
770 1760 915 1816 nunquam
932 1751 998 1798 ante
1015 1744 1068 1798 hec
1085 1753 1211 1813 tempora
1227 1745 1262 1798 ab

110 1826 250 1898 aliquibus
263 1827 427 1883 mortalibus
440 1827 529 1882 luerat
541 1827 633 1883 visum
645 1828 690 1883 vel
704 1827 840 1883 auditum.
876 1827 932 1882 Vbi
946 1835 1116 1883 conuentum
1130 1836 1174 1881 est
1192 1827 1264 1881 inter

110 1911 268 1966 monachos
280 1910 423 1966 burienses
435 1919 463 1964 et
475 1908 593 1966 ecclesie
606 1910 642 1965 de
656 1910 793 1966 Bliborwe
809 1910 950 1982 presidem
963 1927 997 1964 ac
1010 1907 1184 1964 consiliarios
1197 1925 1263 1964 suos

111 1993 271 2063 secretales,
294 1991 370 2065 quod
391 2009 492 2063 eorpus
516 1993 606 2050 sancti
630 1993 745 2050 lurmini
766 2005 916 2065 poneretur
934 1993 962 2048 in
984 1993 1065 2048 lance
1083 1991 1213 2058 bilanxis,
1233 2002 1262 2047 et

111 2079 202 2134 altera
213 2079 277 2132 lanx
290 2077 451 2147 impleretur
462 2076 587 2147 pecuniis
600 2094 745 2149 quousque
757 2094 857 2148 corpus
871 2075 962 2133 sancti
976 2075 1092 2131 lurmini
1104 2087 1133 2131 et
1145 2075 1263 2146 pecunie
1278 2091 1309 2128 ao

111 2161 282 2233 coequaliter
306 2160 501 2230 ponderarent
544 2162 594 2216 Set
623 2160 651 2214 in
676 2170 781 2231 quanto
805 2160 937 2217 monachi
961 2159 1105 2215 burienses
1129 2159 1263 2230 pecunias

111 2244 280 2317 ponderales
292 2243 554 2315 multiplicauertmt,
568 2243 596 2298 in
608 2253 688 2299 tanto
701 2261 804 2314 corpus
815 2244 891 2300 beati
905 2243 1022 2299 lurmini
1034 2243 1124 2299 maius
1135 2241 1143 2272 ¹
1156 2243 1263 2314 ponde·

112 2345 207 2384 rosum
225 2344 256 2383 se
269 2327 421 2383 reddebat:
440 2328 523 2394 vnde,
536 2327 663 2383 mirabile
680 2328 777 2384 auditu
795 2339 823 2384 et
841 2326 994 2383 mirabilius
1013 2326 1123 2394 intuitu,
1138 2326 1263 2382 unanimi

112 2428 234 2468 assensu
251 2413 454 2466 monachorum
470 2410 644 2467 buriencium
660 2422 688 2468 et
704 2411 866 2469 clericorum
884 2411 1112 2467 bliborwencium
1132 2419 1264 2482 ceperunt

116 2496 233 2551 modum
247 2495 275 2550 in
292 2495 367 2550 lacto
384 2512 436 2549 suo
452 2495 655 2565 retrogradum,
672 2495 860 2551 diminuentes
878 2495 1013 2567 paulatim
1029 2494 1163 2566 pecunias
1176 2511 1263 2566 usque
1279 2513 1309 2564 ²5

113 2580 152 2634 ad
171 2579 271 2649 equale
285 2577 396 2650 pondus
412 2579 486 2634 oboli
499 2589 527 2635 et
540 2577 721 2650 quadrantis²
733 2579 880 2648 anglicane
891 2589 1021 2635 monete:
1040 2589 1069 2635 et
1082 2579 1122 2634 ita
1133 2595 1168 2634 ex
1180 2588 1264 2648 pacto

112 2661 245 2734 primarie
263 2660 437 2718 condicionis
455 2662 591 2718 remansit
611 2679 711 2733 corpus
733 2680 797 2718 cum
814 2663 960 2718 monachis
980 2663 1009 2717 in
1029 2661 1148 2718 ecclesia
1167 2660 1262 2717 Sancti

113 2745 268 2813 Edmundi,
280 2757 309 2802 et
327 2745 365 2802 ibi
378 2756 420 2802 est
433 2747 598 2802 translatum
611 2746 649 2801 ad
666 2745 711 2802 dei
725 2747 860 2803 honorem
875 2757 904 2802 et
921 2747 1010 2803 sancti
1029 2745 1144 2802 lunuini
1159 2745 1263 2815 glorifi-

113 2847 268 2886 canonem.

113 2970 142 3023 p.
155 2949 229 3022 8o8.]
300 2951 325 3006 8.
351 2952 401 3006 Dr.
419 2963 539 3008 sanem
559 2955 729 3008 Dammana
749 2964 880 3008 vincins
900 2965 940 3007 ar
957 2963 1130 3008 uouncrrn:
1158 2961 1192 3004 m

485 3047 692 3092 snucrrnooro
712 3033 896 3092 loannu1s³.

118 3136 247 3244 Sancta
260 3134 338 3206 uirgo
350 3136 493 3203 Derithea,
503 3153 557 3207 que
570 3136 625 3192 alio
635 3136 748 3192 nomine
759 3135 834 3192 itta*
843 3145 964 3202 vocatur,
975 3151 1039 3189 cum
1049 3133 1161 3189 cuidam
1170 3131 1263 3203 gentili
1278 3142 1310 3191 ³0

181 3218 327 3290 copulari⁸
348 3219 462 3276 deberet
483 3220 643 3276 consentire
664 3219 762 3288 noluit,
782 3231 809 3276 et
830 3219 876 3275 vix
897 3219 1044 3290 impetrata
1065 3234 1082 3272 a
1103 3217 1265 3287 parentibus

114 3303 244 3371 licencia,
269 3302 415 3359 cenobium
442 3303 606 3359 monialium
633 3303 756 3372 intrauit,
781 3314 809 3359 et
834 3304 925 3359 triduo
949 3319 983 3357 ex
1010 3300 1211 3357 consuetudine
1236 3299 1265 3354 in

116 3405 151 3444 eo
175 3386 315 3444 ieiunauit.
352 3385 404 3442 Cui
427 3387 532 3443 demon
556 3403 696 3459 apparens
719 3387 807 3443 dixit:
833 3388 924 3442 ‘Rem
947 3385 1052 3441 malam
1076 3385 1212 3457 disponis,
1236 3397 1265 3440 et

116 3471 141 3527 si
167 3471 221 3527 hoc
245 3471 419 3541 propositum
441 3470 478 3526 ad
503 3471 633 3527 ellectrun
659 3471 779 3537 duxeris,
799 3471 970 3526 aduersabor
990 3468 1040 3525 tibi
1066 3467 1094 3523 in
1117 3468 1265 3524 omnibus!

117 3557 156 3610 Et
176 3555 240 3610 illa:
269 3553 425 3609 ‘Dominus
449 3553 535 3610 michi
560 3553 671 3610 adiutor
690 3565 733 3610 est
755 3564 782 3610 et
804 3553 933 3609 dominus
953 3551 1124 3609 illuminacio
1147 3569 1212 3607 mea
1237 3559 1266 3607 et
1279 3559 1310 3610 3⁵

117 3639 194 3694 salus
215 3654 295 3693 mea:
324 3653 408 3708 quern
429 3637 569 3694 timeboi'
614 3639 718 3693 lterum
743 3635 871 3708 apparuit
895 3635 921 3692 ei
946 3636 1085 3702 diabolus,
1106 3635 1267 3690 minabatur

116 3721 215 3778 oculos
229 3719 290 3775 eius
307 3735 456 3776 excecare:
476 3731 519 3777 set
531 3721 578 3776 illa
592 3721 735 3777 confidens
753 3721 781 3775 in
798 3719 913 3775 domino
931 3720 1021 3775 hostis
1039 3718 1181 3774 maliciam
1200 3735 1265 3773 con·

117 3802 241 3875 tempsit
276 3805 404 3875 Cumque
416 3804 494 3874 uirgo
505 3814 615 3861 vestem
629 3813 756 3858 sanctam
769 3803 930 3874 susciperet,
944 3803 1047 3857 demon
1059 3801 1177 3872 lapides,
1190 3800 1266 3871 ligna

118 3898 148 3944 et
161 3887 251 3944 lutum
264 3885 292 3942 in
309 3904 372 3942 eam
389 3885 515 3958 proiecit.
552 3887 725 3943 Mortalitate
742 3887 857 3942 tandem
877 3885 1043 3941 Hiberniam
1055 3893 1184 3939 vastante
1201 3899 1266 3938 cum

15 4013 16 4040 2
118 3969 198 4027 multi
210 3987 297 4041 agros
312 3981 340 4026 et
351 3969 544 4041 possessiones
557 3969 610 4026 sibi
624 3971 764 4038 offerrent,
776 3969 861 4024 nichil
873 3979 966 4040 preter
980 3965 1036 4039 [lv]
1051 3966 1147 4038 iugera
1162 3966 1265 4022 habere
1278 3978 1312 4028 40

15 4049 16 4054 '
118 4053 215 4110 voluit.
253 4053 431 4110 Paraliticurn
449 4055 565 4122 curauit,
582 4063 610 4110 et
626 4063 705 4108 muto
722 4054 862 4124 loquelam
880 4051 1009 4108 reddidit.
1045 4050 1149 4106 Omnia
1167 4048 1265 4104 mundi

118 4139 202 4195 huius
214 4135 292 4192 lucra
303 4137 384 4208 quasi
394 4137 543 4194 morticina
555 4137 704 4194 abhorruit.
727 4140 737 4204 ΙΙ
758 4136 890 4207 Quodam
901 4135 948 4191 die
963 4135 1100 4190 mundum
1113 4132 1267 4202 sanguineo

152 4249 295 4314 ¹r.magis
404 4248 454 4293 ¹-
486 4249 826 4367 ammtessslnrthings).
935 4247 1024 4298 'Aba
1037 4245 1266 4297 fromaliieother

469 4353 477 4380 ι

119 4316 179 4366 than
192 4315 246 4364 that
257 4315 281 4364 in
294 4315 393 4392 Colgau
404 4317 425 4367 1.

528 4316 555 4367 ll
570 4329 607 4380 15.
618 4316 674 4381 Jan.
787 4313 797 4344 ⁴
813 4313 868 4365 MS.
879 4313 944 4374 icta;
960 4313 996 4364 its
1006 4313 1106 4364 crossed
1116 4318 1162 4362 ont
1172 4311 1264 4362 before.

118 4382 128 4412 ⁸
145 4379 202 4433 MS.
213 4381 331 4446 copulari.
