3052 4896
433 295 509 388 au
533 291 701 383 &entre
726 293 941 390 tumtur.
1193 320 1264 394 509

12 540 14 548 .
113 495 270 573 pinaretur
287 496 431 568 conuiuis,
452 515 605 571 nunquam
627 497 752 555 inferius
772 497 906 556 subsedit
926 497 1043 572 prelixo
1065 497 1152 572 signo
1170 501 1264 571 virge,

12 629 21 648 ,-
113 587 170 644 sed
189 602 312 659 semper
329 586 360 643 in
380 586 473 660 priori
493 586 679 659 plenitudine
697 587 913 658 perseuerauit.
950 587 1098 660 Quodque
1121 585 1264 658 pincerne

112 674 275 731 timuerant
300 673 437 731 conuiuis
461 672 656 742 deiecturum,
677 673 795 730 saciatis
819 673 959 731 omnibus
984 675 1021 730 ad
1046 674 1195 746 integrum
1217 682 1264 730 est

12 809 18 839 ·.
113 772 278 835 repertum.
360 749 444 821 Cum
463 770 563 817 autem
584 761 669 833 virgo
691 769 795 816 sancta
816 761 905 833 longo
925 771 1062 834 tempore
1084 762 1264 818 monasteria

112 850 153 908 de
180 849 298 907 Hortoti
326 859 356 906 et
382 848 535 921 Berkingo
559 848 656 921 equali
680 865 818 904 sororum
847 866 975 906 numero
1000 847 1137 918 rexisset,
1162 849 1292 913 inuidas

11 987 14 992 .
111 937 351 1010 presbiterorum
375 936 498 994 ambitio
523 937 553 992 in
579 935 731 1007 Berlingo
755 945 860 992 contra
884 953 951 993 eam
975 937 1112 1004 surrexit,
1133 947 1163 993 et
1183 937 1263 1009 apud

11 1015 13 1020 ¹
113 1025 251 1097 reginam
277 1024 457 1091 Alstrudem,
482 1022 637 1080 Ethelredi
660 1024 739 1096 regis
762 1033 898 1090 matrem,
920 1023 1059 1097 quatinus
1085 1024 1265 1081 eiicerentur

11 1165 13 1170 .
112 1117 145 1166 et
162 1108 219 1180 ipsi
238 1107 365 1165 ecclesie
384 1107 602 1180 preficerentur
621 1116 756 1179 egerunt.
793 1107 860 1178 Qua
879 1124 956 1176 cum,
975 1107 1129 1164 sororibus
1150 1108 1263 1164 eiulan-

11 1253 14 1260 ,
111 1195 208 1265 tibus,
216 1196 247 1252 in
267 1196 370 1252 limine
389 1194 516 1252 ecclesie
536 1195 721 1261 subsisteret,
734 1195 808 1251 dixit
826 1195 906 1252 clara
917 1213 1007 1252 voce:
1028 1195 1144 1252 ‘Nolite
1159 1194 1166 1226 ¹
1180 1195 1262 1263 llere,

112 1284 170 1340 sed
195 1283 272 1340 sicut
296 1283 404 1340 tradidi
429 1282 523 1352 vobis,
549 1282 591 1338 sic
616 1291 693 1339 state
713 1283 744 1338 in
768 1283 899 1352 domino,
919 1282 1114 1340 charissime:
1141 1284 1263 1357 predico
1279 1303 1309 1337 io

111 1371 199 1428 vobis
212 1373 242 1427 in
256 1371 377 1428 domino
389 1370 459 1443 quia
471 1370 501 1426 in
516 1370 571 1426 hac
588 1370 637 1427 die
650 1379 680 1427 et
700 1370 754 1426 hac
768 1370 834 1443 ipsa
850 1371 940 1426 ianua
952 1387 1011 1443 qua
1023 1388 1102 1427 nunc
1114 1371 1263 1444 egredior,

10 1459 11 1462 ’
111 1467 183 1531 post
199 1458 304 1530 viginti
320 1475 417 1514 annos
435 1459 474 1515 de
493 1457 609 1531 reliquo
625 1457 780 1514 vobiscum
799 1475 997 1531 permansura
1016 1458 1074 1514 buc
1091 1459 1262 1531 regrediar!

112 1545 166 1603 Sic
197 1563 268 1603 suas
297 1546 450 1619 orphanas
481 1545 642 1615 consolata,
667 1545 705 1602 ad
737 1545 947 1602 bereditarium
978 1547 1193 1602 monasterium
1223 1548 1262 1604 de

113 1633 234 1690 Hortor‘i
254 1649 395 1707 pergens,
409 1651 465 1690 nec
484 1634 621 1691 cessabat
637 1643 698 1690 tam
716 1633 857 1690 absentes
869 1650 958 1706 quam
972 1645 1131 1706 presentes
1143 1649 1263 1691 sorores

110 1722 152 1778 ad
171 1739 304 1794 superna
322 1721 429 1794 gaudia
448 1737 552 1777 secum
570 1720 699 1790 trahere,
721 1729 810 1793 atque
828 1721 883 1776 bas
901 1719 1037 1792 alloquiis
1053 1729 1084 1777 et
1104 1721 1261 1794 exemplis,
1278 1739 1306 1790 ¹5

110 1809 180 1866 illas
199 1809 347 1866 mandatis
365 1818 395 1866 et
414 1808 531 1866 nunciis
550 1809 657 1865 crebro
676 1810 850 1865 accendere.
886 1807 1034 1864 Alllrudis
1052 1825 1126 1864 vero
1149 1809 1262 1881 regina,

111 1913 183 1953 cum
204 1895 339 1954 relictum
362 1896 456 1969 ipsius
479 1897 577 1953 locum
597 1895 683 1969 quasi
703 1895 855 1968 propriam
877 1895 1103 1966 possessionem
1124 1895 1262 1969 frequen-

110 1994 217 2055 tasset,
230 1984 328 2058 primo
344 1985 428 2042 clade
447 1993 476 2041 et
495 1993 592 2041 morte
610 1983 820 2050 iumentorum,
834 1981 944 2039 deinde
962 1982 1117 2040 hominum
1130 2001 1261 2054 suorum,

110 2081 144 2130 et
168 2073 298 2130 instante
318 2073 440 2129 demum
467 2083 604 2145 tempore
628 2089 647 2128 a
667 2081 770 2128 sancta
788 2070 903 2143 virgine
927 2070 1103 2144 prophetice
1127 2072 1262 2145 predicto

110 2161 193 2218 letali
212 2161 323 2218 ibidem
341 2160 509 2234 egritudine
522 2159 689 2232 corripitur.
727 2159 781 2216 Cui
797 2160 884 2215 beata
901 2158 1084 2232 Ethelburga
1096 2177 1151 2232 per
1163 2160 1261 2218 visum
1278 2177 1308 2213 20

109 2249 250 2322 apparuit
275 2248 436 2306 miserabili
460 2247 550 2316 cultu,
574 2257 661 2304 veste
686 2263 823 2321 pannosa
847 2256 876 2304 et
900 2247 1061 2315 conscissa,
1082 2247 1155 2304 facie
1180 2265 1261 2321 egra,

110 2337 326 2409 attonitamque
343 2336 397 2392 hac
416 2335 612 2392 deformitatis
632 2334 739 2392 iniuria
758 2334 801 2392 sic
817 2334 925 2391 minaci
941 2335 1075 2408 increpat
1093 2336 1260 2394 sententia:

112 2422 233 2493 ‘Vides,
246 2423 352 2497 inquit,
365 2423 557 2496 ignominiam
571 2423 745 2480 deiectionis
759 2439 835 2487 mee,
847 2431 1053 2480 ornamentum
1067 2422 1161 2496 glorie
1175 2426 1263 2481 mee?

112 2511 182 2569 Wlf
183 2512 295 2568 hildam
314 2521 447 2568 sanctam
461 2511 574 2567 eiecisti
587 2520 617 2567 et
633 2511 664 2567 in
678 2511 743 2568 eius
761 2510 901 2568 diuturna
914 2510 1059 2568 electione
1071 2511 1127 2568 boc
1139 2528 1261 2584 erump-

110 2617 189 2658 noso
209 2599 310 2656 habitu
330 2616 379 2656 me
403 2599 542 2671 squalere
566 2597 670 2656 iecisti.
717 2598 754 2654 Et
775 2615 834 2671 qua
858 2599 957 2656 fronte
976 2607 1113 2655 sanctum
1132 2616 1261 2672 occupas
1275 2617 1305 2668 ²5

110 2686 210 2742 locuni
229 2703 320 2759 quem
333 2703 451 2743 mecum
465 2685 628 2743 desolasti?
665 2685 739 2742 Dico
751 2685 805 2743 tibi
818 2687 898 2759 quod
915 2686 973 2743 nisi
990 2686 1165 2759 quantocius
1177 2685 1260 2743 illam

112 2773 315 2844 reuocaueris,
328 2791 368 2830 ex
380 2773 436 2830 bac
449 2773 623 2830 infirmitate
640 2783 691 2830 tua
705 2791 896 2847 nequaquam
914 2773 1077 2842 sanaberis,
1091 2774 1145 2830 sed
1164 2783 1261 2832 morte

111 2862 268 2919 morieris!
322 2861 434 2934 Sicque
458 2871 562 2918 sancta
584 2861 741 2919 Wll'bildis
766 2871 943 2919 reuocetur:
972 2871 1002 2918 et
1029 2862 1134 2918 eadem
1157 2861 1207 2918 die
1231 2871 1262 2919 et

110 2951 237 3008 eadem'
256 2950 345 3006 ianua
361 2958 393 3006 vt
413 2949 586 3022 predixerat
606 2949 771 3023 excipitur;
793 2958 822 3006 et
840 2947 944 3021 regina
969 2965 987 3004 a
1013 2965 1070 3005 sua
1093 2948 1261 3020 egritudine

109 3037 262 3094 liberatur.
334 3025 432 3110 Virgo
444 3046 547 3094 sancta
566 3047 684 3111 septem
699 3036 787 3094 annis
805 3045 874 3109 post
893 3036 950 3092 hec
962 3035 1044 3104 vixit,
1058 3043 1089 3092 et
1101 3044 1260 3109 utrumque
1275 3052 1307 3102 30

110 3125 326 3182 monasterium
347 3125 434 3182 unica
455 3134 552 3181 mater
571 3134 693 3182 strenue
713 3124 798 3194 rexit,
817 3140 902 3180 amor
923 3131 953 3179 et
971 3123 1107 3192 dulcedo,
1126 3123 1211 3179 sinus
1229 3131 1260 3180 et

109 3212 321 3286 gestatorium·
342 3213 485 3281 omnium,
497 3212 559 3269 vita
575 3212 709 3285 angelica
727 3221 757 3269 et
778 3211 936 3268 dilectione
958 3210 1092 3266 omnium
1112 3211 1203 3266 corda
1221 3211 1260 3266 ad

110 3317 245 3373 superna
263 3299 370 3374 gaudia
387 3301 528 3358 trahens:
548 3300 738 3373 predixitque
757 3317 792 3357 se
810 3300 840 3355 in
853 3298 952 3371 vigilia
970 3298 1064 3354 sancti
1083 3298 1261 3355 Ethelwoldi

110 3388 254 3461 episcopi,
273 3388 330 3445 hoc
349 3396 395 3445 est
414 3388 517 3460 quinto
536 3387 603 3444 idus
621 3387 814 3461 septembris,
832 3387 870 3442 ab
890 3386 945 3443 bac
963 3386 1030 3443 luce
1048 3387 1086 3442 ad
1105 3387 1260 3443 dominum

110 3475 313 3547 migraturam.
351 3475 475 3548 Sepulta
491 3475 609 3532 veroin
629 3476 810 3533 monasterio
826 3476 865 3531 de
884 3474 1043 3546 Berkingo‚
1058 3483 1125 3548 post
1140 3474 1261 3546 triginta
1274 3489 1305 3540 35

109 3579 209 3620 annos
233 3563 349 3635 integra
373 3571 404 3619 et
427 3561 599 3636 incorrupta
623 3581 692 3620 cum
714 3563 848 3621 vestibus
868 3571 987 3635 reperta
1005 3572 1060 3620 est.
1145 3551 1262 3618 Mulier

110 3651 242 3724 quedam
263 3649 417 3707 oculorum
437 3659 467 3706 et
486 3667 645 3723 gressuum
668 3667 775 3708 carens
796 3651 915 3718 auxilio,
936 3650 966 3706 in
989 3649 1116 3706 oratorio
1134 3650 1260 3722 virginis

110 3748 215 3796 sancte
240 3739 279 3794 de
305 3736 422 3794 Hortor'r
443 3738 546 3795 lumen
566 3747 596 3794 et
616 3737 716 3794 visum
738 3738 867 3811 recepit;
889 3747 919 3794 et
935 3747 968 3794 vt
985 3737 1133 3810 reliquum
1153 3737 1260 3794 salutis

110 3826 192 3898 apud
205 3825 389 3896 Berkingum
407 3825 553 3898 reciperet
565 3826 726 3894 admonita,
739 3842 807 3882 cum
821 3825 889 3881 illuc
905 3841 972 3882 cum
990 3824 1161 3880 difficultate
1174 3824 1259 3896 quasi

110 3931 222 3985 repens
246 3913 388 3983 venisset,
413 3913 539 3970 sanitate
564 3923 685 3986 recepta
715 3930 783 3968 cum
808 3912 906 3969 leticia
930 3911 1024 3968 rediit.
1107 3899 1259 3968 Amabilis
1272 3925 1305 3977 40

109 4000 267 4058 Wlibildis
279 4003 311 4056 in
323 4001 396 4058 vrbe
412 3999 634 4057 londoniarum
653 4009 777 4074 propter
795 4009 937 4057 externos
955 3998 1105 4056 exercitus
1123 4017 1190 4055 cum
1203 4017 1259 4056 suo

109 4106 204 4163 grege
224 4097 347 4158 morata,
367 4087 505 4161 migrauit
525 4090 563 4145 ad
583 4089 746 4145 dominum.
792 4087 930 4160 Cumque
950 4104 1060 4160 corpus
1082 4088 1119 4143 ad
1140 4103 1259 4144 monas-

109 4177 219 4234 terium
240 4193 328 4232 suum
348 4176 387 4232 de
405 4176 556 4249 Berkingo
575 4176 750 4246 deferretur,
770 4175 900 4250 quidam,
919 4177 966 4232 cul
984 4184 1088 4232 sancta
1106 4185 1201 4232 mater
1220 4175 1259 4230 ob

224 4357 232 4388 ¹
249 4359 279 4410 T.
294 4359 361 4409 Noli.
475 4359 485 4389 ¹
501 4374 532 4409 so
544 4359 589 4421 T.;
606 4359 635 4410 E.
648 4360 797 4421 eademque.
912 4356 922 4387 ¹
939 4357 968 4407 E.
980 4362 1145 4420 gestatorum.
