3062 4888
269 291 337 364 542
702 262 905 366 81)mest
932 265 984 341 ll.

264 477 292 531 p.
301 458 374 531 ona]
396 472 421 530 ς.
431 460 836 515 Damnarat-laxassent:
850 469 884 513 ru
893 469 1090 516 mammem
1104 459 1261 515 muamus
1271 461 1416 514 Assum

269 573 395 681 Sancta
419 571 564 640 Sexburga
588 571 661 642 regis
687 571 887 642 Estanglorum
911 571 994 626 Anne
1018 571 1069 626 fuit
1094 571 1159 638 filia,
1178 589 1233 643 que
1257 589 1323 628 cum
1346 573 1418 628 ado-

330 655 451 723 leuisset,
465 655 650 710 Ercomberto
666 655 724 724 regi
743 654 894 710 Cantuarie
908 672 926 710 a
942 656 1103 726 perentibus
1118 656 1237 711 traditur
1251 655 1279 710 in
1291 673 1417 710 uxorem.

266 739 390 811 Natique
410 749 474 794 sunt
495 738 549 794 illis
567 738 616 793 filii
635 755 714 809 reges
734 738 874 807 Egbertus
893 748 920 794 et
942 739 1101 804 Lotharius,
1124 738 1180 794 filie
1201 755 1312 810 quoque
1333 755 1419 794 sane

264 821 372 878 tissime
393 822 558 878 Ennenilda
577 831 605 878 et
625 821 807 892 Erkengoda,
829 839 948 894 quarum
970 822 1047 894 prior
1068 823 1162 879 iuncta
1180 832 1223 877 est
1242 822 1418 878 Merciorum

235 933 250 984 5
264 905 322 976 regi
335 907 469 974 Wulieru,
481 923 536 978 que
549 915 677 961 sanctam
694 904 801 977 peperit
813 907 1009 976 werburgam.
1045 907 1143 962 Altera
1160 924 1225 962 vero
1238 906 1304 975 filia,
1316 917 1420 962 sancta

265 989 323 1046 scil.
348 990 520 1060 Erlrengoda
543 989 580 1045 ad
607 989 756 1044 Franciam
780 989 877 1058 missa,
901 991 928 1046 in
953 990 1123 1046 monasterio
1147 1008 1166 1044 a
1186 999 1286 1045 sancta
1307 989 1420 1060 virgine

265 1074 358 1129 Phara
374 1083 534 1130 constructo
551 1073 663 1128 nomine
679 1071 763 1142 Brige
777 1073 909 1129 monialis
923 1083 967 1129 est
985 1073 1093 1129 effecta.
1131 1075 1207 1128 Nam
1227 1090 1262 1128 eo
1280 1084 1421 1144 tempore,

263 1166 316 1212 etc.
330 1156 413 1228 (from
426 1159 494 1213 here
506 1174 584 1212 same
596 1165 653 1212 text
667 1156 695 1211 in
707 1157 755 1212 the
769 1157 902 1212 Narratio
913 1157 950 1213 ad
965 1157 993 1213 S.
1006 1155 1200 1227 sexburgam).

264 1321 291 1374 p.
303 1301 377 1374 ⁶14·]
433 1305 459 1360 6.
484 1304 535 1358 De
553 1315 672 1360 saitem
691 1305 868 1360 Heraeam
887 1315 993 1360 suano
1011 1317 1032 1359 a
1050 1315 1153 1358 aaran
1171 1315 1300 1360 occiso:

573 1389 738 1444 lottnrtrsns
758 1399 792 1442 m
812 1399 1008 1444 usarrtooro
1027 1399 1095 1443 suo.

300 1487 386 1542 Same
398 1496 455 1543 text
467 1504 499 1544 as
512 1488 560 1543 the
574 1487 708 1544 Narratio
720 1489 757 1544 ad
770 1489 976 1544 Weneiredanu

264 1655 290 1708 p.
304 1636 377 1708 764]
415 1650 439 1706 7.
466 1639 515 1693 Da
533 1649 652 1695 sineru
672 1641 818 1696 tonitruo
838 1651 962 1694 sarran
979 1649 1100 1695 sursera
1117 1639 1351 1705 Eranunnsna,

487 1733 646 1786 Qusurrua
665 1735 700 1778 irs
719 1735 865 1778 recussis
885 1723 1002 1778 Sasc‘rr
1022 1721 1188 1778 Enaruunr.

270 1827 424 1936 Imminus
448 1827 529 1882 miles
553 1827 690 1898 egregius,
715 1828 902 1884 Orientalium
926 1827 999 1898 regis
1027 1827 1181 1896 Anglorum
1211 1829 1295 1882 Anne
1323 1828 1420 1882 extitit
1521 1831 1522 1834 ’

221 1931 252 1969 ro
317 1909 409 1980 proles
434 1909 608 1980 magnificus,
634 1927 668 1965 ac
691 1922 789 1966 sancte
814 1910 985 1967 Etheldrede
1012 1911 1130 1965 duorum
1158 1928 1258 1980 regum
1286 1910 1419 1981 coniugis

264 2003 292 2049 et
311 1993 426 2064 virginis
443 1993 471 2048 iu
492 2010 576 2048 euum
596 1993 787 2064 permanentis
807 1995 893 2050 irater
911 2011 1071 2064 gemianus.
1109 1993 1166 2050 Hic
1186 1993 1291 2049 relictis
1310 1996 1419 2062 seculo,

263 2087 350 2148 patre,
368 2077 460 2144 fratre,
480 2093 582 2144 sorore,
601 2093 635 2132 ac
651 2076 728 2148 regio
745 2077 874 2150 palledo,
886 2076 1010 2134 solitarie
1021 2079 1078 2133 vite
1097 2077 1186 2132 cultor
1204 2089 1232 2132 et
1252 2077 1417 2133 heremitica

263 2159 486 2216 conuersacionis
512 2159 692 2230 infatigabilis
717 2173 908 2232 permanserat
932 2171 1079 2216 executor:
1109 2161 1165 2232 qui,
1189 2162 1226 2215 ob
1250 2161 1417 2216 meritorum

264 2261 378 2300 suorum
396 2243 569 2314 exigenciam
589 2244 778 2316 exempcionis
799 2263 848 2300 sue
866 2245 902 2302 de
921 2245 1044 2316 presenti
1062 2245 1120 2298 vita
1138 2260 1260 2312 nequam
1277 2245 1416 2314 prescius,

221 2349 249 2401 ¹5
263 2327 355 2382 locum
377 2329 517 2397 sepulture
539 2327 568 2382 in
592 2328 723 2396 oratorio,
743 2327 899 2384 Bliborwe¹
917 2329 1061 2396 vocabulo,
1083 2327 1136 2383 sibi
1155 2326 1331 2398 peculiariter
1349 2345 1415 2397 pre-

262 2410 356 2480 elegit,
366 2420 394 2465 et
407 2412 575 2480 preelectum
589 2411 646 2466 suis
660 2412 745 2466 sacris
759 2412 920 2482 pignoribus
933 2413 1002 2467 satis
1014 2412 1122 2466 celebre
1132 2409 1274 2466 decorauit
1281 2409 1300 2478 ¹,
1313 2428 1347 2466 ac
1360 2414 1415 2468 sub

263 2493 455 2549 obtestacione
470 2493 566 2548 diuina
581 2496 706 2550 essencie
724 2494 881 2566 precipiens
892 2507 922 2551 vt
938 2495 1031 2550 nullus
1047 2493 1206 2549 mortalium
1224 2495 1332 2550 iuturus
1346 2497 1416 2551 reli-

263 2576 342 2648 quias
355 2576 396 2630 sui
411 2576 481 2631 sacri
494 2577 619 2647 eorporis
632 2595 650 2632 a
666 2579 729 2633 loco
747 2581 886 2649 sepulture
905 2595 953 2633 sue
969 2577 1095 2649 primitus
1107 2577 1198 2632 electo
1216 2587 1243 2632 et
1256 2578 1339 2634 adeo
1358 2579 1415 2634 sibi

263 2675 405 2728 concesso,
430 2658 530 2731 quouis
558 2660 645 2715 modo
675 2679 787 2716 mouere
817 2670 1006 2733 attemptaret.
1044 2663 1092 2716 Set
1122 2677 1292 2732 quamquam
1318 2663 1415 2732 sepius

219 2763 251 2802 ro
263 2751 423 2798 sanctorum
443 2743 560 2799 deuocio
578 2744 716 2815 aliquibus
737 2745 805 2800 locis
825 2745 941 2816 priuatis
963 2745 998 2800 sit
1018 2744 1158 2812 affectata,
1177 2755 1207 2798 vt
1227 2744 1304 2799 nullo
1325 2747 1415 2801 modo

263 2827 349 2883 velint
369 2827 470 2896 exponi
489 2845 507 2882 a
523 2827 665 2898 primitiuo
680 2829 833 2900 proposito,
849 2839 943 2885 tamen
964 2829 1027 2884 talis
1045 2828 1160 2884 affeccio
1177 2827 1416 2898 subintelligenda

262 2919 306 2967 est
329 2911 359 2966 in
383 2911 477 2968 diuine
502 2912 654 2968 voluntatis
678 2911 875 2984 disposicione.
915 2910 1016 2968 ’Vnde
1046 2911 1161 2981 contigit
1185 2923 1215 2966 vt
1239 2911 1415 2982 temporibus

263 2995 365 3051 Canuti
386 2995 460 3066 regis
483 2997 637 3064 Danorum,
658 2995 747 3051 tocius
768 2997 846 3065 regni
869 2995 973 3066 Anglie
993 2995 1191 3066 conquestoris,
1211 2995 1342 3050 monachi
1362 3013 1416 3066 per

262 3080 383 3135 eundem
406 3082 547 3136 canutum
571 3079 678 3137 clericis
701 3079 872 3134 secularibus
897 3079 1017 3150 expulsis
1040 3079 1199 3146 introducti,
1220 3078 1318 3133 diuino
1341 3091 1415 3135 nutu

220 3185 249 3236 ²⁵
262 3162 390 3234 inspirati
408 3181 503 3234 regem
521 3165 662 3219 Canutum
681 3164 785 3218 adeunt
803 3161 880 3218 illum
896 3163 1080 3234 deprecantes
1098 3161 1229 3234 quatinus
1245 3163 1415 3220 auctoritate

262 3263 313 3300 sua
332 3246 469 3316 imperiali
482 3247 586 3302 suffulti
603 3247 698 3302 liceret
714 3246 755 3302 eis
771 3263 853 3302 sacra
869 3246 985 3318 pignera
999 3246 1090 3301 sancti
1107 3245 1274 3301 confessoris
1293 3246 1414 3302 lurrnini

261 3328 299 3382 ad
318 3329 517 3384 monasterium
534 3329 648 3400 gloriosi
668 3329 740 3400 regis
759 3341 787 3386 et
805 3329 926 3386 martiris
945 3329 1034 3385 sancti
1053 3329 1206 3396 Edmundi,
1224 3328 1302 3384 cuius
1321 3329 1414 3384 extitit

260 3410 393 3466 fundator
411 3423 439 3467 et
455 3423 598 3483 patronus,
618 3416 767 3470 transferre
785 3423 813 3468 et
829 3415 964 3468 translata
982 3413 1068 3481 digno
1086 3429 1150 3467 cum
1168 3412 1274 3468 bonore
1293 3411 1322 3467 in
1339 3415 1415 3468 erni·

261 3494 384 3550 nenciori
399 3496 461 3551 loco
473 3495 546 3554 illius
557 3497 672 3554 basilice
687 3497 832 3554 collocare.
869 3498 994 3567 Quorum
1011 3497 1195 3552 deuocionem
1209 3513 1257 3550 rex
1271 3495 1415 3552 attencius

218 3601 250 3651 30
261 3578 443 3649 prospiciens,
460 3597 516 3634 non
535 3582 625 3636 solum
644 3581 775 3652 peticioni
794 3581 994 3636 monachorum
1013 3597 1158 3635 assensum
1178 3579 1295 3649 prebuit,
1312 3595 1414 3636 verum

262 3661 352 3716 eciam
373 3663 539 3719 auctoritate
560 3662 697 3734 imperiali
718 3681 767 3719 eos
789 3663 942 3719 fortificans
963 3661 1091 3734 apicibus
1115 3661 1198 3732 regiis
1221 3661 1414 3720 auctoriaauit.

261 3747 439 3803 Accedentes
462 3748 544 3816 igitur
568 3746 668 3818 prelati
692 3747 822 3803 monachi
845 3747 883 3802 ad
902 3746 1052 3801 oratorium
1079 3745 1224 3812 Bliborwe,
1246 3745 1357 3800 custodi
1383 3757 1414 3803 et

262 3831 395 3886 ministris
417 3831 489 3886 illius
511 3831 629 3886 ecclesie
653 3846 772 3886 causam
794 3831 936 3886 aduentus
960 3829 1003 3884 sui
1027 3839 1177 3900 exponunt,
1199 3827 1293 3884 literas
1316 3828 1414 3898 regias

261 3914 355 3984 palam
368 3915 570 3981 demonstrant,
583 3923 610 3969 et
623 3913 755 3985 reliquias
766 3913 879 3984 gloriosi
893 3911 1061 3968 confessoris
1073 3921 1234 3984 exposcunt.
1267 3912 1414 3968 Prefectus

217 4018 248 4070 35
261 4009 355 4053 autem
373 3996 490 4068 predicti
509 3997 621 4052 oratorii
641 3999 678 4053 de
698 3997 835 4052 Bliborwe
854 4007 883 4053 et
897 3997 1031 4052 officiales
1049 3997 1091 4051 sui
1111 3995 1251 4066 preceptis
1267 3995 1413 4064 regalibus

260 4081 387 4151 apicibus
400 4081 458 4137 suis
469 4081 631 4152 patentibus
644 4099 700 4136 nou
713 4079 793 4136 aliter
811 4081 1005 4153 adquiescunt,
1018 4079 1072 4134 nisi
1090 4079 1164 4135 datis
1180 4079 1343 4133 muneribus
1358 4096 1413 4149 pro

261 4164 384 4236 reliquiis
403 4163 517 4235 gloriosi
537 4164 706 4221 confessoris
730 4164 846 4220 lurmini
865 4183 899 4220 ex
918 4174 1015 4218 mutua
1034 4163 1232 4230 conuencione,
1250 4161 1321 4218 sicut
1339 4163 1412 4218 solet

295 4287 305 4316 ¹
321 4288 440 4353 Bliburgh
452 4304 482 4338 or
493 4287 650 4350 Blidebureh,
663 4289 687 4338 in
699 4290 740 4340 the
752 4288 865 4340 hundred
877 4290 906 4339 oi
915 4288 1042 4354 Blything,
1054 4303 1092 4338 co.
1104 4287 1208 4338 Suliollr.
1341 4283 1352 4314 ¹
1367 4285 1411 4337 ct.

263 4351 329 4402 Hist.
342 4353 434 4402 Eliens.
447 4354 468 4404 1.
481 4365 503 4418 7.
583 4357 593 4386 ³
609 4355 650 4406 Ci.
663 4355 723 4406 Vlta
734 4355 860 4405 Edmundi
872 4370 923 4420 reg.
934 4361 961 4404 et
972 4361 1045 4404 murt.
1057 4353 1082 4403 in
1094 4353 1148 4404 MS.
1161 4353 1233 4403 Bodl.
1248 4365 1303 4416 240,
1316 4368 1342 4417 p.
1351 4351 1410 4416 605.
