<?xml version="1.0" encoding="UTF-8"?>
<!DOCTYPE html PUBLIC "-//W3C//DTD XHTML 1.0 Transitional//EN"
    "http://www.w3.org/TR/xhtml1/DTD/xhtml1-transitional.dtd">
<html xmlns="http://www.w3.org/1999/xhtml" xml:lang="en" lang="en">
 <head>
  <title>
</title>
<meta http-equiv="Content-Type" content="text/html;charset=utf-8" />
  <meta name='ocr-system' content='tesseract 3.04.00' />
  <meta name='ocr-capabilities' content='ocr_page ocr_carea ocr_par ocr_line ocrx_word'/>
</head>
<body>
  <div class='ocr_page' id='page_1' title='image "./novalegendaangl00wordgoog/novalegendaangl00wordgoog_0606.png"; bbox 0 0 3062 4888; ppageno 0'>
   <div class='ocr_carea' id='block_1_1' title="bbox 94 304 1247 409">
    <p class='ocr_par' dir='ltr' id='par_1_1' title="bbox 94 304 1247 409">
     <span class='ocr_line' id='line_1_1' title="bbox 94 304 1247 409; baseline 0.003 -17"><span class='ocrx_word' id='word_1_1' title='bbox 94 340 237 393; x_wconf 66' lang='lat' dir='ltr'>usam.</span> <span class='ocrx_word' id='word_1_2' title='bbox 251 340 319 407; x_wconf 60' lang='lat' dir='ltr'>aar</span> <span class='ocrx_word' id='word_1_3' title='bbox 362 307 437 400; x_wconf 70' lang='lat' dir='ltr'>Dc</span> <span class='ocrx_word' id='word_1_4' title='bbox 453 304 512 396; x_wconf 57' lang='grc' dir='ltr'>ὲ.</span> <span class='ocrx_word' id='word_1_5' title='bbox 530 307 748 394; x_wconf 67' lang='lat' dir='ltr'>armanno</span> <span class='ocrx_word' id='word_1_6' title='bbox 764 319 858 408; x_wconf 77' lang='lat' dir='ltr'>taus</span> <span class='ocrx_word' id='word_1_7' title='bbox 876 312 915 392; x_wconf 80' lang='lat' dir='ltr'>st</span> <span class='ocrx_word' id='word_1_8' title='bbox 931 312 1122 409; x_wconf 72' lang='lat' dir='ltr'>matun.</span> <span class='ocrx_word' id='word_1_9' title='bbox 1176 329 1247 406; x_wconf 88' lang='lat'>597</span> 
     </span>
    </p>
   </div>
   <div class='ocr_carea' id='block_1_2' title="bbox 96 508 1299 4298">
    <p class='ocr_par' dir='ltr' id='par_1_2' title="bbox 96 508 1276 995">
     <span class='ocr_line' id='line_1_2' title="bbox 96 508 1249 581; baseline 0.003 -17"><span class='ocrx_word' id='word_1_10' title='bbox 96 508 210 564; x_wconf 86' lang='lat' dir='ltr'>modica</span> <span class='ocrx_word' id='word_1_11' title='bbox 234 510 416 580; x_wconf 87' lang='lat' dir='ltr'>suppellectili</span> <span class='ocrx_word' id='word_1_12' title='bbox 441 527 491 580; x_wconf 91' lang='lat' dir='ltr'>pro</span> <span class='ocrx_word' id='word_1_13' title='bbox 515 527 611 566; x_wconf 87' lang='lat' dir='ltr'>amore</span> <span class='ocrx_word' id='word_1_14' title='bbox 635 509 680 565; x_wconf 92' lang='lat' dir='ltr'>dei</span> <span class='ocrx_word' id='word_1_15' title='bbox 702 509 794 581; x_wconf 91' lang='lat' dir='ltr'>peciit.</span> <span class='ocrx_word' id='word_1_16' title='bbox 830 508 939 566; x_wconf 82' lang='lat' dir='ltr'>Abnuit</span> <span class='ocrx_word' id='word_1_17' title='bbox 959 511 1100 580; x_wconf 81' lang='lat' dir='ltr'>sacerdos,</span> <span class='ocrx_word' id='word_1_18' title='bbox 1119 511 1249 568; x_wconf 86' lang='lat' dir='ltr'>homines</span> 
     </span>
     <span class='ocr_line' id='line_1_3' title="bbox 97 592 1250 664; baseline 0.003 -18"><span class='ocrx_word' id='word_1_19' title='bbox 97 592 211 661; x_wconf 90' lang='lat' dir='ltr'>ignotos</span> <span class='ocrx_word' id='word_1_20' title='bbox 230 592 355 664; x_wconf 91' lang='lat' dir='ltr'>hospicio</span> <span class='ocrx_word' id='word_1_21' title='bbox 376 593 499 664; x_wconf 89' lang='lat' dir='ltr'>recipere</span> <span class='ocrx_word' id='word_1_22' title='bbox 519 595 694 648; x_wconf 88' lang='lat' dir='ltr'>detrectans:</span> <span class='ocrx_word' id='word_1_23' title='bbox 720 603 763 648; x_wconf 90' lang='lat' dir='ltr'>set</span> <span class='ocrx_word' id='word_1_24' title='bbox 784 594 909 661; x_wconf 88' lang='lat' dir='ltr'>tandem,</span> <span class='ocrx_word' id='word_1_25' title='bbox 929 604 993 663; x_wconf 93' lang='lat' dir='ltr'>post</span> <span class='ocrx_word' id='word_1_26' title='bbox 1013 594 1091 650; x_wconf 87' lang='lat' dir='ltr'>illata</span> <span class='ocrx_word' id='word_1_27' title='bbox 1112 593 1250 663; x_wconf 84' lang='lat' dir='ltr'>conuicia,</span> 
     </span>
     <span class='ocr_line' id='line_1_4' title="bbox 96 674 1251 746; baseline 0.003 -18"><span class='ocrx_word' id='word_1_28' title='bbox 96 674 191 746; x_wconf 90' lang='lat' dir='ltr'>ipsum</span> <span class='ocrx_word' id='word_1_29' title='bbox 204 692 268 730; x_wconf 91' lang='lat' dir='ltr'>cum</span> <span class='ocrx_word' id='word_1_30' title='bbox 280 677 348 730; x_wconf 90' lang='lat' dir='ltr'>reda</span> <span class='ocrx_word' id='word_1_31' title='bbox 366 693 417 732; x_wconf 89' lang='lat' dir='ltr'>sua</span> <span class='ocrx_word' id='word_1_32' title='bbox 434 677 486 732; x_wconf 93' lang='lat' dir='ltr'>sub</span> <span class='ocrx_word' id='word_1_33' title='bbox 503 676 569 730; x_wconf 92' lang='lat' dir='ltr'>diuo</span> <span class='ocrx_word' id='word_1_34' title='bbox 588 674 616 730; x_wconf 93' lang='lat' dir='ltr'>in</span> <span class='ocrx_word' id='word_1_35' title='bbox 633 687 694 731; x_wconf 91' lang='lat' dir='ltr'>orto</span> <span class='ocrx_word' id='word_1_36' title='bbox 708 693 759 730; x_wconf 91' lang='lat' dir='ltr'>suo</span> <span class='ocrx_word' id='word_1_37' title='bbox 776 675 867 730; x_wconf 91' lang='lat' dir='ltr'>iacere</span> <span class='ocrx_word' id='word_1_38' title='bbox 882 675 1007 746; x_wconf 87' lang='lat' dir='ltr'>permisit</span> <span class='ocrx_word' id='word_1_39' title='bbox 1025 694 1078 732; x_wconf 90' lang='lat' dir='ltr'>nec</span> <span class='ocrx_word' id='word_1_40' title='bbox 1091 677 1120 731; x_wconf 93' lang='lat' dir='ltr'>in</span> <span class='ocrx_word' id='word_1_41' title='bbox 1132 678 1251 732; x_wconf 88' lang='lat' dir='ltr'>domurn</span> 
     </span>
     <span class='ocr_line' id='line_1_5' title="bbox 96 757 1249 829; baseline 0.003 -17"><span class='ocrx_word' id='word_1_42' title='bbox 96 775 178 812; x_wconf 88' lang='lat' dir='ltr'>suam</span> <span class='ocrx_word' id='word_1_43' title='bbox 192 758 365 814; x_wconf 78' lang='lat' dir='ltr'>introducere</span> <span class='ocrx_word' id='word_1_44' title='bbox 377 759 471 814; x_wconf 78' lang='lat' dir='ltr'>voluit.</span> <span class='ocrx_word' id='word_1_45' title='bbox 507 757 667 828; x_wconf 85' lang='lat' dir='ltr'>Ayelwinus</span> <span class='ocrx_word' id='word_1_46' title='bbox 684 767 780 812; x_wconf 88' lang='lat' dir='ltr'>autem</span> <span class='ocrx_word' id='word_1_47' title='bbox 798 759 903 812; x_wconf 89' lang='lat' dir='ltr'>lectum</span> <span class='ocrx_word' id='word_1_48' title='bbox 920 774 1002 812; x_wconf 91' lang='lat' dir='ltr'>suurn</span> <span class='ocrx_word' id='word_1_49' title='bbox 1021 760 1074 813; x_wconf 89' lang='lat' dir='ltr'>sub</span> <span class='ocrx_word' id='word_1_50' title='bbox 1090 761 1156 829; x_wconf 90' lang='lat' dir='ltr'>biga</span> <span class='ocrx_word' id='word_1_51' title='bbox 1167 769 1249 816; x_wconf 91' lang='lat' dir='ltr'>nocte</span> 
     </span>
     <span class='ocr_line' id='line_1_6' title="bbox 96 839 1276 913; baseline 0.004 -20"><span class='ocrx_word' id='word_1_52' title='bbox 96 839 146 894; x_wconf 87' lang='lat' dir='ltr'>illa</span> <span class='ocrx_word' id='word_1_53' title='bbox 157 841 343 913; x_wconf 77' lang='lat' dir='ltr'>qualicunque</span> <span class='ocrx_word' id='word_1_54' title='bbox 356 842 440 896; x_wconf 88' lang='lat' dir='ltr'>modo</span> <span class='ocrx_word' id='word_1_55' title='bbox 456 841 546 912; x_wconf 89' lang='lat' dir='ltr'>potuit</span> <span class='ocrx_word' id='word_1_56' title='bbox 565 840 618 896; x_wconf 90' lang='lat' dir='ltr'>sibi</span> <span class='ocrx_word' id='word_1_57' title='bbox 637 841 796 897; x_wconf 88' lang='lat' dir='ltr'>substrauit.</span> <span class='ocrx_word' id='word_1_58' title='bbox 833 839 953 911; x_wconf 82' lang='lat' dir='ltr'>¹Sicque</span> <span class='ocrx_word' id='word_1_59' title='bbox 965 842 1081 898; x_wconf 88' lang='lat' dir='ltr'>recubat</span> <span class='ocrx_word' id='word_1_60' title='bbox 1093 843 1249 899; x_wconf 88' lang='lat' dir='ltr'>monachus</span> <span class='ocrx_word' id='word_1_61' title='bbox 1262 859 1276 910; x_wconf 81' lang='lat'><strong>5</strong></span> 
     </span>
     <span class='ocr_line' id='line_1_7' title="bbox 96 923 1249 995; baseline 0.004 -18"><span class='ocrx_word' id='word_1_62' title='bbox 96 924 151 978; x_wconf 92' lang='lat' dir='ltr'>sub</span> <span class='ocrx_word' id='word_1_63' title='bbox 166 923 289 992; x_wconf 85' lang='lat' dir='ltr'>martire,</span> <span class='ocrx_word' id='word_1_64' title='bbox 302 924 398 979; x_wconf 89' lang='lat' dir='ltr'>martir</span> <span class='ocrx_word' id='word_1_65' title='bbox 410 941 476 978; x_wconf 92' lang='lat' dir='ltr'>vero</span> <span class='ocrx_word' id='word_1_66' title='bbox 495 925 547 979; x_wconf 91' lang='lat' dir='ltr'>sub</span> <span class='ocrx_word' id='word_1_67' title='bbox 566 923 632 978; x_wconf 89' lang='lat' dir='ltr'>diuo</span> <span class='ocrx_word' id='word_1_68' title='bbox 650 923 761 979; x_wconf 87' lang='lat' dir='ltr'>luciflue</span> <span class='ocrx_word' id='word_1_69' title='bbox 779 925 927 994; x_wconf 88' lang='lat' dir='ltr'>columpne</span> <span class='ocrx_word' id='word_1_70' title='bbox 946 923 1073 995; x_wconf 90' lang='lat' dir='ltr'>[lumine]</span> <span class='ocrx_word' id='word_1_71' title='bbox 1088 927 1249 982; x_wconf 90' lang='lat' dir='ltr'>choruscus.</span> 
     </span>
    </p>

    <p class='ocr_par' dir='ltr' id='par_1_3' title="bbox 96 1006 1298 3643">
     <span class='ocr_line' id='line_1_8' title="bbox 98 1006 1250 1080; baseline 0.004 -20"><span class='ocrx_word' id='word_1_72' title='bbox 98 1007 124 1060; x_wconf 95' lang='grc' dir='ltr'>Ο</span> <span class='ocrx_word' id='word_1_73' title='bbox 144 1023 231 1077; x_wconf 88' lang='lat' dir='ltr'>quam</span> <span class='ocrx_word' id='word_1_74' title='bbox 248 1007 338 1062; x_wconf 83' lang='lat' dir='ltr'>felicia</span> <span class='ocrx_word' id='word_1_75' title='bbox 356 1007 525 1078; x_wconf 88' lang='lat' dir='ltr'>quiescentis</span> <span class='ocrx_word' id='word_1_76' title='bbox 543 1006 720 1075; x_wconf 84' lang='lat' dir='ltr'>lectisternia,</span> <span class='ocrx_word' id='word_1_77' title='bbox 733 1006 779 1061; x_wconf 92' lang='lat' dir='ltr'>vbi</span> <span class='ocrx_word' id='word_1_78' title='bbox 799 1023 895 1062; x_wconf 85' lang='lat' dir='ltr'>seruus</span> <span class='ocrx_word' id='word_1_79' title='bbox 913 1024 1013 1062; x_wconf 89' lang='lat' dir='ltr'>secura</span> <span class='ocrx_word' id='word_1_80' title='bbox 1030 1009 1142 1078; x_wconf 88' lang='lat' dir='ltr'>sompni</span> <span class='ocrx_word' id='word_1_81' title='bbox 1161 1009 1250 1080; x_wconf 86' lang='lat' dir='ltr'>carpit</span> 
     </span>
     <span class='ocr_line' id='line_1_9' title="bbox 97 1088 1250 1160; baseline 0.002 -16"><span class='ocrx_word' id='word_1_82' title='bbox 97 1089 160 1144; x_wconf 86' lang='lat' dir='ltr'>ocia</span> <span class='ocrx_word' id='word_1_83' title='bbox 172 1091 179 1142; x_wconf 93' lang='lat' dir='ltr'>l</span> <span class='ocrx_word' id='word_1_84' title='bbox 217 1088 288 1159; x_wconf 88' lang='lat' dir='ltr'>Quis</span> <span class='ocrx_word' id='word_1_85' title='bbox 300 1090 389 1157; x_wconf 91' lang='lat' dir='ltr'>nobis,</span> <span class='ocrx_word' id='word_1_86' title='bbox 402 1107 420 1143; x_wconf 93' lang='grc' dir='ltr'>ο</span> <span class='ocrx_word' id='word_1_87' title='bbox 431 1090 584 1158; x_wconf 81' lang='lat' dir='ltr'>Ayelwyne</span> <span class='ocrx_word' id='word_1_88' title='bbox 597 1100 676 1159; x_wconf 90' lang='lat' dir='ltr'>pater</span> <span class='ocrx_word' id='word_1_89' title='bbox 687 1089 876 1156; x_wconf 91' lang='lat' dir='ltr'>deuotissime‚</span> <span class='ocrx_word' id='word_1_90' title='bbox 887 1089 1020 1144; x_wconf 86' lang='lat' dir='ltr'>reserabit</span> <span class='ocrx_word' id='word_1_91' title='bbox 1033 1106 1118 1160; x_wconf 82' lang='lat' dir='ltr'>quarn</span> <span class='ocrx_word' id='word_1_92' title='bbox 1129 1102 1250 1160; x_wconf 88' lang='lat' dir='ltr'>gratam,</span> 
     </span>
     <span class='ocr_line' id='line_1_10' title="bbox 97 1171 1250 1242; baseline 0.003 -16"><span class='ocrx_word' id='word_1_93' title='bbox 97 1188 185 1242; x_wconf 87' lang='lat' dir='ltr'>quam</span> <span class='ocrx_word' id='word_1_94' title='bbox 204 1171 354 1241; x_wconf 89' lang='lat' dir='ltr'>placidam,</span> <span class='ocrx_word' id='word_1_95' title='bbox 373 1173 424 1227; x_wconf 91' lang='lat' dir='ltr'>sub</span> <span class='ocrx_word' id='word_1_96' title='bbox 443 1181 501 1226; x_wconf 91' lang='lat' dir='ltr'>tam</span> <span class='ocrx_word' id='word_1_97' title='bbox 524 1173 650 1242; x_wconf 86' lang='lat' dir='ltr'>precioso</span> <span class='ocrx_word' id='word_1_98' title='bbox 671 1171 791 1228; x_wconf 89' lang='lat' dir='ltr'>culmine</span> <span class='ocrx_word' id='word_1_99' title='bbox 813 1183 926 1226; x_wconf 88' lang='lat' dir='ltr'>noctem</span> <span class='ocrx_word' id='word_1_100' title='bbox 947 1173 1134 1242; x_wconf 74' lang='lat' dir='ltr'>transegeris?</span> <span class='ocrx_word' id='word_1_101' title='bbox 1179 1175 1250 1242; x_wconf 89' lang='lat' dir='ltr'>Quis</span> 
     </span>
     <span class='ocr_line' id='line_1_11' title="bbox 97 1253 1295 1327; baseline 0.003 -18"><span class='ocrx_word' id='word_1_102' title='bbox 97 1254 209 1310; x_wconf 90' lang='lat' dir='ltr'>tametsi</span> <span class='ocrx_word' id='word_1_103' title='bbox 228 1255 364 1311; x_wconf 78' lang='lat' dir='ltr'>facundus</span> <span class='ocrx_word' id='word_1_104' title='bbox 382 1265 483 1322; x_wconf 88' lang='lat' dir='ltr'>orator,</span> <span class='ocrx_word' id='word_1_105' title='bbox 500 1254 638 1325; x_wconf 76' lang='lat' dir='ltr'>explicare</span> <span class='ocrx_word' id='word_1_106' title='bbox 657 1264 741 1325; x_wconf 86' lang='lat' dir='ltr'>queat</span> <span class='ocrx_word' id='word_1_107' title='bbox 758 1271 843 1325; x_wconf 89' lang='lat' dir='ltr'>qnam</span> <span class='ocrx_word' id='word_1_108' title='bbox 862 1253 951 1310; x_wconf 90' lang='lat' dir='ltr'>dulcis</span> <span class='ocrx_word' id='word_1_109' title='bbox 970 1272 1062 1325; x_wconf 89' lang='lat' dir='ltr'>sopor,</span> <span class='ocrx_word' id='word_1_110' title='bbox 1080 1271 1166 1327; x_wconf 89' lang='lat' dir='ltr'>quarn</span> <span class='ocrx_word' id='word_1_111' title='bbox 1182 1256 1250 1312; x_wconf 93' lang='lat' dir='ltr'>deli·</span> <span class='ocrx_word' id='word_1_112' title='bbox 1266 1275 1295 1312; x_wconf 90' lang='lat' dir='ltr'>ro</span> 
     </span>
     <span class='ocr_line' id='line_1_12' title="bbox 98 1333 1251 1409; baseline 0.002 -17"><span class='ocrx_word' id='word_1_113' title='bbox 98 1338 177 1393; x_wconf 92' lang='lat' dir='ltr'>ciosa</span> <span class='ocrx_word' id='word_1_114' title='bbox 198 1338 277 1408; x_wconf 89' lang='lat' dir='ltr'>quies</span> <span class='ocrx_word' id='word_1_115' title='bbox 298 1333 435 1392; x_wconf 79' lang='lat' dir='ltr'>merorem</span> <span class='ocrx_word' id='word_1_116' title='bbox 456 1337 559 1408; x_wconf 89' lang='lat' dir='ltr'>pariter</span> <span class='ocrx_word' id='word_1_117' title='bbox 579 1355 614 1391; x_wconf 90' lang='lat' dir='ltr'>ac</span> <span class='ocrx_word' id='word_1_118' title='bbox 634 1337 760 1392; x_wconf 87' lang='lat' dir='ltr'>laborem</span> <span class='ocrx_word' id='word_1_119' title='bbox 782 1346 863 1392; x_wconf 90' lang='lat' dir='ltr'>tuum</span> <span class='ocrx_word' id='word_1_120' title='bbox 884 1337 1099 1393; x_wconf 82' lang='lat' dir='ltr'>relocillauerit?</span> <span class='ocrx_word' id='word_1_121' title='bbox 1137 1340 1251 1409; x_wconf 88' lang='lat' dir='ltr'>Quanta</span> 
     </span>
     <span class='ocr_line' id='line_1_13' title="bbox 98 1419 1249 1490; baseline 0.001 -15"><span class='ocrx_word' id='word_1_122' title='bbox 98 1431 231 1490; x_wconf 89' lang='lat' dir='ltr'>putamus</span> <span class='ocrx_word' id='word_1_123' title='bbox 243 1421 366 1476; x_wconf 87' lang='lat' dir='ltr'>animam</span> <span class='ocrx_word' id='word_1_124' title='bbox 380 1431 455 1476; x_wconf 86' lang='lat' dir='ltr'>tuam</span> <span class='ocrx_word' id='word_1_125' title='bbox 470 1420 568 1475; x_wconf 88' lang='lat' dir='ltr'>intima</span> <span class='ocrx_word' id='word_1_126' title='bbox 580 1421 641 1476; x_wconf 91' lang='lat' dir='ltr'>luce</span> <span class='ocrx_word' id='word_1_127' title='bbox 660 1419 790 1482; x_wconf 89' lang='lat' dir='ltr'>serenari,</span> <span class='ocrx_word' id='word_1_128' title='bbox 805 1437 869 1474; x_wconf 91' lang='lat' dir='ltr'>curn</span> <span class='ocrx_word' id='word_1_129' title='bbox 889 1421 1059 1485; x_wconf 88' lang='lat' dir='ltr'>attenderes,</span> <span class='ocrx_word' id='word_1_130' title='bbox 1072 1421 1164 1476; x_wconf 91' lang='lat' dir='ltr'>indice</span> <span class='ocrx_word' id='word_1_131' title='bbox 1181 1423 1249 1490; x_wconf 90' lang='lat' dir='ltr'>celo,</span> 
     </span>
     <span class='ocr_line' id='line_1_14' title="bbox 99 1502 1250 1573; baseline 0.002 -15"><span class='ocrx_word' id='word_1_132' title='bbox 99 1503 243 1558; x_wconf 87' lang='lat' dir='ltr'>Christum</span> <span class='ocrx_word' id='word_1_133' title='bbox 262 1503 345 1559; x_wconf 89' lang='lat' dir='ltr'>amici</span> <span class='ocrx_word' id='word_1_134' title='bbox 365 1504 408 1558; x_wconf 91' lang='lat' dir='ltr'>sui</span> <span class='ocrx_word' id='word_1_135' title='bbox 424 1503 681 1573; x_wconf 90' lang='lat' dir='ltr'>peregrinacionem</span> <span class='ocrx_word' id='word_1_136' title='bbox 697 1502 844 1558; x_wconf 83' lang='lat' dir='ltr'>comitari?</span> <span class='ocrx_word' id='word_1_137' title='bbox 891 1505 917 1558; x_wconf 93' lang='lat' dir='ltr'>O</span> <span class='ocrx_word' id='word_1_138' title='bbox 933 1503 1004 1558; x_wconf 90' lang='lat' dir='ltr'>mira</span> <span class='ocrx_word' id='word_1_139' title='bbox 1022 1505 1155 1572; x_wconf 89' lang='lat' dir='ltr'>suauitas,</span> <span class='ocrx_word' id='word_1_140' title='bbox 1173 1522 1191 1559; x_wconf 91' lang='lat' dir='ltr'>o</span> <span class='ocrx_word' id='word_1_141' title='bbox 1209 1505 1250 1560; x_wconf 93' lang='lat' dir='ltr'>in·</span> 
     </span>
     <span class='ocr_line' id='line_1_15' title="bbox 97 1585 1251 1658; baseline 0.002 -18"><span class='ocrx_word' id='word_1_142' title='bbox 97 1585 218 1640; x_wconf 83' lang='lat' dir='ltr'>effabilis</span> <span class='ocrx_word' id='word_1_143' title='bbox 231 1586 404 1654; x_wconf 82' lang='lat' dir='ltr'>iocunditas!</span> <span class='ocrx_word' id='word_1_144' title='bbox 432 1588 496 1640; x_wconf 93' lang='lat' dir='ltr'>Nox</span> <span class='ocrx_word' id='word_1_145' title='bbox 507 1587 555 1641; x_wconf 86' lang='lat' dir='ltr'>illa</span> <span class='ocrx_word' id='word_1_146' title='bbox 567 1603 672 1642; x_wconf 87' lang='lat' dir='ltr'>nouum</span> <span class='ocrx_word' id='word_1_147' title='bbox 683 1586 733 1640; x_wconf 92' lang='lat' dir='ltr'>tibi</span> <span class='ocrx_word' id='word_1_148' title='bbox 742 1588 829 1641; x_wconf 90' lang='lat' dir='ltr'>solem</span> <span class='ocrx_word' id='word_1_149' title='bbox 842 1586 1015 1656; x_wconf 87' lang='lat' dir='ltr'>parturiebat</span> <span class='ocrx_word' id='word_1_150' title='bbox 1026 1604 1032 1653; x_wconf 93' lang='lat'><strong>;</strong></span> <span class='ocrx_word' id='word_1_151' title='bbox 1052 1587 1251 1658; x_wconf 83' lang='lat' dir='ltr'>hospitalitatis</span> 
     </span>
     <span class='ocr_line' id='line_1_16' title="bbox 98 1667 1295 1742; baseline 0.002 -18"><span class='ocrx_word' id='word_1_152' title='bbox 98 1670 212 1738; x_wconf 89' lang='lat' dir='ltr'>repulsa</span> <span class='ocrx_word' id='word_1_153' title='bbox 223 1685 291 1724; x_wconf 89' lang='lat' dir='ltr'>auro</span> <span class='ocrx_word' id='word_1_154' title='bbox 304 1670 385 1724; x_wconf 90' lang='lat' dir='ltr'>tectis</span> <span class='ocrx_word' id='word_1_155' title='bbox 398 1668 497 1724; x_wconf 90' lang='lat' dir='ltr'>edibus</span> <span class='ocrx_word' id='word_1_156' title='bbox 509 1669 620 1738; x_wconf 82' lang='lat' dir='ltr'>gracias</span> <span class='ocrx_word' id='word_1_157' title='bbox 632 1667 784 1724; x_wconf 89' lang='lat' dir='ltr'>tentorium</span> <span class='ocrx_word' id='word_1_158' title='bbox 797 1668 982 1724; x_wconf 88' lang='lat' dir='ltr'>ministrabat.</span> <span class='ocrx_word' id='word_1_159' title='bbox 1009 1669 1117 1736; x_wconf 89' lang='lat' dir='ltr'>Quarta</span> <span class='ocrx_word' id='word_1_160' title='bbox 1128 1671 1251 1741; x_wconf 88' lang='lat' dir='ltr'>denique</span> <span class='ocrx_word' id='word_1_161' title='bbox 1267 1691 1276 1726; x_wconf 93' lang='lat' dir='ltr'>r</span> <span class='ocrx_word' id='word_1_162' title='bbox 1281 1691 1295 1742; x_wconf 85' lang='lat'>5</span> 
     </span>
     <span class='ocr_line' id='line_1_17' title="bbox 98 1749 1251 1822; baseline 0.001 -15"><span class='ocrx_word' id='word_1_163' title='bbox 98 1752 191 1807; x_wconf 89' lang='lat' dir='ltr'>noctis</span> <span class='ocrx_word' id='word_1_164' title='bbox 203 1751 325 1807; x_wconf 85' lang='lat' dir='ltr'>instante</span> <span class='ocrx_word' id='word_1_165' title='bbox 336 1753 438 1822; x_wconf 88' lang='lat' dir='ltr'>vigilia,</span> <span class='ocrx_word' id='word_1_166' title='bbox 451 1763 586 1822; x_wconf 91' lang='lat' dir='ltr'>ceperunt</span> <span class='ocrx_word' id='word_1_167' title='bbox 604 1751 724 1806; x_wconf 88' lang='lat' dir='ltr'>vehiculi</span> <span class='ocrx_word' id='word_1_168' title='bbox 743 1761 804 1806; x_wconf 92' lang='lat' dir='ltr'>rote</span> <span class='ocrx_word' id='word_1_169' title='bbox 819 1749 879 1806; x_wconf 90' lang='lat' dir='ltr'>slne</span> <span class='ocrx_word' id='word_1_170' title='bbox 898 1750 1011 1806; x_wconf 86' lang='lat' dir='ltr'>alterius</span> <span class='ocrx_word' id='word_1_171' title='bbox 1026 1752 1155 1808; x_wconf 90' lang='lat' dir='ltr'>mocione</span> <span class='ocrx_word' id='word_1_172' title='bbox 1167 1754 1251 1808; x_wconf 89' lang='lat' dir='ltr'>velud</span> 
     </span>
     <span class='ocr_line' id='line_1_18' title="bbox 96 1834 1252 1906; baseline -0.001 -16"><span class='ocrx_word' id='word_1_173' title='bbox 96 1837 135 1890; x_wconf 89' lang='lat' dir='ltr'>ad</span> <span class='ocrx_word' id='word_1_174' title='bbox 147 1834 335 1904; x_wconf 86' lang='lat' dir='ltr'>gradiendum</span> <span class='ocrx_word' id='word_1_175' title='bbox 348 1834 491 1890; x_wconf 88' lang='lat' dir='ltr'>concitari.</span> <span class='ocrx_word' id='word_1_176' title='bbox 528 1835 655 1902; x_wconf 90' lang='lat' dir='ltr'>Quarum</span> <span class='ocrx_word' id='word_1_177' title='bbox 672 1835 790 1888; x_wconf 89' lang='lat' dir='ltr'>stridore</span> <span class='ocrx_word' id='word_1_178' title='bbox 807 1835 930 1904; x_wconf 81' lang='lat' dir='ltr'>prefatus</span> <span class='ocrx_word' id='word_1_179' title='bbox 947 1835 1103 1890; x_wconf 86' lang='lat' dir='ltr'>monachus</span> <span class='ocrx_word' id='word_1_180' title='bbox 1119 1852 1252 1906; x_wconf 88' lang='lat' dir='ltr'>experge-</span> 
     </span>
     <span class='ocr_line' id='line_1_19' title="bbox 97 1915 1252 1986; baseline 0.003 -15"><span class='ocrx_word' id='word_1_181' title='bbox 97 1918 199 1986; x_wconf 78' lang='lat' dir='ltr'>factus,</span> <span class='ocrx_word' id='word_1_182' title='bbox 212 1917 386 1972; x_wconf 89' lang='lat' dir='ltr'>voluntatem</span> <span class='ocrx_word' id='word_1_183' title='bbox 399 1917 488 1972; x_wconf 88' lang='lat' dir='ltr'>sancti</span> <span class='ocrx_word' id='word_1_184' title='bbox 501 1917 699 1972; x_wconf 90' lang='lat' dir='ltr'>animaduertit</span> <span class='ocrx_word' id='word_1_185' title='bbox 713 1918 748 1972; x_wconf 92' lang='lat' dir='ltr'>de</span> <span class='ocrx_word' id='word_1_186' title='bbox 761 1916 885 1986; x_wconf 90' lang='lat' dir='ltr'>corporis</span> <span class='ocrx_word' id='word_1_187' title='bbox 898 1915 940 1972; x_wconf 91' lang='lat' dir='ltr'>sui</span> <span class='ocrx_word' id='word_1_188' title='bbox 954 1917 990 1970; x_wconf 90' lang='lat' dir='ltr'>ab</span> <span class='ocrx_word' id='word_1_189' title='bbox 1003 1916 1049 1971; x_wconf 92' lang='lat' dir='ltr'>illo</span> <span class='ocrx_word' id='word_1_190' title='bbox 1061 1919 1123 1972; x_wconf 89' lang='lat' dir='ltr'>loco</span> <span class='ocrx_word' id='word_1_191' title='bbox 1135 1917 1252 1974; x_wconf 89' lang='lat' dir='ltr'>celerius</span> 
     </span>
     <span class='ocr_line' id='line_1_20' title="bbox 97 1998 1252 2072; baseline -0.001 -16"><span class='ocrx_word' id='word_1_192' title='bbox 97 1999 309 2072; x_wconf 90' lang='lat' dir='ltr'>asportacione:</span> <span class='ocrx_word' id='word_1_193' title='bbox 322 2015 441 2071; x_wconf 89' lang='lat' dir='ltr'>moxque</span> <span class='ocrx_word' id='word_1_194' title='bbox 452 1998 519 2071; x_wconf 91' lang='lat' dir='ltr'>[uie]</span> <span class='ocrx_word' id='word_1_195' title='bbox 530 1999 655 2055; x_wconf 89' lang='lat' dir='ltr'>redditus</span> <span class='ocrx_word' id='word_1_196' title='bbox 669 1999 721 2054; x_wconf 92' lang='lat' dir='ltr'>iter</span> <span class='ocrx_word' id='word_1_197' title='bbox 729 1999 806 2070; x_wconf 93' lang='lat' dir='ltr'>quod</span> <span class='ocrx_word' id='word_1_198' title='bbox 815 2009 926 2068; x_wconf 86' lang='lat' dir='ltr'>ceperat</span> <span class='ocrx_word' id='word_1_199' title='bbox 935 1999 1101 2068; x_wconf 80' lang='lat' dir='ltr'>aggreditur.</span> <span class='ocrx_word' id='word_1_200' title='bbox 1134 2001 1252 2071; x_wconf 88' lang='lat' dir='ltr'>Iamque</span> 
     </span>
     <span class='ocr_line' id='line_1_21' title="bbox 98 2080 1297 2153; baseline -0.003 -14"><span class='ocrx_word' id='word_1_201' title='bbox 98 2085 191 2139; x_wconf 91' lang='lat' dir='ltr'>aloco</span> <span class='ocrx_word' id='word_1_202' title='bbox 203 2081 314 2151; x_wconf 90' lang='lat' dir='ltr'>longius</span> <span class='ocrx_word' id='word_1_203' title='bbox 327 2093 516 2153; x_wconf 88' lang='lat' dir='ltr'>processerat:</span> <span class='ocrx_word' id='word_1_204' title='bbox 535 2094 564 2139; x_wconf 91' lang='lat' dir='ltr'>et</span> <span class='ocrx_word' id='word_1_205' title='bbox 578 2099 645 2138; x_wconf 89' lang='lat' dir='ltr'>ecce</span> <span class='ocrx_word' id='word_1_206' title='bbox 658 2092 722 2152; x_wconf 92' lang='lat' dir='ltr'>post</span> <span class='ocrx_word' id='word_1_207' title='bbox 736 2091 845 2152; x_wconf 88' lang='lat' dir='ltr'>tergum</span> <span class='ocrx_word' id='word_1_208' title='bbox 860 2080 941 2136; x_wconf 90' lang='lat' dir='ltr'>solito</span> <span class='ocrx_word' id='word_1_209' title='bbox 955 2081 1115 2150; x_wconf 88' lang='lat' dir='ltr'>respiciens,</span> <span class='ocrx_word' id='word_1_210' title='bbox 1129 2081 1252 2138; x_wconf 89' lang='lat' dir='ltr'>intuetur</span> <span class='ocrx_word' id='word_1_211' title='bbox 1266 2099 1297 2136; x_wconf 83' lang='lat' dir='ltr'>ao</span> 
     </span>
     <span class='ocr_line' id='line_1_22' title="bbox 98 2164 1251 2236; baseline -0.003 -12"><span class='ocrx_word' id='word_1_212' title='bbox 98 2165 210 2224; x_wconf 88' lang='lat' dir='ltr'>eminus</span> <span class='ocrx_word' id='word_1_213' title='bbox 222 2164 343 2220; x_wconf 88' lang='lat' dir='ltr'>flammis</span> <span class='ocrx_word' id='word_1_214' title='bbox 354 2164 498 2221; x_wconf 81' lang='lat' dir='ltr'>ultricibus</span> <span class='ocrx_word' id='word_1_215' title='bbox 511 2166 627 2222; x_wconf 90' lang='lat' dir='ltr'>domum</span> <span class='ocrx_word' id='word_1_216' title='bbox 639 2164 785 2235; x_wconf 89' lang='lat' dir='ltr'>presbiteri</span> <span class='ocrx_word' id='word_1_217' title='bbox 798 2164 972 2234; x_wconf 85' lang='lat' dir='ltr'>conflagrari.</span> <span class='ocrx_word' id='word_1_218' title='bbox 1003 2166 1041 2218; x_wconf 85' lang='lat' dir='ltr'>Et</span> <span class='ocrx_word' id='word_1_219' title='bbox 1053 2165 1169 2236; x_wconf 90' lang='lat' dir='ltr'>quidem</span> <span class='ocrx_word' id='word_1_220' title='bbox 1182 2165 1251 2221; x_wconf 89' lang='lat' dir='ltr'>satis</span> 
     </span>
     <span class='ocr_line' id='line_1_23' title="bbox 98 2246 1251 2319; baseline -0.001 -15"><span class='ocrx_word' id='word_1_221' title='bbox 98 2251 180 2318; x_wconf 89' lang='lat' dir='ltr'>iuste,</span> <span class='ocrx_word' id='word_1_222' title='bbox 194 2248 299 2319; x_wconf 93' lang='lat' dir='ltr'>quippe</span> <span class='ocrx_word' id='word_1_223' title='bbox 312 2248 358 2318; x_wconf 92' lang='lat' dir='ltr'>qui</span> <span class='ocrx_word' id='word_1_224' title='bbox 372 2248 488 2303; x_wconf 87' lang='lat' dir='ltr'>caritate</span> <span class='ocrx_word' id='word_1_225' title='bbox 500 2251 608 2304; x_wconf 84' lang='lat' dir='ltr'>seclusa</span> <span class='ocrx_word' id='word_1_226' title='bbox 620 2247 707 2303; x_wconf 90' lang='lat' dir='ltr'>voluit</span> <span class='ocrx_word' id='word_1_227' title='bbox 720 2259 749 2303; x_wconf 92' lang='lat' dir='ltr'>vt</span> <span class='ocrx_word' id='word_1_228' title='bbox 765 2247 907 2318; x_wconf 89' lang='lat' dir='ltr'>proprium</span> <span class='ocrx_word' id='word_1_229' title='bbox 926 2246 1071 2318; x_wconf 89' lang='lat' dir='ltr'>possidere</span> <span class='ocrx_word' id='word_1_230' title='bbox 1087 2249 1164 2318; x_wconf 90' lang='lat' dir='ltr'>quod</span> <span class='ocrx_word' id='word_1_231' title='bbox 1181 2249 1251 2303; x_wconf 90' lang='lat' dir='ltr'>deus</span> 
     </span>
     <span class='ocr_line' id='line_1_24' title="bbox 98 2331 1251 2396; baseline -0.002 -8"><span class='ocrx_word' id='word_1_232' title='bbox 98 2331 240 2396; x_wconf 88' lang='lat' dir='ltr'>omnibus,</span> <span class='ocrx_word' id='word_1_233' title='bbox 260 2341 288 2386; x_wconf 89' lang='lat' dir='ltr'>et</span> <span class='ocrx_word' id='word_1_234' title='bbox 310 2331 429 2386; x_wconf 84' lang='lat' dir='ltr'>maxime</span> <span class='ocrx_word' id='word_1_235' title='bbox 449 2331 610 2387; x_wconf 90' lang='lat' dir='ltr'>domesticis</span> <span class='ocrx_word' id='word_1_236' title='bbox 630 2331 694 2386; x_wconf 90' lang='lat' dir='ltr'>fidei</span> <span class='ocrx_word' id='word_1_237' title='bbox 716 2331 791 2386; x_wconf 87' lang='lat' dir='ltr'>iubet</span> <span class='ocrx_word' id='word_1_238' title='bbox 812 2347 875 2386; x_wconf 88' lang='lat' dir='ltr'>esse</span> <span class='ocrx_word' id='word_1_239' title='bbox 894 2347 1052 2388; x_wconf 90' lang='lat' dir='ltr'>commune.</span> <span class='ocrx_word' id='word_1_240' title='bbox 1090 2333 1167 2385; x_wconf 87' lang='lat' dir='ltr'>Nam</span> <span class='ocrx_word' id='word_1_241' title='bbox 1186 2331 1251 2388; x_wconf 88' lang='lat' dir='ltr'>licet</span> 
     </span>
     <span class='ocr_line' id='line_1_25' title="bbox 99 2413 1249 2486; baseline 0.001 -18"><span class='ocrx_word' id='word_1_242' title='bbox 99 2413 238 2486; x_wconf 89' lang='lat' dir='ltr'>ignorauit</span> <span class='ocrx_word' id='word_1_243' title='bbox 250 2414 312 2485; x_wconf 90' lang='lat' dir='ltr'>quis</span> <span class='ocrx_word' id='word_1_244' title='bbox 325 2423 481 2484; x_wconf 88' lang='lat' dir='ltr'>quantusve</span> <span class='ocrx_word' id='word_1_245' title='bbox 496 2414 546 2470; x_wconf 82' lang='lat' dir='ltr'>luit</span> <span class='ocrx_word' id='word_1_246' title='bbox 567 2413 731 2484; x_wconf 90' lang='lat' dir='ltr'>peregrinus</span> <span class='ocrx_word' id='word_1_247' title='bbox 747 2430 833 2484; x_wconf 88' lang='lat' dir='ltr'>quern</span> <span class='ocrx_word' id='word_1_248' title='bbox 851 2429 916 2468; x_wconf 87' lang='lat' dir='ltr'>aere</span> <span class='ocrx_word' id='word_1_249' title='bbox 929 2414 982 2468; x_wconf 87' lang='lat' dir='ltr'>sub</span> <span class='ocrx_word' id='word_1_250' title='bbox 993 2414 1071 2468; x_wconf 90' lang='lat' dir='ltr'>nudo</span> <span class='ocrx_word' id='word_1_251' title='bbox 1084 2423 1249 2484; x_wconf 89' lang='lat' dir='ltr'>pernoctare</span> 
     </span>
     <span class='ocr_line' id='line_1_26' title="bbox 99 2496 1297 2567; baseline -0.003 -13"><span class='ocrx_word' id='word_1_252' title='bbox 99 2496 201 2566; x_wconf 82' lang='lat' dir='ltr'>coegit,</span> <span class='ocrx_word' id='word_1_253' title='bbox 215 2497 242 2551; x_wconf 89' lang='lat' dir='ltr'>in</span> <span class='ocrx_word' id='word_1_254' title='bbox 258 2497 358 2552; x_wconf 89' lang='lat' dir='ltr'>Christi</span> <span class='ocrx_word' id='word_1_255' title='bbox 371 2507 465 2552; x_wconf 87' lang='lat' dir='ltr'>tamen</span> <span class='ocrx_word' id='word_1_256' title='bbox 477 2497 590 2552; x_wconf 86' lang='lat' dir='ltr'>nomine</span> <span class='ocrx_word' id='word_1_257' title='bbox 602 2507 751 2566; x_wconf 80' lang='lat' dir='ltr'>rogantem</span> <span class='ocrx_word' id='word_1_258' title='bbox 763 2496 907 2566; x_wconf 86' lang='lat' dir='ltr'>aspernari</span> <span class='ocrx_word' id='word_1_259' title='bbox 920 2512 978 2550; x_wconf 92' lang='lat' dir='ltr'>non</span> <span class='ocrx_word' id='word_1_260' title='bbox 991 2496 1096 2554; x_wconf 85' lang='lat' dir='ltr'>debuit.</span> <span class='ocrx_word' id='word_1_261' title='bbox 1134 2498 1253 2567; x_wconf 85' lang='lat' dir='ltr'>Legerat</span> <span class='ocrx_word' id='word_1_262' title='bbox 1268 2515 1297 2566; x_wconf 85' lang='lat'>²5</span> 
     </span>
     <span class='ocr_line' id='line_1_27' title="bbox 99 2578 1251 2650; baseline -0.001 -14"><span class='ocrx_word' id='word_1_263' title='bbox 99 2584 154 2636; x_wconf 89' lang='lat' dir='ltr'>hoc</span> <span class='ocrx_word' id='word_1_264' title='bbox 173 2580 307 2650; x_wconf 85' lang='lat' dir='ltr'>scriptum</span> <span class='ocrx_word' id='word_1_265' title='bbox 325 2590 368 2636; x_wconf 90' lang='lat' dir='ltr'>set</span> <span class='ocrx_word' id='word_1_266' title='bbox 386 2597 443 2636; x_wconf 90' lang='lat' dir='ltr'>non</span> <span class='ocrx_word' id='word_1_267' title='bbox 461 2580 647 2635; x_wconf 74' lang='lat' dir='ltr'>intellexeratr</span> <span class='ocrx_word' id='word_1_268' title='bbox 665 2579 834 2648; x_wconf 88' lang='lat' dir='ltr'>hospitalem</span> <span class='ocrx_word' id='word_1_269' title='bbox 853 2595 883 2633; x_wconf 88' lang='lat' dir='ltr'>se</span> <span class='ocrx_word' id='word_1_270' title='bbox 903 2578 960 2633; x_wconf 86' lang='lat' dir='ltr'>fieri</span> <span class='ocrx_word' id='word_1_271' title='bbox 978 2579 1082 2634; x_wconf 89' lang='lat' dir='ltr'>debere</span> <span class='ocrx_word' id='word_1_272' title='bbox 1101 2578 1161 2636; x_wconf 90' lang='lat' dir='ltr'>sine</span> <span class='ocrx_word' id='word_1_273' title='bbox 1178 2598 1251 2636; x_wconf 89' lang='lat' dir='ltr'>mur-</span> 
     </span>
     <span class='ocr_line' id='line_1_28' title="bbox 98 2659 1252 2733; baseline -0.001 -14"><span class='ocrx_word' id='word_1_274' title='bbox 98 2663 271 2719; x_wconf 88' lang='lat' dir='ltr'>muracionis</span> <span class='ocrx_word' id='word_1_275' title='bbox 289 2680 403 2733; x_wconf 88' lang='lat' dir='ltr'>angore.</span> <span class='ocrx_word' id='word_1_276' title='bbox 427 2666 438 2728; x_wconf 88' lang='grc' dir='ltr'>ΙΙ</span> <span class='ocrx_word' id='word_1_277' title='bbox 459 2664 588 2733; x_wconf 86' lang='lat' dir='ltr'>Cumque</span> <span class='ocrx_word' id='word_1_278' title='bbox 607 2663 762 2717; x_wconf 88' lang='lat' dir='ltr'>monachus</span> <span class='ocrx_word' id='word_1_279' title='bbox 782 2659 945 2732; x_wconf 91' lang='lat' dir='ltr'>sepedictus</span> <span class='ocrx_word' id='word_1_280' title='bbox 965 2672 1076 2730; x_wconf 90' lang='lat' dir='ltr'>ceptum</span> <span class='ocrx_word' id='word_1_281' title='bbox 1095 2662 1147 2717; x_wconf 92' lang='lat' dir='ltr'>iter</span> <span class='ocrx_word' id='word_1_282' title='bbox 1164 2664 1252 2718; x_wconf 86' lang='lat' dir='ltr'>confi·</span> 
     </span>
     <span class='ocr_line' id='line_1_29' title="bbox 98 2743 1252 2815; baseline -0.001 -14"><span class='ocrx_word' id='word_1_283' title='bbox 98 2757 183 2812; x_wconf 76' lang='lat' dir='ltr'>seret,</span> <span class='ocrx_word' id='word_1_284' title='bbox 196 2747 296 2802; x_wconf 87' lang='lat' dir='ltr'>eodem</span> <span class='ocrx_word' id='word_1_285' title='bbox 308 2745 354 2800; x_wconf 90' lang='lat' dir='ltr'>die</span> <span class='ocrx_word' id='word_1_286' title='bbox 368 2746 534 2802; x_wconf 78' lang='lat' dir='ltr'>Stmtfordie</span> <span class='ocrx_word' id='word_1_287' title='bbox 544 2745 648 2800; x_wconf 89' lang='lat' dir='ltr'>vadum</span> <span class='ocrx_word' id='word_1_288' title='bbox 661 2743 785 2810; x_wconf 83' lang='lat' dir='ltr'>offendit,</span> <span class='ocrx_word' id='word_1_289' title='bbox 794 2744 870 2815; x_wconf 92' lang='lat' dir='ltr'>quod</span> <span class='ocrx_word' id='word_1_290' title='bbox 881 2744 970 2799; x_wconf 91' lang='lat' dir='ltr'>tribus</span> <span class='ocrx_word' id='word_1_291' title='bbox 980 2743 1093 2799; x_wconf 89' lang='lat' dir='ltr'>milibus</span> <span class='ocrx_word' id='word_1_292' title='bbox 1105 2763 1123 2798; x_wconf 90' lang='lat' dir='ltr'>a</span> <span class='ocrx_word' id='word_1_293' title='bbox 1136 2745 1252 2800; x_wconf 89' lang='lat' dir='ltr'>ciuitate</span> 
     </span>
     <span class='ocr_line' id='line_1_30' title="bbox 101 2824 1252 2898; baseline -0.002 -14"><span class='ocrx_word' id='word_1_294' title='bbox 101 2828 249 2884; x_wconf 89' lang='lat' dir='ltr'>Londonie</span> <span class='ocrx_word' id='word_1_295' title='bbox 261 2829 354 2883; x_wconf 88' lang='lat' dir='ltr'>distat.</span> <span class='ocrx_word' id='word_1_296' title='bbox 380 2829 432 2884; x_wconf 89' lang='lat' dir='ltr'>Cui</span> <span class='ocrx_word' id='word_1_297' title='bbox 442 2827 536 2883; x_wconf 89' lang='lat' dir='ltr'>breuis</span> <span class='ocrx_word' id='word_1_298' title='bbox 549 2827 731 2898; x_wconf 87' lang='lat' dir='ltr'>plurimisque</span> <span class='ocrx_word' id='word_1_299' title='bbox 743 2825 771 2880; x_wconf 89' lang='lat' dir='ltr'>in</span> <span class='ocrx_word' id='word_1_300' title='bbox 784 2825 853 2880; x_wconf 87' lang='lat' dir='ltr'>locis</span> <span class='ocrx_word' id='word_1_301' title='bbox 864 2843 937 2895; x_wconf 93' lang='lat' dir='ltr'>pons</span> <span class='ocrx_word' id='word_1_302' title='bbox 946 2824 1144 2896; x_wconf 88' lang='lat' dir='ltr'>inter[r]nptus</span> <span class='ocrx_word' id='word_1_303' title='bbox 1155 2844 1252 2897; x_wconf 87' lang='lat' dir='ltr'>super·</span> 
     </span>
     <span class='ocr_line' id='line_1_31' title="bbox 100 2907 1298 2981; baseline -0.004 -14"><span class='ocrx_word' id='word_1_304' title='bbox 100 2913 222 2978; x_wconf 87' lang='lat' dir='ltr'>iacebat,</span> <span class='ocrx_word' id='word_1_305' title='bbox 233 2921 325 2966; x_wconf 90' lang='lat' dir='ltr'>tutum</span> <span class='ocrx_word' id='word_1_306' title='bbox 340 2911 451 2979; x_wconf 89' lang='lat' dir='ltr'>nullius,</span> <span class='ocrx_word' id='word_1_307' title='bbox 467 2909 613 2981; x_wconf 89' lang='lat' dir='ltr'>presertim</span> <span class='ocrx_word' id='word_1_308' title='bbox 632 2908 821 2980; x_wconf 88' lang='lat' dir='ltr'>equitancium</span> <span class='ocrx_word' id='word_1_309' title='bbox 834 2909 879 2962; x_wconf 91' lang='lat' dir='ltr'>vel</span> <span class='ocrx_word' id='word_1_310' title='bbox 896 2907 1090 2975; x_wconf 88' lang='lat' dir='ltr'>militancium,</span> <span class='ocrx_word' id='word_1_311' title='bbox 1104 2910 1251 2978; x_wconf 86' lang='lat' dir='ltr'>vestigium</span> <span class='ocrx_word' id='word_1_312' title='bbox 1267 2930 1298 2978; x_wconf 80' lang='lat'>30</span> 
     </span>
     <span class='ocr_line' id='line_1_32' title="bbox 99 2990 1252 3062; baseline -0.004 -11"><span class='ocrx_word' id='word_1_313' title='bbox 99 2993 251 3051; x_wconf 87' lang='lat' dir='ltr'>sustinens.</span> <span class='ocrx_word' id='word_1_314' title='bbox 288 2995 381 3062; x_wconf 89' lang='lat' dir='ltr'>Quem</span> <span class='ocrx_word' id='word_1_315' title='bbox 400 2994 496 3049; x_wconf 87' lang='lat' dir='ltr'>volens</span> <span class='ocrx_word' id='word_1_316' title='bbox 513 2993 647 3048; x_wconf 89' lang='lat' dir='ltr'>transire:</span> <span class='ocrx_word' id='word_1_317' title='bbox 670 3001 784 3062; x_wconf 88' lang='lat' dir='ltr'>propter</span> <span class='ocrx_word' id='word_1_318' title='bbox 802 2990 984 3044; x_wconf 88' lang='lat' dir='ltr'>artitudinem</span> <span class='ocrx_word' id='word_1_319' title='bbox 1006 2991 1108 3059; x_wconf 89' lang='lat' dir='ltr'>pontis,</span> <span class='ocrx_word' id='word_1_320' title='bbox 1127 3001 1252 3046; x_wconf 86' lang='lat' dir='ltr'>rotarum</span> 
     </span>
     <span class='ocr_line' id='line_1_33' title="bbox 100 3072 1252 3146; baseline -0.006 -13"><span class='ocrx_word' id='word_1_321' title='bbox 100 3077 239 3133; x_wconf 87' lang='lat' dir='ltr'>ambitum</span> <span class='ocrx_word' id='word_1_322' title='bbox 251 3093 309 3131; x_wconf 93' lang='lat' dir='ltr'>non</span> <span class='ocrx_word' id='word_1_323' title='bbox 324 3077 445 3145; x_wconf 80' lang='lat' dir='ltr'>serentis,</span> <span class='ocrx_word' id='word_1_324' title='bbox 458 3075 627 3146; x_wconf 88' lang='lat' dir='ltr'>reprimitur.</span> <span class='ocrx_word' id='word_1_325' title='bbox 665 3073 819 3143; x_wconf 89' lang='lat' dir='ltr'>Nauigium</span> <span class='ocrx_word' id='word_1_326' title='bbox 838 3073 928 3140; x_wconf 87' lang='lat' dir='ltr'>abest,</span> <span class='ocrx_word' id='word_1_327' title='bbox 942 3073 1044 3126; x_wconf 90' lang='lat' dir='ltr'>semita</span> <span class='ocrx_word' id='word_1_328' title='bbox 1063 3072 1135 3126; x_wconf 91' lang='lat' dir='ltr'>inter</span> <span class='ocrx_word' id='word_1_329' title='bbox 1150 3073 1252 3127; x_wconf 88' lang='lat' dir='ltr'>fluctus</span> 
     </span>
     <span class='ocr_line' id='line_1_34' title="bbox 101 3153 1252 3228; baseline -0.007 -12"><span class='ocrx_word' id='word_1_330' title='bbox 101 3161 193 3216; x_wconf 89' lang='lat' dir='ltr'>solida</span> <span class='ocrx_word' id='word_1_331' title='bbox 206 3178 262 3215; x_wconf 91' lang='lat' dir='ltr'>non</span> <span class='ocrx_word' id='word_1_332' title='bbox 275 3161 411 3226; x_wconf 91' lang='lat' dir='ltr'>subsistit,</span> <span class='ocrx_word' id='word_1_333' title='bbox 424 3160 510 3215; x_wconf 92' lang='lat' dir='ltr'>imrno</span> <span class='ocrx_word' id='word_1_334' title='bbox 527 3158 652 3214; x_wconf 91' lang='lat' dir='ltr'>tumidus</span> <span class='ocrx_word' id='word_1_335' title='bbox 670 3173 808 3228; x_wconf 88' lang='lat' dir='ltr'>aquarum</span> <span class='ocrx_word' id='word_1_336' title='bbox 820 3171 924 3224; x_wconf 86' lang='lat' dir='ltr'>gurges</span> <span class='ocrx_word' id='word_1_337' title='bbox 941 3154 1119 3223; x_wconf 84' lang='lat' dir='ltr'>naufragium</span> <span class='ocrx_word' id='word_1_338' title='bbox 1133 3153 1252 3209; x_wconf 89' lang='lat' dir='ltr'>commi-</span> 
     </span>
     <span class='ocr_line' id='line_1_35' title="bbox 99 3235 1254 3312; baseline -0.007 -14"><span class='ocrx_word' id='word_1_339' title='bbox 99 3254 192 3298; x_wconf 88' lang='lat' dir='ltr'>natur.</span> <span class='ocrx_word' id='word_1_340' title='bbox 231 3245 327 3298; x_wconf 86' lang='lat' dir='ltr'>Dacus</span> <span class='ocrx_word' id='word_1_341' title='bbox 351 3260 369 3296; x_wconf 86' lang='lat' dir='ltr'>a</span> <span class='ocrx_word' id='word_1_342' title='bbox 388 3254 467 3312; x_wconf 91' lang='lat' dir='ltr'>tergo</span> <span class='ocrx_word' id='word_1_343' title='bbox 485 3251 624 3311; x_wconf 88' lang='lat' dir='ltr'>perurget,</span> <span class='ocrx_word' id='word_1_344' title='bbox 643 3239 808 3294; x_wconf 88' lang='lat' dir='ltr'>diuerticula</span> <span class='ocrx_word' id='word_1_345' title='bbox 827 3237 903 3292; x_wconf 87' lang='lat' dir='ltr'>nulla</span> <span class='ocrx_word' id='word_1_346' title='bbox 921 3247 1078 3307; x_wconf 87' lang='lat' dir='ltr'>patescunt,</span> <span class='ocrx_word' id='word_1_347' title='bbox 1100 3235 1254 3292; x_wconf 74' lang='lat' dir='ltr'>remorari²</span> 
     </span>
     <span class='ocr_line' id='line_1_36' title="bbox 101 3319 1297 3394; baseline -0.007 -12"><span class='ocrx_word' id='word_1_348' title='bbox 101 3343 159 3382; x_wconf 92' lang='lat' dir='ltr'>non</span> <span class='ocrx_word' id='word_1_349' title='bbox 172 3336 215 3381; x_wconf 86' lang='lat' dir='ltr'>est</span> <span class='ocrx_word' id='word_1_350' title='bbox 227 3326 392 3381; x_wconf 90' lang='lat' dir='ltr'>consultum.</span> <span class='ocrx_word' id='word_1_351' title='bbox 429 3323 504 3394; x_wconf 86' lang='lat' dir='ltr'>Quid</span> <span class='ocrx_word' id='word_1_352' title='bbox 517 3340 583 3392; x_wconf 91' lang='lat' dir='ltr'>ergo</span> <span class='ocrx_word' id='word_1_353' title='bbox 595 3324 751 3378; x_wconf 89' lang='lat' dir='ltr'>monachus</span> <span class='ocrx_word' id='word_1_354' title='bbox 763 3331 868 3390; x_wconf 88' lang='lat' dir='ltr'>ageret,</span> <span class='ocrx_word' id='word_1_355' title='bbox 882 3336 938 3390; x_wconf 93' lang='lat' dir='ltr'>quo</span> <span class='ocrx_word' id='word_1_356' title='bbox 950 3335 981 3374; x_wconf 91' lang='lat' dir='ltr'>se</span> <span class='ocrx_word' id='word_1_357' title='bbox 993 3329 1122 3388; x_wconf 87' lang='lat' dir='ltr'>verteret,</span> <span class='ocrx_word' id='word_1_358' title='bbox 1135 3319 1252 3375; x_wconf 92' lang='lat' dir='ltr'>consilio</span> <span class='ocrx_word' id='word_1_359' title='bbox 1267 3342 1297 3393; x_wconf 82' lang='lat'>35</span> 
     </span>
     <span class='ocr_line' id='line_1_37' title="bbox 101 3402 1253 3482; baseline -0.004 -19"><span class='ocrx_word' id='word_1_360' title='bbox 101 3425 209 3482; x_wconf 90' lang='lat' dir='ltr'>pauper</span> <span class='ocrx_word' id='word_1_361' title='bbox 228 3424 340 3478; x_wconf 90' lang='lat' dir='ltr'>prorsus</span> <span class='ocrx_word' id='word_1_362' title='bbox 359 3406 515 3477; x_wconf 86' lang='lat' dir='ltr'>ignorabat.</span> <span class='ocrx_word' id='word_1_363' title='bbox 553 3407 586 3460; x_wconf 91' lang='lat' dir='ltr'>ln</span> <span class='ocrx_word' id='word_1_364' title='bbox 603 3422 634 3459; x_wconf 91' lang='lat' dir='ltr'>se</span> <span class='ocrx_word' id='word_1_365' title='bbox 651 3405 765 3460; x_wconf 90' lang='lat' dir='ltr'>tandem</span> <span class='ocrx_word' id='word_1_366' title='bbox 781 3419 918 3470; x_wconf 90' lang='lat' dir='ltr'>reuersus,</span> <span class='ocrx_word' id='word_1_367' title='bbox 934 3402 1119 3472; x_wconf 90' lang='lat' dir='ltr'>omnipotenti</span> <span class='ocrx_word' id='word_1_368' title='bbox 1138 3403 1253 3458; x_wconf 88' lang='lat' dir='ltr'>dextere</span> 
     </span>
     <span class='ocr_line' id='line_1_38' title="bbox 101 3484 1253 3562; baseline -0.003 -17"><span class='ocrx_word' id='word_1_369' title='bbox 101 3508 158 3562; x_wconf 91' lang='lat' dir='ltr'>que</span> <span class='ocrx_word' id='word_1_370' title='bbox 170 3507 248 3544; x_wconf 89' lang='lat' dir='ltr'>mare</span> <span class='ocrx_word' id='word_1_371' title='bbox 266 3490 331 3545; x_wconf 82' lang='lat' dir='ltr'>lecit</span> <span class='ocrx_word' id='word_1_372' title='bbox 349 3499 376 3544; x_wconf 91' lang='lat' dir='ltr'>et</span> <span class='ocrx_word' id='word_1_373' title='bbox 391 3488 523 3556; x_wconf 88' lang='lat' dir='ltr'>arridam,</span> <span class='ocrx_word' id='word_1_374' title='bbox 536 3486 683 3556; x_wconf 88' lang='lat' dir='ltr'>negocium</span> <span class='ocrx_word' id='word_1_375' title='bbox 701 3503 783 3541; x_wconf 90' lang='lat' dir='ltr'>suum</span> <span class='ocrx_word' id='word_1_376' title='bbox 800 3484 957 3540; x_wconf 90' lang='lat' dir='ltr'>committit.</span> <span class='ocrx_word' id='word_1_377' title='bbox 995 3485 1098 3541; x_wconf 84' lang='lat' dir='ltr'>Statim</span> <span class='ocrx_word' id='word_1_378' title='bbox 1117 3486 1205 3541; x_wconf 91' lang='lat' dir='ltr'>mouit</span> <span class='ocrx_word' id='word_1_379' title='bbox 1223 3503 1253 3542; x_wconf 89' lang='lat' dir='ltr'>se</span> 
     </span>
     <span class='ocr_line' id='line_1_39' title="bbox 101 3569 1254 3643; baseline -0.005 -14"><span class='ocrx_word' id='word_1_380' title='bbox 101 3575 178 3643; x_wconf 88' lang='lat' dir='ltr'>biga,</span> <span class='ocrx_word' id='word_1_381' title='bbox 193 3589 245 3628; x_wconf 92' lang='lat' dir='ltr'>nec</span> <span class='ocrx_word' id='word_1_382' title='bbox 258 3583 332 3627; x_wconf 87' lang='lat' dir='ltr'>stare</span> <span class='ocrx_word' id='word_1_383' title='bbox 344 3570 452 3626; x_wconf 89' lang='lat' dir='ltr'>destitit</span> <span class='ocrx_word' id='word_1_384' title='bbox 464 3571 555 3626; x_wconf 88' lang='lat' dir='ltr'>donec</span> <span class='ocrx_word' id='word_1_385' title='bbox 568 3569 681 3624; x_wconf 90' lang='lat' dir='ltr'>dextera</span> <span class='ocrx_word' id='word_1_386' title='bbox 693 3578 754 3622; x_wconf 92' lang='lat' dir='ltr'>rota</span> <span class='ocrx_word' id='word_1_387' title='bbox 765 3569 896 3622; x_wconf 89' lang='lat' dir='ltr'>voluente</span> <span class='ocrx_word' id='word_1_388' title='bbox 910 3579 1128 3638; x_wconf 73' lang='lat' dir='ltr'>superponam,</span> <span class='ocrx_word' id='word_1_389' title='bbox 1142 3569 1254 3624; x_wconf 88' lang='lat' dir='ltr'>sinistra</span> 
     </span>
    </p>

    <p class='ocr_par' dir='ltr' id='par_1_4' title="bbox 101 3651 1299 4298">
     <span class='ocr_line' id='line_1_40' title="bbox 102 3651 1253 3725; baseline -0.007 -13"><span class='ocrx_word' id='word_1_390' title='bbox 102 3657 131 3712; x_wconf 93' lang='lat' dir='ltr'>in</span> <span class='ocrx_word' id='word_1_391' title='bbox 144 3673 209 3710; x_wconf 90' lang='lat' dir='ltr'>aere</span> <span class='ocrx_word' id='word_1_392' title='bbox 222 3657 292 3709; x_wconf 89' lang='lat' dir='ltr'>vltra</span> <span class='ocrx_word' id='word_1_393' title='bbox 305 3672 408 3725; x_wconf 86' lang='lat' dir='ltr'>aquam</span> <span class='ocrx_word' id='word_1_394' title='bbox 421 3665 556 3725; x_wconf 85' lang='lat' dir='ltr'>tanquam</span> <span class='ocrx_word' id='word_1_395' title='bbox 573 3669 658 3722; x_wconf 89' lang='lat' dir='ltr'>super</span> <span class='ocrx_word' id='word_1_396' title='bbox 673 3651 796 3705; x_wconf 78' lang='lat' dir='ltr'>atridam</span> <span class='ocrx_word' id='word_1_397' title='bbox 814 3651 963 3704; x_wconf 89' lang='lat' dir='ltr'>incedente</span> <span class='ocrx_word' id='word_1_398' title='bbox 980 3659 1008 3704; x_wconf 90' lang='lat' dir='ltr'>et</span> <span class='ocrx_word' id='word_1_399' title='bbox 1024 3651 1103 3722; x_wconf 84' lang='lat' dir='ltr'>quasi</span> <span class='ocrx_word' id='word_1_400' title='bbox 1118 3651 1253 3716; x_wconf 89' lang='lat' dir='ltr'>sulcante,</span> 
     </span>
     <span class='ocr_line' id='line_1_41' title="bbox 101 3732 1299 3808; baseline -0.008 -13"><span class='ocrx_word' id='word_1_401' title='bbox 101 3741 140 3795; x_wconf 88' lang='lat' dir='ltr'>ad</span> <span class='ocrx_word' id='word_1_402' title='bbox 162 3749 265 3794; x_wconf 86' lang='lat' dir='ltr'>terram</span> <span class='ocrx_word' id='word_1_403' title='bbox 287 3737 445 3808; x_wconf 89' lang='lat' dir='ltr'>oppositam</span> <span class='ocrx_word' id='word_1_404' title='bbox 470 3735 606 3807; x_wconf 90' lang='lat' dir='ltr'>peruenit.</span> <span class='ocrx_word' id='word_1_405' title='bbox 643 3735 728 3804; x_wconf 86' lang='lat' dir='ltr'>Quod</span> <span class='ocrx_word' id='word_1_406' title='bbox 752 3734 879 3789; x_wconf 83' lang='lat' dir='ltr'>videntes</span> <span class='ocrx_word' id='word_1_407' title='bbox 904 3733 942 3786; x_wconf 94' lang='lat' dir='ltr'>hii</span> <span class='ocrx_word' id='word_1_408' title='bbox 967 3733 1016 3802; x_wconf 93' lang='lat' dir='ltr'>qui</span> <span class='ocrx_word' id='word_1_409' title='bbox 1040 3743 1121 3787; x_wconf 90' lang='lat' dir='ltr'>erant</span> <span class='ocrx_word' id='word_1_410' title='bbox 1142 3749 1176 3786; x_wconf 92' lang='lat' dir='ltr'>ex</span> <span class='ocrx_word' id='word_1_411' title='bbox 1198 3732 1253 3786; x_wconf 88' lang='lat' dir='ltr'>alia</span> <span class='ocrx_word' id='word_1_412' title='bbox 1266 3752 1299 3801; x_wconf 87' lang='lat'>4⁰</span> 
     </span>
     <span class='ocr_line' id='line_1_42' title="bbox 102 3813 1253 3894; baseline -0.008 -18"><span class='ocrx_word' id='word_1_413' title='bbox 102 3831 183 3894; x_wconf 89' lang='lat' dir='ltr'>parte</span> <span class='ocrx_word' id='word_1_414' title='bbox 208 3820 338 3886; x_wconf 87' lang='lat' dir='ltr'>fluminis,</span> <span class='ocrx_word' id='word_1_415' title='bbox 371 3820 398 3874; x_wconf 93' lang='lat' dir='ltr'>in</span> <span class='ocrx_word' id='word_1_416' title='bbox 428 3820 540 3874; x_wconf 90' lang='lat' dir='ltr'>laudem</span> <span class='ocrx_word' id='word_1_417' title='bbox 564 3817 611 3873; x_wconf 92' lang='lat' dir='ltr'>dei</span> <span class='ocrx_word' id='word_1_418' title='bbox 635 3817 720 3872; x_wconf 89' lang='lat' dir='ltr'>cicius</span> <span class='ocrx_word' id='word_1_419' title='bbox 748 3825 951 3886; x_wconf 89' lang='lat' dir='ltr'>prorumpunt;</span> <span class='ocrx_word' id='word_1_420' title='bbox 977 3814 1136 3883; x_wconf 88' lang='lat' dir='ltr'>Ayelwinus</span> <span class='ocrx_word' id='word_1_421' title='bbox 1163 3813 1253 3868; x_wconf 89' lang='lat' dir='ltr'>eciam</span> 
     </span>
     <span class='ocr_line' id='line_1_43' title="bbox 101 3895 1253 3977; baseline -0.009 -17"><span class='ocrx_word' id='word_1_422' title='bbox 101 3904 218 3977; x_wconf 87' lang='lat' dir='ltr'>preuius</span> <span class='ocrx_word' id='word_1_423' title='bbox 242 3903 341 3972; x_wconf 87' lang='lat' dir='ltr'>auriga</span> <span class='ocrx_word' id='word_1_424' title='bbox 365 3901 482 3956; x_wconf 90' lang='lat' dir='ltr'>miratur</span> <span class='ocrx_word' id='word_1_425' title='bbox 506 3901 607 3970; x_wconf 85' lang='lat' dir='ltr'>visum,</span> <span class='ocrx_word' id='word_1_426' title='bbox 628 3899 797 3969; x_wconf 89' lang='lat' dir='ltr'>insolitoque</span> <span class='ocrx_word' id='word_1_427' title='bbox 822 3897 982 3968; x_wconf 89' lang='lat' dir='ltr'>spectaculo</span> <span class='ocrx_word' id='word_1_428' title='bbox 1005 3895 1054 3949; x_wconf 91' lang='lat' dir='ltr'>diu</span> <span class='ocrx_word' id='word_1_429' title='bbox 1078 3896 1253 3964; x_wconf 89' lang='lat' dir='ltr'>multumque</span> 
     </span>
     <span class='ocr_line' id='line_1_44' title="bbox 102 3977 1252 4054; baseline -0.01 -12"><span class='ocrx_word' id='word_1_430' title='bbox 102 3987 267 4054; x_wconf 88' lang='lat' dir='ltr'>delectatus,</span> <span class='ocrx_word' id='word_1_431' title='bbox 278 3986 306 4040; x_wconf 91' lang='lat' dir='ltr'>in</span> <span class='ocrx_word' id='word_1_432' title='bbox 316 3985 361 4040; x_wconf 92' lang='lat' dir='ltr'>dei</span> <span class='ocrx_word' id='word_1_433' title='bbox 371 3984 501 4040; x_wconf 89' lang='lat' dir='ltr'>laudibus</span> <span class='ocrx_word' id='word_1_434' title='bbox 514 3993 542 4038; x_wconf 93' lang='lat' dir='ltr'>et</span> <span class='ocrx_word' id='word_1_435' title='bbox 555 3983 645 4038; x_wconf 87' lang='lat' dir='ltr'>sancti</span> <span class='ocrx_word' id='word_1_436' title='bbox 655 3980 776 4037; x_wconf 88' lang='lat' dir='ltr'>martiris</span> <span class='ocrx_word' id='word_1_437' title='bbox 788 3979 918 4036; x_wconf 87' lang='lat' dir='ltr'>assiduus</span> <span class='ocrx_word' id='word_1_438' title='bbox 931 3988 1100 4049; x_wconf 88' lang='lat' dir='ltr'>perseuerat.</span> <span class='ocrx_word' id='word_1_439' title='bbox 1124 3977 1252 4032; x_wconf 91' lang='lat' dir='ltr'>Tandem</span> 
     </span>
     <span class='ocr_line' id='line_1_45' title="bbox 101 4059 1253 4135; baseline -0.01 -9"><span class='ocrx_word' id='word_1_440' title='bbox 101 4087 168 4126; x_wconf 92' lang='lat' dir='ltr'>cum</span> <span class='ocrx_word' id='word_1_441' title='bbox 182 4067 366 4124; x_wconf 87' lang='lat' dir='ltr'>londoniense</span> <span class='ocrx_word' id='word_1_442' title='bbox 381 4065 548 4122; x_wconf 89' lang='lat' dir='ltr'>suburbium</span> <span class='ocrx_word' id='word_1_443' title='bbox 564 4063 710 4135; x_wconf 82' lang='lat' dir='ltr'>attigisset,</span> <span class='ocrx_word' id='word_1_444' title='bbox 722 4063 823 4119; x_wconf 88' lang='lat' dir='ltr'>mirum</span> <span class='ocrx_word' id='word_1_445' title='bbox 839 4061 868 4115; x_wconf 92' lang='lat' dir='ltr'>in</span> <span class='ocrx_word' id='word_1_446' title='bbox 886 4061 1004 4114; x_wconf 88' lang='lat' dir='ltr'>modurn</span> <span class='ocrx_word' id='word_1_447' title='bbox 1022 4059 1137 4114; x_wconf 90' lang='lat' dir='ltr'>obuiam</span> <span class='ocrx_word' id='word_1_448' title='bbox 1154 4071 1253 4114; x_wconf 89' lang='lat' dir='ltr'>sancto</span> 
     </span>
     <span class='ocr_line' id='line_1_46' title="bbox 102 4141 1297 4222; baseline -0.009 -15"><span class='ocrx_word' id='word_1_449' title='bbox 102 4149 213 4222; x_wconf 86' lang='lat' dir='ltr'>corpori</span> <span class='ocrx_word' id='word_1_450' title='bbox 227 4151 310 4206; x_wconf 88' lang='lat' dir='ltr'>turba</span> <span class='ocrx_word' id='word_1_451' title='bbox 322 4167 379 4206; x_wconf 91' lang='lat' dir='ltr'>non</span> <span class='ocrx_word' id='word_1_452' title='bbox 392 4149 504 4204; x_wconf 77' lang='lat' dir='ltr'>modica</span> <span class='ocrx_word' id='word_1_453' title='bbox 521 4157 700 4218; x_wconf 88' lang='lat' dir='ltr'>processerat,</span> <span class='ocrx_word' id='word_1_454' title='bbox 711 4163 775 4218; x_wconf 89' lang='lat' dir='ltr'>que,</span> <span class='ocrx_word' id='word_1_455' title='bbox 785 4143 908 4200; x_wconf 89' lang='lat' dir='ltr'>nescitur</span> <span class='ocrx_word' id='word_1_456' title='bbox 920 4153 1012 4198; x_wconf 89' lang='lat' dir='ltr'>vtrurn</span> <span class='ocrx_word' id='word_1_457' title='bbox 1025 4141 1252 4213; x_wconf 90' lang='lat' dir='ltr'>precurrencium</span> <span class='ocrx_word' id='word_1_458' title='bbox 1267 4163 1297 4212; x_wconf 72' lang='lat'>45</span> 
     </span>
     <span class='ocr_line' id='line_1_47' title="bbox 103 4223 1252 4298; baseline -0.013 -4"><span class='ocrx_word' id='word_1_459' title='bbox 103 4253 141 4294; x_wconf 87' lang='lat' dir='ltr'>an</span> <span class='ocrx_word' id='word_1_460' title='bbox 162 4233 258 4290; x_wconf 90' lang='lat' dir='ltr'>diuine</span> <span class='ocrx_word' id='word_1_461' title='bbox 276 4231 426 4289; x_wconf 84' lang='lat' dir='ltr'>voluntatis</span> <span class='ocrx_word' id='word_1_462' title='bbox 447 4229 587 4296; x_wconf 87' lang='lat' dir='ltr'>vaticinio,</span> <span class='ocrx_word' id='word_1_463' title='bbox 604 4230 641 4284; x_wconf 86' lang='lat' dir='ltr'>ad</span> <span class='ocrx_word' id='word_1_464' title='bbox 662 4227 844 4298; x_wconf 87' lang='lat' dir='ltr'>obsequelam</span> <span class='ocrx_word' id='word_1_465' title='bbox 865 4223 987 4280; x_wconf 88' lang='lat' dir='ltr'>martiris</span> <span class='ocrx_word' id='word_1_466' title='bbox 1008 4224 1168 4294; x_wconf 86' lang='lat' dir='ltr'>premonita</span> <span class='ocrx_word' id='word_1_467' title='bbox 1186 4241 1252 4280; x_wconf 91' lang='lat' dir='ltr'>con·</span> 
     </span>
    </p>
   </div>
   <div class='ocr_carea' id='block_1_3' title="bbox 238 4348 1089 4410">
    <p class='ocr_par' dir='ltr' id='par_1_5' title="bbox 238 4348 1089 4410">
     <span class='ocr_line' id='line_1_48' title="bbox 238 4348 1089 4410; baseline -0.012 0"><span class='ocrx_word' id='word_1_468' title='bbox 238 4357 247 4388; x_wconf 89' lang='lat'>¹</span> <span class='ocrx_word' id='word_1_469' title='bbox 262 4358 302 4410; x_wconf 84' lang='lat' dir='ltr'>Cs.</span> <span class='ocrx_word' id='word_1_470' title='bbox 316 4357 370 4408; x_wconf 86' lang='lat' dir='ltr'>MS.</span> <span class='ocrx_word' id='word_1_471' title='bbox 382 4357 451 4408; x_wconf 82' lang='lat' dir='ltr'>Tria.</span> <span class='ocrx_word' id='word_1_472' title='bbox 464 4355 532 4407; x_wconf 90' lang='lat' dir='ltr'>Coll.</span> <span class='ocrx_word' id='word_1_473' title='bbox 545 4353 623 4406; x_wconf 86' lang='lat' dir='ltr'>Dubl.</span> <span class='ocrx_word' id='word_1_474' title='bbox 829 4348 839 4379; x_wconf 86' lang='lat'><strong>¹</strong></span> <span class='ocrx_word' id='word_1_475' title='bbox 855 4349 1089 4401; x_wconf 64' lang='lat' dir='ltr'>trasemundi.</span> 
     </span>
    </p>
   </div>
   <div class='ocr_carea' id='block_1_4' title="bbox 0 0 1544 4888">
    <p class='ocr_par' dir='ltr' id='par_1_6' title="bbox 0 0 1544 4888">
     <span class='ocr_line' id='line_1_49' title="bbox 0 0 1544 4888; baseline 0 0"><span class='ocrx_word' id='word_1_476' title='bbox 0 0 1544 4888; x_wconf 95' lang='lat' dir='ltr'> </span> 
     </span>
    </p>
   </div>
  </div>
 </body>
</html>
