3062 4888
92 325 242 378 usar.
257 324 324 391 nor
362 292 437 385 De
453 289 513 381 b.
531 292 749 379 erutum
765 305 859 396 tenc
877 298 916 378 et
932 297 1122 394 merore.
1178 315 1249 388 599

93 493 210 563 rigidus
227 504 255 549 et
272 494 387 550 inflatus
405 511 499 564 genua
514 494 627 550 flectere
642 494 758 562 distulit,
777 504 805 550 et
822 492 901 550 velo¹
917 494 993 565 quod
1013 512 1108 550 coram
1128 495 1249 550 sacrario

93 593 260 646 oppansum
272 588 332 633 erat
343 579 464 641 reuulso,
477 577 594 633 curiosis
610 579 699 632 oculis
717 578 884 648 perscrutari
900 579 973 648 cepit
989 578 1127 633 interiora.
1166 579 1250 646 Quod

94 676 166 714 cum
180 659 328 730 impudens
341 660 524 715 irreuerenter
536 669 648 730 ageret:
667 671 847 730 vtrorumque
862 661 1001 715 luminum
1018 660 1135 716 cecitate
1147 661 1249 715 multa·

94 753 152 796 tur.
193 743 286 810 Quam
297 743 407 798 cladem
420 753 450 798 vt
464 743 571 798 sensit:
592 761 622 799 se
635 759 776 813 peccasse,
790 761 821 798 se
837 761 954 811 errasse,
969 761 999 798 se
1016 743 1145 813 nequiter
1158 743 1249 813 egisse

94 825 261 880 miserando
273 828 396 880 clamore
410 827 522 893 fatetur,
534 826 621 881 vitam
639 827 759 897 spondet
772 827 1005 892 emendatiorem,
1018 844 1049 882 se
1062 827 1172 881 fidelem
1186 829 1250 894 deo,
1264 853 1278 902 5

94 909 291 979 deuotumque
303 921 402 964 sancto
419 910 573 964 Edmundo
589 909 723 981 deinceps
740 911 864 964 futurum
881 909 1034 979 pollicetur.
1072 910 1141 965 Ideo
1155 910 1249 965 oracio

95 991 232 1046 indicitur
253 992 399 1061 generalis,
419 1003 534 1047 sanctus
555 993 725 1048 Edmundus
750 992 906 1058 inuocatur,
925 1001 955 1045 vt
974 991 1077 1046 misero
1099 992 1249 1046 subueniat

96 1073 273 1142 imploratur.
299 1073 346 1130 Fit
358 1091 413 1128 vna
426 1093 480 1130 vox
491 1075 625 1139 omnium,
638 1085 666 1130 et
679 1091 730 1145 pro
743 1091 810 1130 ceco
822 1074 901 1129 multi
916 1075 1054 1145 supplices
1066 1075 1249 1130 intercedunt.

97 1157 228 1224 Quorum
254 1157 384 1227 precibus
405 1167 519 1212 sanctus
538 1159 635 1213 martir
654 1159 790 1228 pulsatus,
812 1167 922 1226 gratum
945 1174 1047 1212 munus
1065 1167 1161 1226 optate
1179 1157 1249 1213 lucis

97 1239 237 1309 indigenti
257 1240 370 1295 detersa
389 1241 508 1310 caligine
528 1241 662 1310 rependit
700 1243 768 1295 Mox
787 1239 833 1295 ille
855 1239 987 1295 detractis
1011 1239 1103 1294 aureis
1123 1239 1248 1308 armillis,
1267 1267 1295 1301 10

96 1339 150 1391 pro
170 1322 328 1392 graciarum
348 1322 463 1377 accione
482 1333 580 1378 sancto
605 1323 758 1378 Edmundo
780 1339 829 1378 eas
847 1322 947 1377 offerre
965 1339 1022 1376 non
1042 1321 1156 1376 distulit.
1196 1323 1248 1378 Cui

95 1405 199 1470 eciam,
209 1415 238 1458 vt
250 1415 374 1472 rouerat,
387 1406 505 1460 deuotus
518 1405 606 1461 extitit
616 1406 711 1476 quoad
725 1405 801 1464 uixit.
811 1405 954 1475 vitamque
968 1404 1106 1475 [correxit.
1145 1404 1208 1460 lliis
1221 1417 1249 1461 et

95 1487 261 1542 huiusmodi
274 1487 406 1542 virtutum
420 1487 588 1558 insignibus]
597 1487 608 1518 ²
618 1489 676 1542 fere
688 1504 738 1557 per
750 1488 899 1542 triennium
908 1505 964 1558 quo
977 1487 1083 1544 ibidem
1095 1505 1249 1546 commora-

96 1581 145 1624 tus
162 1581 214 1638 est,
232 1571 316 1639 longe
336 1571 447 1641 lateque
467 1588 569 1626 nomen
586 1569 706 1625 martiris
728 1570 835 1636 enituit,
855 1587 898 1635 ac,
920 1579 949 1625 vt
965 1570 1022 1625 fieri
1041 1571 1120 1637 solet,
1139 1589 1188 1642 per
1209 1573 1250 1627 in·

95 1653 207 1708 dultam
224 1654 342 1708 salutern
359 1670 507 1724 corporum
523 1655 641 1708 salutem
656 1653 750 1724 sepius
762 1656 930 1724 operabatur
940 1654 1107 1708 animarum.
1266 1685 1293 1734 ,5

204 1861 293 1922 lox
311 1875 516 1920 nnbuccroua
534 1875 645 1919 sxucm
665 1864 823 1919 Enuuuor
844 1875 886 1918 nn
905 1864 1073 1935 Loxnomx
1091 1877 1134 1918 xo

513 1948 835 2002 Baoxrcrsuuoxrmt.

135 2101 275 2170 Sampson
401 2063 515 2120 Uolutis
539 2065 596 2118 lere
621 2064 709 2120 tribus
729 2063 820 2131 annis,
838 2074 866 2118 et
890 2079 960 2133 pace
981 2063 1098 2120 ecclesie
1118 2065 1247 2122 reddita:

277 2141 284 2155 '
435 2157 549 2202 sanctus
562 2147 732 2202 Edmundus
747 2145 889 2216 Ayelwino
905 2145 933 2200 in
953 2147 1058 2201 somnis
1070 2149 1207 2218 apparuit,
1220 2159 1248 2206 et

97 2235 128 2280 vt
149 2243 252 2296 corpus
273 2244 355 2282 suum
374 2231 412 2284 ad
433 2229 686 2286 Bedricesuuorthe
711 2231 858 2285 reduceret
876 2230 1031 2285 admonuit.
1077 2229 1132 2300 Qui
1152 2231 1248 2288 statim

96 2307 279 2379 All[h]unum
293 2312 368 2368 vrbis
378 2312 522 2368 Londonie
531 2312 695 2382 episcopum
702 2311 809 2380 adiens,
817 2312 963 2368 licenciam
972 2314 1095 2382 postulat
1103 2314 1246 2382 abeundi3
1306 2371 1310 2386 ,

98 2394 137 2447 ad
150 2393 386 2463 peregrinandum
402 2395 499 2466 pocius
513 2413 598 2467 quam
614 2396 652 2450 ad
670 2397 853 2464 manendum,
866 2395 931 2450 illuc
948 2413 978 2450 se
995 2396 1106 2450 venisse
1123 2413 1247 2451 comme-
1263 2419 1294 2456 πο

97 2491 221 2530 morans.
258 2479 333 2547 Egre
346 2480 438 2548 presul
449 2479 560 2549 accipit,
571 2488 614 2534 set
623 2478 728 2533 inuitus
737 2480 851 2535 tandem
862 2479 976 2544 annuit3
997 2479 1128 2534 simulata
1147 2489 1243 2533 tamen

97 2559 256 2614 deuocione
264 2561 391 2616 fraudem
401 2562 581 2628 adumbrans,
592 2561 720 2630 religioso
732 2561 869 2616 famulatu
879 2571 1008 2616 sanctum
1018 2561 1202 2615 Edmundum
1215 2577 1247 2616 se

98 2653 311 2712 prosecuturum
321 2644 473 2715 pollicetur.
494 2645 576 2699 Tunc
584 2660 681 2699 secum
694 2643 789 2699 ascitis
802 2644 890 2699 tribus
903 2643 1042 2709 eelericis,
1052 2643 1088 2696 ad
1098 2643 1246 2698 ecclesiam

100 2725 190 2780 sancti
210 2727 337 2794 Gregorii
359 2726 537 2796 quamtocius
558 2737 698 2798 properat,
721 2737 749 2782 et
770 2726 870 2781 sinon
895 2724 1059 2794 simpliciter
1083 2735 1177 2780 tamen
1202 2743 1246 2780 re·

100 2819 226 2863 uerenter
244 2809 390 2877 accedens,
412 2811 524 2865 thecam
544 2827 610 2864 cum
629 2812 761 2865 thesauro
781 2809 913 2863 subiectis
933 2808 1065 2874 humeris,
1085 2808 1247 2878 clericisque
1263 2831 1291 2880 ²5

99 2889 270 2958 iuuantibus,
280 2903 397 2946 conatur
406 2893 541 2947 attollere.
571 2893 617 2947 Ad
629 2893 705 2964 quod
718 2892 786 2946 dum
799 2890 907 2946 enixius
920 2891 1060 2946 elaborat:
1081 2891 1165 2945 sentit
1175 2907 1247 2946 onus

100 2973 292 3029 intollerabile.
328 2975 384 3029 Alii
404 2985 525 3044 quatuor
544 2975 752 3044 adiunguntur:
782 2983 824 3029 set
845 2973 918 3028 vires
938 2973 1053 3027 minime
1075 2983 1245 3042 suppetunt;

100 3056 202 3112 deinde
225 3057 262 3127 xij
288 3057 385 3124 additi,
411 3059 553 3114 incassum
584 3057 751 3127 fatigantur3
782 3058 820 3111 ad
844 3067 1017 3126 postremum
1048 3055 1122 3125 xxiiij
1144 3054 1246 3111 iunctis

99 3139 204 3195 viribus
217 3141 291 3196 circa
300 3141 428 3196 lecticam
439 3142 641 3197 subleuandam
652 3141 845 3211 disponuntur,
858 3150 900 3194 set
914 3147 942 3193 et
952 3138 1003 3208 ipsi
1013 3137 1060 3192 diu
1074 3138 1247 3194 desudantes

100 3223 242 3278 martirem
261 3223 306 3280 dei
327 3223 355 3278 in
376 3223 470 3294 aliquo
489 3242 601 3280 mouere
623 3240 680 3278 non
700 3233 837 3295 poterant.
876 3221 960 3289 Quod
979 3222 1078 3276 videns
1098 3220 1247 3292 episcopus
1263 3247 1294 3295 30

101 3323 157 3360 vna
168 3323 232 3360 cum
245 3307 301 3362 suis
314 3307 420 3377 pudore
433 3306 554 3362 suffusus
566 3306 767 3362 admirabatur.
803 3303 949 3376 Siquidem
969 3303 1129 3359 domesticis
1147 3305 1206 3359 suis
1220 3314 1248 3360 et

100 3388 267 3459 quibusdam
276 3388 384 3444 ciuibus
396 3389 533 3444 indixerat
550 3400 580 3445 ut
595 3406 659 3444 cum
672 3389 803 3444 feretrum
820 3389 857 3443 de
875 3387 994 3443 ecclesia
1011 3388 1099 3442 sancti
1118 3389 1247 3458 Gregorii

99 3471 279 3528 extulissent:
299 3472 337 3526 ed
351 3472 499 3528 ecclesiam
516 3473 605 3527 sancti
620 3471 698 3527 Pauli
715 3471 797 3544 quasi
812 3470 940 3526 nolentes
958 3472 1249 3541 exportarent-bona

100 3553 213 3625 quidem
226 3554 351 3622 deuocio,
365 3565 406 3610 set
419 3573 437 3608 a
449 3557 593 3610 voluntate
605 3553 650 3610 dei
669 3564 697 3609 et
716 3553 806 3610 sancti
823 3553 968 3608 Edmundi
986 3553 1166 3623 discrepabat
1184 3553 1247 3609 talis

100 3637 229 3692 intencio.
253 3638 359 3692 Verum
371 3655 435 3692 cum
448 3639 484 3694 ab
495 3637 657 3692 huiusmodi
667 3655 716 3708 spe
726 3639 771 3692 dei
785 3648 853 3692 nutu
868 3637 1030 3706 prepeditus
1042 3637 1192 3706 episcopus
1205 3654 1245 3692 re·
1262 3660 1293 3709 ³5

101 3721 223 3790 cidisset,
232 3721 403 3791 appropians
414 3722 573 3791 Ayelwinus
586 3721 704 3792 procidit
718 3721 746 3775 in
758 3721 888 3775 oracione
900 3736 996 3774 coram
1007 3730 1115 3787 sancto,
1126 3736 1246 3789 propen-

100 3803 158 3858 sius
170 3821 234 3859 eum
246 3804 399 3860 obsecrans
411 3821 447 3859 ne
459 3823 523 3860 eum
536 3807 589 3860 hac
602 3804 663 3859 vice
676 3821 726 3860 sue
735 3803 886 3858 voluntatis
893 3804 1037 3858 frustretur
1048 3803 1247 3870 ostentamine,

101 3886 128 3941 in
139 3886 344 3956 presenciarum
355 3888 531 3943 ostendendo
542 3888 682 3958 propriam
692 3903 722 3941 se
732 3888 805 3941 nolle
815 3886 942 3940 deserere
952 3885 1103 3954 regionem.
1132 3887 1170 3939 Et
1181 3901 1245 3960 cum

100 3971 137 4024 ab
149 3969 278 4026 oracione
296 3970 466 4038 surrexisset,
480 3971 569 4026 tribus
584 3988 618 4025 ex
633 3969 782 4024 comitibus
797 3969 855 4024 suis
872 3968 925 4024 sibi
945 3968 1046 4024 iunctis
1060 3977 1146 4022 'tanta
1156 3967 1246 4023 facili·

100 4062 157 4108 tate
170 4053 281 4108 thecam
293 4055 384 4108 eleuat
397 4064 427 4108 ut
439 4053 525 4108 nichil
534 4053 667 4123 ponderis
679 4052 810 4108 habuisse
823 4061 975 4122 putaretur.
999 4055 1118 4121 Arrepta
1130 4053 1246 4106 demum
1260 4077 1293 4125 40

101 4137 154 4205 via,
163 4136 192 4191 in
204 4153 307 4206 magno
319 4153 426 4194 merore
439 4135 582 4192 ciuitatem
595 4136 712 4206 reliquit,
722 4134 841 4204 plurima
854 4135 919 4190 cleri
930 4135 1073 4204 plebisque
1083 4135 1246 4206 frequencia

101 4229 226 4276 sanctum
244 4221 340 4290 procul
358 4221 395 4276 ab
410 4221 478 4275 vrbe
495 4235 583 4288 vsque
601 4219 637 4274 ad
655 4230 770 4289 pontem
789 4219 953 4276 Stratiordie
966 4231 1171 4289 prosequente3
1192 4234 1252 4274 nec.

391 4353 401 4384 ¹
418 4353 473 4404 MS.
486 4352 576 4404 velum.
872 4349 882 4379 ²
899 4367 949 4401 om.
