3054 4904
584 295 715 384 ιιιῦιι
740 293 930 397 [tatuit
954 293 1106 398 fluuii&

468 640 489 693 ‘ll
507 625 561 694 Da
579 653 695 694 seuero
717 625 874 694 Κιιιιιιιο
893 653 972 694 naus
993 653 1030 694 ιι
1049 639 1225 695 ιιιιιιιιιιιῑ.

342 775 406 832 Ex’
426 775 606 833 Merciorum
627 775 815 876 Kenulphus,
828 793 907 832 anno
926 775 1039 834 domini
1058 775 1306 850 octingentesimo
1326 795 1420 833 nono·

375 863 500 932 decimo,
514 862 599 936 regni
613 861 658 920 sui
671 863 815 922 vicesimo
827 873 931 938 quarto
945 865 1090 922 mundum
1108 865 1291 939 relinquens,
1308 865 1421 923 Kenel-

271 967 353 1008 mum
373 953 516 1009 heredem
535 951 662 1024 reliquit,
682 951 728 1008 cui
749 953 808 1009 due
830 960 916 1009 erant
935 969 1072 1008 sorores:
1093 953 1275 1024 Quendreda
1294 963 1326 1009 et
1345 953 1421 1010 Bur·

270 1039 397 1112 genilda.
447 1039 537 1096 Hunc
561 1041 641 1095 enim
669 1039 851 1097 Kenelmum
877 1049 956 1098 etate
980 1041 1149 1113 paruulum,
1175 1043 1229 1098 sed
1254 1041 1357 1098 animo
1386 1059 1420 1098 ac

241 1127 381 1200 gpietate
400 1127 621 1200 magnificum,
614 1146 643 1183 ιιι
664 1145 767 1200 regem
786 1129 918 1200 elegerat
936 1145 1021 1185 amor
1039 1127 1142 1203 populi
1161 1128 1227 1185 sui.
1247 1130 1303 1186 sed
1317 1130 1420 1199 Quen·

270 1217 364 1274 dreda
382 1234 456 1274 seuo
474 1217 568 1273 liuore
587 1225 617 1272 et
636 1216 782 1288 regnandi
800 1215 962 1272 ambitione
982 1216 1141 1286 stimulata,
1154 1215 1352 1274 insidiabatur
1370 1217 1421 1274 illi.

269 1303 367 1374 Quem
387 1321 455 1360 cum
474 1321 593 1361 veneno
611 1302 788 1376 extinguere
808 1321 868 1359 non
887 1303 1021 1377 posset³,
1040 1303 1105 1361 eius
1124 1303 1282 1361 nutricium
1301 1315 1332 1362 et
1350 1323 1419 1378 pro·

270 1401 445 1462 curatorem,
457 1392 579 1450 nomine
589 1391 839 1459 Aschebertum⁴,
851 1391 1023 1464 ingentibus
1033 1409 1158 1464 premns
1165 1401 1196 1448 et
1206 1409 1260 1465 spe
1271 1393 1421 1451 consortis

269 1478 387 1552 imperii
399 1479 429 1535 ιιι
443 1479 607 1537 fraternum
620 1479 753 1552 iugulum
767 1497 883 1537 armam
897 1497 957 1535 non
975 1479 1081 1536 timuit.
1106 1479 1171 1536 Tali
1185 1479 1294 1536 modo'
1286 1481 1420 1539 inuicem

226 1585 256 1621 ιο
269 1566 432 1623 conciliati⁶
434 1577 634 1640 ,parauerunt
647 1569 771 1640 sagittas
784 1585 863 1636 suas,
876 1576 907 1624 vt
923 1566 1098 1640 sagittarent
1113 1566 1143 1623 in
1158 1567 1285 1624 obscuro
1299 1578 1417 1626 rectum

269 1656 367 1712 corde.
417 1653 460 1711 Ea
484 1663 663 1728 tempestate
686 1655 761 1712 vidit
786 1655 955 1712 Kenelmus
979 1671 1035 1728 per
1060 1655 1232 1727 sompnium
1260 1655 1419 1724 visionem,

268 1759 358 1815 quam
385 1741 491 1799 nutrici
517 1759 572 1800 sue
595 1741 758 1800 Wlwenne
783 1743 919 1800 reserens
938 1742 1030 1800 dixit:
1060 1742 1183 1799 ‘Visum
1207 1751 1254 1799 est
1276 1743 1378 1814 michi,
1401 1763 1421 1802 o

269 1839 364 1888 mater
380 1829 546 1898 karissima,
564 1830 645 1903 quod
661 1839 730 1887 ante
749 1830 918 1888 cubiculum
933 1847 1035 1886 meum
1052 1831 1142 1886 arbor
1157 1829 1303 1888 altissima
1318 1849 1418 1906 vsque

267 1919 305 1975 ad
319 1918 418 1976 sidera
430 1918 545 1985 stabat3
564 1935 614 1974 me
627 1935 699 1975 vero
710 1917 850 1976 videbam
868 1927 949 1975 stare
966 1919 996 1974 ιιι
1012 1916 1077 1975 eius
1093 1918 1187 1974 arduo
1201 1917 1323 1989 vertice,
1335 1923 1418 1977 vnde

225 2018 254 2069 15
268 2006 327 2062 late
351 2015 486 2105 poteram
511 2005 612 2062 omnia
636 2005 821 2078 conspicere.
859 2005 931 2062 Erat
955 2014 1054 2062 autem
1080 2005 1283 2078 pulcherrima
1301 2016 1332 2063 et
1358 2007 1419 2066 late

267 2093 370 2150 effusis
390 2093 482 2150 ramis
501 2092 646 2165 speciosa,
660 2094 723 2149 ab
715 2111 776 2150 mro
795 2095 832 2151 ad
852 2109 1004 2150 summum
1023 2094 1163 2150 omnibus
1181 2091 1305 2150 lloribus
1323 2094 1419 2152 reler-

267 2180 390 2238 tissima.
414 2179 561 2238 Videbam
570 2198 689 2254 quoque
700 2197 867 2238 innumeris
875 2179 1072 2237 luminanbus
1081 2189 1172 2236 totam
1185 2181 1310 2238 ardere:
1325 2181 1419 2240 michi

267 2285 339 2325 vero
356 2278 419 2325 tres
437 2277 539 2340 partes
558 2267 646 2324 huius
664 2277 744 2326 terre
761 2285 857 2341 prona
875 2269 993 2325 curuari
1013 2267 1181 2325 deuotione.
1218 2267 1355 2342 Cumque
1378 2272 1418 2330 de

266 2361 348 2409 tanta
367 2352 490 2427 specula
511 2349 638 2408 mirarer
655 2352 812 2420 visionem,
833 2351 953 2425 quidam
977 2369 1114 2408 meorum
1136 2351 1241 2408 subter
1264 2353 1419 2412 irruentes

223 2459 254 2494 ιο
267 2439 455 2497 succiderunt
468 2439 615 2508 arborem,
628 2448 658 2497 et
670 2439 719 2495 iila
731 2439 845 2511 ingenti
857 2445 943 2496 ruina
954 2439 1069 2496 cecidit.
1108 2437 1171 2512 Ego
1188 2456 1259 2496 vero
1279 2441 1419 2512 protinus

266 2526 419 2584 efficiebar
436 2525 552 2582 auicula
570 2526 705 2594 candida,
724 2536 755 2583 et
773 2526 868 2583 libero
888 2527 987 2583 volatu
1007 2528 1112 2584 ethera
1136 2529 1310 2600 penetraui’
1355 2529 1417 2588 Vix

266 2615 401 2671 elocutus
414 2613 509 2671 suerat
521 2615 677 2684 visionem,
691 2631 759 2671 cum
776 2615 878 2671 nutrix
894 2623 1000 2686 pectus
1017 2614 1148 2671 tundens
1165 2615 1256 2671 talem
1271 2616 1371 2690 erupit
1385 2617 1418 2675 in

265 2719 388 2760 vocem.
416 2701 503 2758 ‘Heu
522 2717 580 2771 me,
599 2700 705 2774 inquit,
724 2701 766 2758 fili
785 2703 827 2758 mi
845 2701 1027 2770 dulcissime,
1046 2700 1104 2758 heu
1125 2701 1243 2758 lactatio
1264 2712 1294 2760 et
1319 2706 1417 2762 nutri-

266 2798 401 2846 mentum
431 2805 531 2846 meum
560 2793 672 2846 suaue!
709 2806 822 2862 ergone
846 2787 955 2846 insidie
985 2798 1113 2860 tuorum,
1140 2807 1253 2863 ergone
1281 2790 1416 2866 maligna

221 2898 251 2949 ²5
266 2875 389 2934 consilia
406 2877 518 2934 sororis
531 2884 561 2932 et
577 2873 693 2933 nutricii
709 2875 752 2932 tui
769 2875 967 2948 preualebunt
985 2877 1148 2934 aduersum
1160 2881 1211 2934 te?
1232 2875 1310 2948 Heu,
1324 2897 1415 2952 quam

265 2967 365 3034 timeo,
388 2965 528 3021 arborem
552 2963 633 3019 illam
658 2963 805 3021 succisam
831 2963 940 3020 indolis
965 2973 1015 3020 tue
1040 2964 1218 3037 presignare
1247 2965 1416 3024 iacturam!

265 3061 472 3109 verumtamen
486 3049 516 3106 in
529 3049 652 3122 auicula,
665 3067 725 3124 qua
736 3051 919 3125 penetrabas
936 3051 1049 3120 ethera,
1061 3052 1235 3124 intelligitur
1251 3069 1417 3112 ascensure

264 3150 315 3197 tue
339 3139 439 3196 anime
460 3139 572 3212 gloria)
608 3139 816 3195 Aschebertus
838 3139 971 3208 tandem,
992 3138 1093 3195 habita
1112 3141 1268 3196 occasione
1289 3140 1416 3200 sceleris

264 3222 441 3294 maturandi,
475 3220 658 3278 Kenehnum
686 3221 842 3278 abducit'
836 3239 866 3277 ιιι
897 3221 1004 3277 siluam
1032 3223 1127 3293 gratia
1157 3222 1296 3290 venandi,
1327 3227 1417 3296 quasi

219 3333 252 3381 30
264 3311 474 3367 oblectandum
499 3326 602 3365 arnore
626 3307 714 3366 studii
739 3311 864 3382 paterni.
902 3308 1039 3381 Cumque
1062 3309 1139 3366 silue
1160 3312 1418 3383 approximarent,

264 3397 392 3454 tenellus
407 3405 526 3470 septem
545 3413 692 3453 annonam
710 3414 785 3470 puer
804 3413 932 3470 sompno
950 3406 1147 3470 pregrauatus
1164 3415 1242 3470 equo
1254 3398 1417 3470 delabitur,

264 3484 364 3557 ibique
390 3485 537 3540 recubans
563 3501 687 3541 securus
710 3484 855 3541 malorum
881 3493 961 3541 totus
986 3494 1152 3556 soporatur.
1196 3484 1281 3542 Tunc
1306 3489 1417 3546 crude·

264 3569 414 3630 lissimus⁸
432 3570 576 3628 nutricius
593 3571 711 3628 foueam
729 3580 822 3644 parat,
833 3570 865 3627 in
880 3588 970 3644 quam
989 3588 1059 3628 eum
1076 3571 1163 3629 citius
1181 3574 1294 3629 obruat.
1336 3573 1419 3633 Puer

263 3661 384 3716 tandem
399 3657 614 3731 expergiscens
626 3658 803 3732 prophetica
819 3659 914 3716 fertur
928 3677 1004 3716 voce
1020 3657 1154 3715 dixisse:
1174 3659 1317 3716 ‘Frustra
1335 3661 1417 3720 hanc

218 3765 249 3814 35
264 3748 354 3805 michi
368 3745 487 3803 molitus
500 3763 534 3802 es
552 3746 742 3820 speluncam:
763 3763 823 3803 non
843 3745 923 3803 enim
943 3745 1000 3816 hic,
1012 3754 1044 3803 vt
1058 3746 1178 3819 cogitas,
1192 3747 1245 3803 sed
1259 3748 1417 3808 remotiori

264 3837 337 3905 loco,
349 3834 397 3892 vbi
412 3836 487 3891 deus
500 3833 638 3906 prouidit,
651 3835 835 3890 occumbam.
871 3833 959 3890 Vnde
972 3832 1025 3890 tibi
1038 3842 1152 3890 certum
1165 3835 1246 3890 dabit
1260 3834 1358 3892 hec'
1329 3853 1417 3911 virga

212 3991 214 3999 ⁴
263 3925 427 3997 signum,s1
419 3922 530 3978 modo
542 3921 675 3994 plantata
688 3921 841 3991 frondeat:
851 3931 880 3976 et
892 3921 1008 3994 virgam
1022 3937 1112 3993 quam
1125 3938 1216 3977 manu
1229 3921 1323 3993 gessit
1332 3933 1416 3982 terre

262 4011 365 4068 affixit
404 4011 470 4067 Hec
488 4027 525 4066 eo
544 4009 671 4080 dicente,
690 4008 790 4066 statim
810 4008 940 4066 radicata
958 4009 1042 4081 virga
1061 4007 1140 4082 cepit
1158 4008 1364 4082 frondescere,
1385 4025 1417 4070 et

295 4166 303 4196 ¹
321 4167 360 4216 Ed
383 4167 451 4216 inA.
465 4167 512 4216 SS.
526 4165 591 4214 Boll.
603 4165 665 4227 July
679 4165 720 4214 lV.
733 4180 760 4226 p.
771 4179 829 4224 300,
843 4165 934 4213 lroma
947 4164 1001 4214 MS.
1016 4165 1082 4214 Rub.
1092 4165 1180 4214 Vallis.
1215 4166 1275 4214 hbe
1289 4166 1355 4216 hom
1368 4169 1417 4218 the

261 4231 358 4287 Vitam
373 4233 426 4282 MS.
440 4233 599 4292 Doucc368,
613 4231 690 4293 Corp.
704 4231 766 4280 Chr.
779 4231 843 4280 Coll.
858 4231 955 4280 Cambr.
969 4233 1026 4292 367,
1040 4231 1115 4280 Bodl.
1127 4233 1191 4293 οδες
1207 4231 1238 4281 cl.
1252 4231 1309 4282 Sar.
1323 4233 1369 4284 Br.

295 4298 350 4348 ²T.
363 4298 516 4360 Kenulphus
529 4313 573 4346 rex
586 4297 746 4346 merciorum.
843 4296 853 4325 ³
871 4297 899 4345 E
913 4305 1002 4360 posset
1014 4312 1075 4344 ιιοιι.
1169 4295 1223 4347 *Τ
1235 4298 1417 4362 escebertum

263 4363 291 4413 E.
305 4364 496 4412 aschebercum.
606 4361 662 4412 ³13.
674 4361 808 4412 consiliati.
912 4361 968 4412 ⁰E.
982 4360 1180 4416 credulissimus.
