3012 4898
44 353 208 424 nam-1
378 339 454 436 De
475 340 696 444 cantantia
723 327 918 431 mannuli.
1151 361 1223 440 307

44 541 92 591 illi
105 550 226 594 mortem
238 553 362 595 eternam.
396 544 449 610 lpsi
465 555 552 597 autem
569 546 693 598 immundi
710 547 816 611 spin'tus
833 554 907 597 erant
923 547 989 610 nigri
1006 546 1073 597 sicut
1089 547 1223 608 carbones,

46 621 130 670 oculi
144 637 237 672 sonam
253 629 282 672 ut
296 623 426 686 lampades
442 623 496 688 igni
511 626 643 686 amentes,
654 626 746 674 dentes
759 640 849 674 eorum
860 623 921 674 niue
935 625 1113 686 candidiores;
1129 626 1224 674 modas

46 699 198 750 habebant
209 709 238 750 ut
253 703 414 766 scorpiones,
425 718 525 765 ungues
540 703 639 753 ferreos
655 709 751 765 acutos,
764 703 819 752 alas
835 709 863 752 ut
879 702 997 754 uulturis.
1032 701 1135 752 Interea
1151 703 1223 753 alluit

46 779 175 840 angelus
209 779 314 842 domini,
344 781 388 843 qui
420 781 515 844 iugatis
545 781 677 844 spiritibus
703 781 867 831 tenebrarum
894 781 1042 831 consolatus
1072 789 1113 831 est
1142 781 1223 846 (ea)m

47 857 173 908 dicens:
196 857 304 908 ‘Gaude
324 867 351 909 et
372 859 462 918 letare,
481 860 535 910 lilia
557 859 628 920 lueis,
648 859 708 922 quia
731 859 941 924 (misericordiam
964 859 1001 923 et)
1026 875 1079 908 non
1101 858 1251 920 iudiciums

48 937 244 998 consequeris.
280 937 365 987 Penas
389 939 468 1002 (enim
496 953 603 1001 magnas
630 938 752 1002 ui)debis,
776 947 817 988 set
845 953 889 989 ess
915 953 968 987 non
995 938 1110 1000 pacieris.
1145 937 1222 1003 (Veni

49 1029 126 1076 ergo
145 1021 175 1064 et
191 1015 339 1078 os)tendam
355 1016 401 1066 tibi
418 1017 559 1079 pessimum
577 1017 682 1066 humani
701 1017 805 1080 generis
821 1015 968 1078 inimicum,’
986 1022 1013 1065 et
1029 1015 1173 1079 precedens
1190 1017 1222 1066 ad

49 1097 156 1154 portas
175 1093 276 1152 inserui,
297 1094 381 1145 dixit:
407 1093 491 1144 ‘Veni
509 1102 536 1145 et
556 1095 623 1146 uide.
660 1095 731 1144 Scito
750 1103 837 1144 tamen
856 1095 925 1158 quod
945 1093 1044 1143 nullum
1064 1093 1152 1143 lumen
1171 1093 1223 1144 hiis

49 1171 103 1233 qui
122 1172 180 1221 hue
196 1173 353 1235 deputantur
368 1172 453 1235 lucet3
473 1179 513 1222 set
531 1181 558 1222 tu
573 1173 673 1236 poteris
689 1188 737 1223 eos
753 1173 842 1222 uidere
860 1181 887 1224 et
904 1173 953 1236 ipsi
970 1188 1023 1221 non
1037 1172 1161 1222 uidebunt
1178 1171 1224 1224 te’

49 1238 240 1313 Appropians
262 1258 348 1301 autem
369 1251 457 1300 anima
477 1251 542 1301 uidit
558 1251 700 1314 principem
717 1251 882 1301 tenebrarum
900 1259 927 1301 et
944 1251 1100 1316 profundum
1118 1251 1220 1301 inferni.
1237 1260 1268 1298 10

51 1327 122 1389 Que
143 1337 232 1379 autem
255 1337 282 1379 et
300 1331 384 1393 qualia
405 1329 441 1379 ibi
463 1329 557 1378 uiderit
576 1331 693 1379 inaudita
710 1337 853 1387 tormenta;
873 1329 895 1379 si
913 1338 1017 1379 centum
1037 1330 1131 1392 capita,
1150 1331 1222 1380 etin

52 1421 226 1470 unoquoque
237 1408 321 1471 capite
334 1415 438 1458 centum
455 1415 545 1458 essent
560 1408 648 1471 lingue
655 1407 672 1468 ¹,
685 1423 805 1458 enarrare
821 1407 894 1457 nullo
911 1409 990 1457 modo
1007 1416 1116 1470 possent
1125 1406 1141 1457 ¹.
1184 1407 1221 1458 lbi

52 1487 138 1535 uisus
160 1492 202 1535 est
220 1485 343 1550 princeps
360 1485 488 1547 diabolus,
506 1487 551 1549 qui
565 1487 743 1549 magnitudine
761 1487 917 1550 precedebat
936 1501 1027 1536 omnes
1045 1486 1141 1536 bestias
1157 1501 1222 1548 quas

53 1571 124 1614 ante
145 1565 257 1626 uiderat,
278 1565 351 1615 cuius
371 1565 488 1628 corporis
505 1566 642 1628 quantitati
660 1566 717 1629 ipsa
737 1581 788 1628 que
808 1566 907 1616 uiderat
925 1567 1011 1614 anima
1029 1564 1107 1614 nichil
1125 1565 1223 1614 sciebat

53 1657 225 1705 comparare.
262 1641 324 1692 Erat
340 1644 410 1692 enim
427 1643 510 1693 bestia
524 1643 665 1706 nigerrima
681 1645 748 1693 sicut
764 1659 867 1704 coruus,
879 1644 986 1692 formam
1001 1643 1100 1692 habens
1116 1641 1267 1705 humani15

54 1722 185 1784 corporis
204 1737 220 1770 a
240 1722 348 1784 pedibus
366 1737 450 1784 usque
468 1722 502 1770 ad
520 1728 606 1785 caput,
627 1729 738 1785 excepto
758 1721 828 1785 quod
847 1720 970 1784 plurimas
989 1721 1099 1770 habebat
1121 1737 1222 1784 manus,

54 1799 194 1850 habebat¹
201 1809 230 1850 et
240 1801 354 1851 caudam.
385 1800 505 1850 Habebat
516 1799 644 1863 siquidem
656 1817 709 1850 non
722 1801 807 1850 minus
818 1800 886 1850 mille
898 1799 1023 1859 manibus,
1033 1807 1060 1848 et
1072 1801 1099 1849 in
1110 1800 1221 1862 longitu-

54 1879 123 1934 dine
132 1879 208 1940 quasi
215 1887 321 1928 eentum
330 1878 438 1938 cubitos,
446 1879 473 1927 in
481 1879 657 1941 grossitudine
665 1880 755 1928 decem
764 1877 943 1944 habeba[n]t‘.
963 1878 1221 1940 Vuaquequemanus

52 1957 162 2019 digitos
175 1957 282 2006 uicenos
293 1957 390 2017 habuit,
397 1961 424 2005 et
434 1955 506 2020 digiti
519 1957 575 2006 eius
586 1957 614 2006 in
624 1957 787 2019 longitudine
796 1963 920 2007 centenas
929 1955 1028 2019 palmas
1040 1956 1195 2022 habeba[n]t
1202 1959 1219 2016 ⁶,

51 2043 87 2084 et
106 2035 137 2083 in
157 2035 334 2096 grossitudine
347 2036 435 2084 denas
472 2033 592 2084 Habebat
608 2049 708 2097 ungues
725 2034 820 2084 lanceis
836 2034 946 2083 militum
963 2034 1107 2096 grossiores
1123 2042 1149 2084 et
1165 2035 1221 2084 lon·
1236 2045 1268 2084 ao

57 2113 161 2176 giores,
179 2121 206 2162 et
224 2113 295 2176 ipsos
311 2113 409 2163 ferreos
418 2129 425 2173 ;
441 2113 467 2162 in
488 2114 597 2177 pedibus
612 2115 728 2163 totidem.
766 2113 889 2164 Rostrum
906 2113 962 2162 eius
976 2113 1051 2162 nimis
1068 2111 1174 2176 longum
1195 2120 1222 2163 et

57 2207 195 2256 grossum,
208 2192 290 2241 cauda
303 2192 443 2254 asperrima
458 2199 486 2241 et
498 2191 583 2253 lona,
595 2192 628 2241 ad
646 2193 792 2241 nocendum
809 2191 943 2240 animabus
958 2191 1055 2240 aculeis
1066 2191 1221 2242 acutissimis

59 2277 211 2333 preparata.
247 2269 317 2320 lacet
336 2276 423 2319 autem
443 2269 505 2319 illud
524 2269 646 2319 horribile
663 2278 806 2319 monstrum
827 2285 905 2333 super
922 2277 1018 2319 cratem
1035 2270 1144 2320 terream
1161 2285 1220 2333 sup-

59 2348 158 2412 positis
180 2347 330 2398 ardentibus
349 2349 447 2410 prunis‚
466 2357 493 2399 et
515 2348 548 2398 ab
569 2349 750 2398 innumerabili
773 2347 935 2398 multitudine
957 2350 1096 2399 demonum
1119 2349 1221 2399 follibus

60 2427 226 2478 sufflantium
238 2427 417 2477 circumdatus.
452 2427 599 2476 circumdat
614 2434 699 2476 autem
716 2427 801 2490 ipsum
811 2434 883 2476 tauta
894 2427 1031 2477 multitudo
1042 2427 1183 2477 animamm
1195 2435 1222 2477 et
1236 2437 1266 2490 25

61 2507 215 2568 demonum,
227 2507 296 2568 quod
312 2505 376 2554 nulli
392 2505 515 2555 credibile
532 2512 603 2554 esset
620 2507 689 2568 quod
707 2506 817 2554 mundus
834 2513 873 2554 tot
889 2507 989 2556 animas
1003 2521 1094 2569 parere
1105 2515 1222 2570 possete

61 2585 201 2649 principio.
236 2583 342 2646 Ligatus
354 2591 487 2633 astantem
499 2583 543 2632 ille
555 2583 638 2633 hostis
648 2585 771 2646 antiquus
783 2584 956 2646 persingulas
968 2585 1139 2635 membrorum
1151 2587 1222 2635 iunc-

62 2673 137 2712 turas
155 2662 273 2712 cathenis
292 2662 381 2712 ferreis
400 2671 427 2712 et
445 2661 533 2732 ereis!
547 2663 634 2725 ignitis
650 2669 677 2712 et
693 2662 769 2711 ualde
787 2663 892 2724 grossis.
934 2662 1052 2726 Cumque
1074 2665 1112 2713 sic
1134 2679 1220 2713 uersa-

63 2738 154 2791 retur'
170 2741 197 2790 in
214 2739 367 2790 carbonibus
390 2749 415 2792 et
437 2741 553 2804 undique
570 2742 772 2801 combureretur,
789 2741 869 2791 nimia
888 2743 1062 2792 exardescens
1085 2743 1122 2792 ira
1143 2744 1221 2792 uertit

63 2835 95 2869 se
103 2820 137 2869 de
149 2833 202 2868 uno
213 2819 294 2868 latere
305 2820 332 2867 in
340 2819 408 2868 aliud
420 2818 494 2881 latus,
505 2820 543 2883 (et
552 2817 655 2882 omnes)
666 2834 757 2869 manus
768 2834 829 2868 suas
839 2820 866 2868 in
876 2818 945 2869 illam
957 2820 1145 2870 multitudinem
1155 2821 1220 2884 <ani-
1234 2831 1268 2880 3ο

65 2912 166 2948 marum
177 2897 316 2962 ex)tendit,
329 2913 427 2960 easque
441 2897 554 2961 repletas
567 2897 711 2962 (animabus
723 2897 891 2960 constrin)xit
906 2898 973 2946 sicut
985 2898 1107 2962 (rusticus
1124 2899 1220 2948 siciens

65 2991 185 3026 racemos
200 2976 346 3038 comprimit
360 2983 389 3024 ut
404 2974 466 3025 inde
482 2975 572 3024 uinum
589 2975 689 3036 eliciat;
706 2975 734 3024 in
749 2981 848 3024 tantum
866 2981 895 3024 ut
912 2974 982 3024 nulla
997 2983 1068 3025 esset
1084 2977 1118 3025 ibi
1136 2977 1221 3026 anima

65 3071 119 3118 que
129 3055 173 3104 tali
186 3054 344 3104 contricione
356 3069 408 3102 nou
420 3055 567 3116 priuaretur
575 3055 660 3116 capite
671 3059 716 3102 aut
726 3053 835 3116 pedibus
846 3053 889 3102 uel
901 3054 1025 3104 manibus.
1046 3054 1079 3103 Et
1090 3061 1151 3104 tunc
1164 3069 1220 3104 sus-

66 3135 154 3197 pirans
164 3131 277 3182 suffiauit
288 3139 315 3182 et
325 3133 418 3196 sparsit
429 3133 528 3182 animas
540 3133 567 3181 iu
577 3130 693 3181 diuersas
704 3138 792 3194 partes
801 3131 931 3193 gehenne,
938 3139 965 3182 et
975 3133 1060 3181 statim
1070 3132 1221 3182 eructuabat

66 3219 161 3276 puteus
179 3209 222 3260 ille
244 3211 349 3273 dequo
367 3211 529 3274 prediximus
549 3210 653 3259 fetidam
671 3216 749 3272 atque
767 3209 913 3259 horribilem
931 3211 1066 3261 llammam.
1110 3209 1144 3260 Et
1161 3227 1219 3261 cum
1234 3221 1265 3274 35

66 3289 210 3340 retraheret
226 3289 367 3339 anhelitum
383 3303 458 3339 suum
475 3289 531 3338 dira
545 3287 590 3337 illa
606 3288 695 3349 bestia,
713 3289 821 3338 retraxit
836 3289 869 3337 ad
886 3303 916 3338 se
934 3304 1025 3338 omnes
1040 3289 1139 3339 animas
1156 3305 1220 3352 quas

67 3377 128 3419 ante
139 3377 278 3431 sparserat,
289 3375 316 3418 et
332 3383 390 3418 cum
404 3367 475 3417 iumo
490 3375 517 3417 et
532 3366 656 3430 sulphure
670 3367 698 3415 in
711 3382 740 3416 os
753 3367 809 3416 eius
822 3367 945 3416 cadentes
957 3368 1099 3418 deuorauit.
1134 3367 1182 3418 Set
1193 3375 1221 3420 et

68 3463 220 3511 quecumque
229 3463 320 3497 manus
328 3447 385 3496 eius
394 3445 538 3508 eliirgerant
550 3461 584 3495 ue
595 3445 792 3506 stringerentur,
801 3444 858 3495 illas
869 3461 927 3495 cum
937 3447 1018 3496 cauda
1028 3462 1076 3496 sua
1085 3449 1219 3510 percussit.

70 3527 104 3577 Et
119 3527 156 3576 sic
170 3527 265 3576 misera
275 3525 357 3575 bestia
369 3525 519 3588 percuciens
530 3539 634 3586 semper
643 3523 846 3586 percuciebatur,
858 3531 885 3572 et
895 3531 1024 3574 tormenta
1035 3525 1169 3575 animabus
1181 3527 1219 3576 in·

69 3606 163 3666 serens,
179 3605 205 3654 in
219 3605 355 3654 tormentis
372 3603 490 3654 omnibus
506 3617 586 3666 super
602 3617 693 3651 omnes
710 3602 877 3654 cruciabatur.
917 3602 990 3652 Tunc
1007 3603 1043 3652 ait
1061 3603 1169 3666 angelus
1186 3605 1218 3654 ad
1232 3616 1265 3666 4ο

69 3685 195 3734 animam:
220 3683 290 3732 ‘llic
312 3691 353 3732 est
376 3681 485 3745 Lucifer,
509 3681 660 3744 principium
682 3687 857 3730 creaturarum
880 3680 932 3740 dei,
955 3681 998 3742 qui
1020 3681 1171 3732 uersabatur
1191 3683 1218 3732 in

70 3761 167 3813 deliciis
177 3762 295 3824 pandisi.
328 3760 380 3823 Qui
395 3761 417 3810 si
434 3759 534 3810 solutus
549 3759 632 3820 fuerit,
645 3757 728 3808 celum
743 3759 818 3808 simul
832 3764 859 3806 et
875 3765 968 3808 terram
981 3775 1062 3821 usque
1077 3761 1109 3809 ad
1121 3760 1220 3811 inleros

71 3847 160 3892 cuncta
167 3839 324 3903 perturbabit
330 3837 346 3890 ⁸.
384 3839 429 3887 Hii
439 3846 526 3887 tamen
534 3837 578 3900 qui
589 3853 646 3886 cum
658 3853 690 3887 eo
701 3843 767 3895 sunt,
779 3837 870 3900 partim
881 3844 941 3886 sunt
952 3838 1037 3899 angeli
1046 3839 1218 3900 tenebrarum,

71 3919 161 3985 partim
173 3917 217 3967 dlii
227 3919 286 3968 Ade
297 3925 324 3967 et
335 3918 384 3966 iam
399 3915 503 3966 iudicati
514 3924 583 3976 sunt,
595 3924 622 3965 et
638 3915 731 3965 multos
747 3915 812 3965 alios
829 3922 968 3978 expectant
979 3917 1022 3978 qui
1033 3917 1075 3964 uel
1087 3915 1218 3966 Christum

71 4005 227 4062 negauerunt
243 3995 285 4046 uel
303 3993 463 4058 negancium)
481 4008 560 4057 opera
576 3994 713 4059 s<ecerunt
750 3993 822 4044 Pessi
837 4000 897 4043 suut
913 4009 944 4042 ea
956 4009 1008 4056 que
1022 3993 1131 4059 uidisti)
1146 3995 1219 4057 prius
1231 4005 1263 4056 45

74 4077 178 4142 (minora
194 4081 330 4133 tormenta,
348 4080 374 4123 et
391 4079 482 4136 postea
498 4073 567 4123 ducti
583 4077 643 4122 sunt
659 4071 704 4134 ad)
722 4071 780 4130 ista,
794 4072 827 4120 de
845 4071 947 4136 (quibus
964 4072 1048 4121 nullus
1065 4073 1108 4134 qui
1124 4072 1217 4138 semel)

73 4171 104 4206 ea
125 4152 277 4218 intra(uerit,
299 4152 408 4216 amplius
430 4151 502 4200 exire
525 4150 627 4214 poterit.
664 4149 716 4198 Hic
737 4149 808 4215 sunt)
831 4149 921 4212 prelati
943 4157 970 4199 et
989 4149 1131 4212 princi(pes
1149 4150 1218 4211 mali,

107 4293 401 4357 *uneberetlinguaa
466 4291 635 4356 ¹atposset.
702 4290 891 4342 ’onuscn
965 4289 1216 4342 *nvanmue

74 4363 84 4392 ⁸
100 4361 128 4413 T.
139 4361 254 4411 habebat.
319 4358 330 4389 ⁸
345 4360 375 4410 T.
388 4360 455 4409 ereis
466 4366 501 4408 et.
574 4356 584 4386 ¹
600 4358 633 4408 al.
646 4364 780 4407 versatur.
793 4395 800 4408 .
813 4393 820 4406 .
832 4356 1005 4408 comburitur.
1018 4395 1025 4409 .
1037 4393 1044 4408 .
1058 4359 1217 4420 constringit,

75 4437 123 4480 etc.
200 4425 341 4488 ‘eosdm
354 4424 409 4475 VB.
421 4425 590 4490 perturbaret.

620 4533 670 4574 xa
