3036 4878
116 264 394 332 usuarias]
497 247 602 338 tttts
624 248 684 340 ὓ.
703 249 903 348 dubito.
1210 273 1278 350 701

119 448 283 518 karissimi,
300 449 472 509 uanitatibus
489 453 572 510 huius
590 454 674 510 seculi
693 453 828 511 militaui:
851 455 956 512 amodo
974 454 1106 512 saluatori
1125 473 1190 512 meo
1207 456 1280 512 mili-

120 543 193 588 tare
205 534 326 590 decreui.
363 536 511 592 Hactenus
523 537 647 593 animam
659 556 752 593 meam
765 539 845 610 quasi
858 541 911 594 sub
928 539 1001 595 iactu
1016 541 1076 595 alee
1091 539 1186 610 posui:
1205 557 1280 595 nunc

120 615 154 672 ei
177 616 376 674 committenda
389 629 432 676 est
446 619 492 690 qui
510 638 573 676 eam
587 621 669 689 fecit;
689 621 815 692 relinquo
827 622 963 678 mundum
979 640 1016 678 ne
1033 622 1175 694 relinquar
1186 624 1223 678 ab
1234 627 1280 689 eo,

120 709 157 755 et
179 699 239 756 eius
258 700 393 772 seruituti,
415 704 459 758 cui
481 704 585 759 seruire
605 721 724 774 regnare
745 715 797 773 est,
817 723 863 760 me
884 707 1004 761 deuotus
1022 723 1139 777 expono.
1177 704 1281 776 Eligite

122 783 213 838 uobis
232 785 332 840 ducem
352 786 431 842 cuius
448 786 529 856 signa
544 787 717 858 sequamini:
738 787 885 858 egoenim
903 786 1020 859 sequor¹
1034 787 1174 844 dominice
1191 789 1307 853 crucis5

123 865 252 936 signum,
267 880 295 923 et
312 868 414 924 addico
429 887 475 925 me
491 870 594 927 milicie
615 869 735 925 Christi!
774 871 816 924 llli
837 887 903 926 uero
925 871 1102 927 inestimabili
1122 882 1235 943 stupore
1251 882 1280 927 et

122 949 229 1005 dolore
241 951 374 1020 percussi,
387 962 571 1024 prorumpunt
584 953 611 1008 in
625 953 758 1008 eiulatum
770 963 798 1008 et
815 953 952 1022 lacrimas,
965 954 1044 1008 flexis
1063 955 1180 1023 genibus
1198 956 1280 1010 obse·

122 1043 242 1088 crantes
255 1044 284 1090 ut
296 1052 313 1089 a
326 1036 375 1090 tali
387 1038 532 1092 uoluntate
545 1037 699 1093 desisteret.
736 1037 858 1103 ‘Nolite,
871 1036 969 1108 inquit,
982 1038 1049 1093 socii
1067 1048 1095 1092 et
1114 1037 1197 1092 amici
1214 1039 1280 1104 mei,

123 1115 229 1172 salutis
252 1119 427 1188 propositum
448 1119 605 1176 retardare:
634 1120 814 1176 festinantem
834 1121 910 1175 enirn
931 1139 948 1174 a
968 1121 1049 1175 terris
1072 1120 1100 1175 iu
1122 1120 1213 1175 celum
1230 1121 1279 1191 qui

124 1199 273 1256 modicum
286 1202 401 1269 detinet,
413 1203 563 1273 plurimum
576 1207 674 1259 nocet’
707 1202 835 1259 Abiectis
855 1202 937 1272 igitur
954 1204 1039 1258 armis
1060 1203 1237 1271 secularibus,
1250 1215 1277 1260 et
1294 1218 1325 1254 ιο

124 1283 267 1340 recedens
287 1285 391 1354 abeis,
412 1286 469 1342 iam
490 1304 547 1342 non
569 1287 674 1358 cogitat
694 1287 748 1342 nisi
769 1303 848 1342 arma
866 1286 970 1342 milicie
991 1286 1104 1354 Christi,
1124 1287 1279 1358 dequibus

124 1368 274 1437 apostolus
298 1368 336 1423 ad
366 1369 526 1426 Corinthios
554 1371 682 1442 loquens,
707 1371 818 1438 ‘Arma
844 1369 942 1442 inquit,
966 1369 1068 1426 milicie
1096 1380 1192 1425 nostre
1222 1388 1279 1425 non

124 1450 263 1519 carnalia,
276 1452 326 1506 sed
342 1453 473 1522 potencia
485 1472 504 1508 a
515 1455 569 1510 deo
581 1455 619 1510 ad
632 1455 852 1510 destructionem
864 1454 1064 1520 municionum,
1077 1455 1114 1510 ad
1132 1455 1279 1510 destruen-

126 1532 197 1586 dam
221 1532 250 1588 in
272 1535 353 1591 nobis
374 1553 487 1591 omnem
512 1537 688 1592 altitudinem
712 1538 891 1592 extollentem
915 1554 946 1592 se
970 1537 1106 1593 aduersus
1128 1538 1279 1593 scienciam

125 1615 195 1684 dei;
213 1617 386 1687 captiuantes
399 1637 511 1675 omnem
530 1620 702 1675 intellectum
716 1620 745 1674 in
765 1621 930 1691 obsequium
947 1621 1068 1676 Christi?
1105 1621 1279 1691 Relinquens
1294 1636 1323 1687 15

126 1716 197 1768 ergo
209 1701 323 1770 pallium
336 1719 400 1757 cum
414 1703 527 1774 loseph,
538 1704 700 1758 theloneum
713 1721 778 1759 cum
792 1703 916 1771 Matheo,
930 1702 1064 1773 ydria[m]
1078 1720 1142 1758 cum
1155 1704 1278 1759 Samari·

125 1793 205 1851 tana,
218 1787 388 1855 sepulturam
400 1786 487 1856 patris
500 1804 563 1842 curn
574 1787 689 1842 homine
707 1785 877 1856 euangelico,
891 1786 1039 1841 sindonem
1055 1803 1119 1841 cum
1134 1787 1260 1842 Iohanne
1271 1806 1277 1842 :

126 1865 222 1921 nudus
234 1868 349 1939 aufugit,
361 1873 535 1939 gratulanter
545 1872 673 1926 exultans
687 1871 829 1926 Christum
841 1886 993 1940 pauperem
1006 1887 1113 1941 pauper
1124 1870 1212 1941 sequi.

128 2047 298 2117 QUALITER
316 2062 359 2104 AD
378 2061 536 2113 QUODDAM
555 2061 789 2108 MONASTERIUM
811 2062 847 2106 SE
868 2061 1028 2106 CONTULlT
1046 2063 1086 2104 ET
1103 2061 1277 2106 TONSURAM

177 2143 376 2188 CLERICALEM
393 2147 541 2203 ACCEPlT;
567 2147 606 2189 ET
625 2146 783 2200 QUOMODO
802 2146 837 2188 IN
857 2145 1003 2189 sctuttcm
1022 2146 1226 2189 PROFECERIT.

207 2243 306 2297 Abens
322 2242 406 2312 igitur
420 2243 449 2298 in
466 2243 596 2298 manibus
613 2242 671 2299 suis
688 2243 812 2300 animam
825 2260 913 2311 suam,
925 2241 1066 2312 egreditur
1077 2252 1173 2298 noster
1184 2243 1277 2298 Abra·

243 2325 311 2381 ham
330 2326 366 2382 de
382 2335 457 2381 terra
474 2337 501 2382 et
514 2328 550 2382 de
563 2327 729 2397 cognatione
741 2344 801 2394 sua,
814 2327 850 2382 de
862 2328 903 2381 Vr
917 2326 1121 2394 Chaldeorum3
1141 2327 1276 2382 mundum
1291 2339 1324 2376 πο

128 2409 183 2465 sibi
198 2410 368 2464 arridentem
385 2409 512 2477 irridens,
525 2410 684 2482 propriique
703 2409 825 2482 corporis
842 2410 939 2464 florem
955 2409 1077 2464 calcans.
1114 2410 1170 2478 Qui
1189 2411 1277 2481 predo

128 2493 325 2564 temporalium
336 2494 434 2561 fuerat,
443 2494 533 2548 factus
545 2503 589 2548 est
600 2495 688 2564 predo
700 2493 761 2549 celi.
798 2493 840 2548 ‘A
853 2493 953 2549 diebus
965 2493 1040 2548 enim
1055 2493 1188 2549 Iohannis
1203 2496 1278 2564 Bap-

128 2577 212 2647 tiste,'
225 2576 304 2631 cuius
321 2576 409 2631 uitam
423 2593 534 2632 summo
549 2578 701 2647 appetebat
713 2575 854 2632 desiderio
870 2577 969 2632 imitari
978 2575 997 2644 ²,
1010 2576 1144 2647 ‘regnum
1156 2577 1277 2633 celorum

128 2660 186 2715 vim
207 2660 319 2731 patitur,
338 2669 366 2715 et
387 2659 500 2716 uiolenti
523 2661 635 2730 rapiunt
656 2658 741 2714 illud!
777 2663 815 2714 Et
835 2677 890 2730 que
907 2661 1006 2729 maior,
1023 2677 1121 2731 queso,
1139 2661 1278 2716 uiolencia

128 2754 178 2812 est,
203 2761 288 2814 quarn
312 2744 405 2799 facere
429 2753 459 2798 ut
484 2760 550 2798 caro
574 2743 623 2798 fiat
648 2743 769 2815 spiritus,
795 2741 860 2797 illuc
883 2744 1037 2798 ascendere
1060 2743 1136 2798 unde
1159 2745 1276 2812 angelus
1292 2755 1321 2808 25

129 2827 239 2897 cecidit,
251 2844 304 2882 nec
319 2827 409 2882 solum
423 2844 550 2896 regnum,
564 2826 614 2882 sed
627 2844 679 2897 per
694 2825 853 2896 penitencie
866 2825 1051 2881 humilitatem
1066 2843 1164 2895 rapere
1179 2843 1276 2895 regem

128 2911 198 2967 celii
236 2912 297 2965 lam
316 2911 410 2981 itaque
428 2912 532 2965 mundo
553 2910 644 2979 altior,
663 2909 719 2964 iam
737 2927 754 2964 a
775 2925 891 2978 corpore
909 2908 1096 2978 peregrinans,
1115 2919 1143 2963 et
1161 2909 1276 2962 omnino

129 2995 351 3065 ‘complantatus
367 2993 542 3049 similitudini
559 2993 656 3050 mortis
670 2992 774 3048 Christi
783 2994 807 3046 ’:
827 2993 898 3047 sicut
911 2992 1072 3047 exhibuerat
1085 2993 1212 3047 membra
1225 3009 1277 3047 sua

129 3079 232 3134 seruire
248 3078 366 3132 uanitati
382 3077 420 3132 ad
437 3077 599 3144 uanitatem,
612 3076 654 3132 sic
673 3094 707 3131 ea
721 3075 845 3131 exhibuit
862 3075 966 3130 seruire
984 3073 1091 3130 iusticie
1109 3075 1137 3128 in
1154 3075 1276 3131 sanctifi·

129 3161 276 3218 cntionem.
301 3162 388 3216 Porro
401 3159 467 3232 quia
479 3160 585 3216 sciebat
599 3177 697 3216 sensus
710 3159 831 3214 hominis
845 3175 949 3230 pronos
962 3174 1025 3214 esse
1037 3159 1073 3213 ab
1086 3158 1276 3214 adolescentia
1290 3173 1322 3223 30

129 3246 157 3302 in
168 3247 272 3301 malum
284 3245 338 3299 nisi
352 3245 535 3300 cohibeantur
547 3243 730 3300 obseruancia
748 3243 876 3311 regulari,
891 3241 1043 3313 Ripadium
1056 3241 1142 3308 uenit,
1155 3241 1202 3297 ubi
1215 3252 1276 3297 erat

130 3329 329 3384 monasterium
348 3328 437 3383 sancti
458 3328 532 3383 Petri
551 3328 741 3398 apostolorum
763 3325 905 3397 principis.
944 3327 1010 3396 lpse
1027 3343 1093 3395 ergo
1110 3327 1147 3381 ad
1166 3344 1276 3382 monas-

130 3413 227 3469 terium
245 3413 313 3466 illud
332 3429 362 3466 se
381 3410 489 3482 optulit,
505 3412 654 3466 etelectus
671 3409 700 3465 in
716 3421 819 3466 sortem
833 3410 959 3478 Domini,
976 3420 1147 3465 caracterem
1163 3420 1277 3466 tonsure

130 3597 227 3651 corpus
249 3596 330 3634 suum
354 3578 477 3633 hostiam
506 3588 633 3632 sanctam
662 3578 812 3646 uiuentem,
837 3578 995 3648 placentem
1018 3579 1082 3646 deo,
1106 3577 1275 3634 racionabile
1289 3590 1320 3642 35

78 3689 81 3694 ·
130 3663 291 3734 obsequium
305 3661 403 3716 suum’
441 3663 480 3714 Et
492 3659 558 3732 quia
571 3661 647 3715 iuxta
659 3661 815 3716 doctrinam
831 3661 949 3732 apostoli
964 3661 1071 3715 ‘omnis
1084 3659 1130 3730 qui
1144 3661 1172 3714 in
1185 3677 1276 3730 agone

131 3746 279 3814 contendit,
292 3746 329 3800 ab
343 3745 473 3800 omnibus
493 3762 523 3800 se
541 3744 696 3801 abstinet’:
716 3745 753 3799 ab
771 3761 806 3798 eo
824 3755 950 3814 tempore
967 3743 1053 3797 nichil
1071 3742 1186 3797 omnino
1203 3742 1275 3798 bibit

131 3831 202 3902 quod
224 3847 286 3886 esse
308 3838 404 3899 posset
423 3827 566 3884 ebrietatis
584 3827 703 3883 occasio.
744 3829 776 3882 ln
799 3826 970 3882 monasterio
991 3835 1084 3880 autern
1104 3827 1227 3894 psalmos
1246 3836 1275 3881 et

131 3931 227 3984 ymnos
250 3912 358 3978 didicit,
382 3923 467 3982 atque
493 3912 520 3967 in
550 3911 673 3966 sciencia
700 3919 861 3965 sanctorum
890 3909 961 3963 infra
985 3907 1129 3963 biennium
1153 3908 1274 3963 mirabili

130 3997 259 4052 facilitate
271 3994 396 4066 profecit.
428 3996 500 4050 Cum
513 3996 589 4050 eninr
602 4003 677 4050 esset
691 3992 818 4049 docibilis
831 3992 895 4057 deo,
906 3991 1016 4046 ‘unctio
1028 3993 1148 4046 docebat
1160 4008 1226 4046 eum
1238 3993 1274 4046 de
1287 4009 1320 4062 40

131 4081 271 4147 omnibus,’
281 4088 311 4135 ut
318 4087 414 4150 posset
422 4078 514 4134 dicere
524 4095 588 4133 curn
598 4078 751 4148 propheta:
766 4076 828 4130 ‘De
836 4076 946 4130 excelso
955 4075 1031 4130 misit
1040 4074 1171 4130 dominus
1180 4075 1274 4145 ignem

132 4162 158 4218 in
175 4163 285 4220 ossibus
304 4160 374 4218 meis
392 4172 419 4218 et
438 4160 558 4217 erudiuit
577 4161 640 4216 me!
678 4160 830 4232 Propterea
847 4175 950 4213 munus
967 4157 1162 4214 inestimabilis
1179 4159 1273 4228 gracie

386 4309 396 4342 ¹
414 4309 444 4362 T.
459 4310 489 4362 E.
500 4325 595 4375 sequar.
827 4305 838 4341 ²
855 4307 909 4360 MS.
922 4307 1011 4360 iniurt
