<?xml version="1.0" encoding="UTF-8"?>
<!DOCTYPE html PUBLIC "-//W3C//DTD XHTML 1.0 Transitional//EN"
    "http://www.w3.org/TR/xhtml1/DTD/xhtml1-transitional.dtd">
<html xmlns="http://www.w3.org/1999/xhtml" xml:lang="en" lang="en">
 <head>
  <title>
</title>
<meta http-equiv="Content-Type" content="text/html;charset=utf-8" />
  <meta name='ocr-system' content='tesseract 3.04.00' />
  <meta name='ocr-capabilities' content='ocr_page ocr_carea ocr_par ocr_line ocrx_word'/>
</head>
<body>
  <div class='ocr_page' id='page_1' title='image "./novalegendaangl00wordgoog/novalegendaangl00wordgoog_0408.png"; bbox 0 0 3028 4894; ppageno 0'>
   <div class='ocr_carea' id='block_1_1' title="bbox 6 0 1052 7">
    <p class='ocr_par' dir='ltr' id='par_1_1' title="bbox 6 0 1052 7">
     <span class='ocr_line' id='line_1_1' title="bbox 6 0 1052 7; baseline 0 0"><span class='ocrx_word' id='word_1_1' title='bbox 6 0 1052 7; x_wconf 95' lang='lat' dir='ltr'><strong> </strong></span> 
     </span>
    </p>
   </div>
   <div class='ocr_carea' id='block_1_2' title="bbox 272 293 1236 397">
    <p class='ocr_par' dir='ltr' id='par_1_2' title="bbox 272 293 1236 397">
     <span class='ocr_line' id='line_1_2' title="bbox 272 293 1236 397; baseline -0.017 -3"><span class='ocrx_word' id='word_1_2' title='bbox 272 300 347 394; x_wconf 68' lang='lat' dir='ltr'><strong>Dc</strong></span> <span class='ocrx_word' id='word_1_3' title='bbox 371 296 536 387; x_wconf 62' lang='lat' dir='ltr'><strong>senon</strong></span> <span class='ocrx_word' id='word_1_4' title='bbox 562 294 728 394; x_wconf 73' lang='lat' dir='ltr'><strong>cuma</strong></span> <span class='ocrx_word' id='word_1_5' title='bbox 753 293 1056 397; x_wconf 63' lang='lat' dir='ltr'><strong>stomaco.</strong></span> <span class='ocrx_word' id='word_1_6' title='bbox 1162 317 1236 390; x_wconf 85' lang='lat'><strong>399</strong></span> 
     </span>
    </p>
   </div>
   <div class='ocr_carea' id='block_1_3' title="bbox 74 494 1298 4078">
    <p class='ocr_par' dir='ltr' id='par_1_3' title="bbox 74 494 1298 4078">
     <span class='ocr_line' id='line_1_3' title="bbox 74 494 1236 574; baseline -0.003 -18"><span class='ocrx_word' id='word_1_7' title='bbox 74 499 170 556; x_wconf 89' lang='lat' dir='ltr'><strong>enim</strong></span> <span class='ocrx_word' id='word_1_8' title='bbox 202 501 300 574; x_wconf 87' lang='lat' dir='ltr'><strong>palam</strong></span> <span class='ocrx_word' id='word_1_9' title='bbox 330 501 411 574; x_wconf 92' lang='lat' dir='ltr'><strong>quod</strong></span> <span class='ocrx_word' id='word_1_10' title='bbox 435 517 525 558; x_wconf 87' lang='lat' dir='ltr'><strong>causa</strong></span> <span class='ocrx_word' id='word_1_11' title='bbox 554 508 636 556; x_wconf 88' lang='lat' dir='ltr'><strong>esset</strong></span> <span class='ocrx_word' id='word_1_12' title='bbox 660 497 765 555; x_wconf 89' lang='lat' dir='ltr'><strong>mortis</strong></span> <span class='ocrx_word' id='word_1_13' title='bbox 789 498 1019 572; x_wconf 87' lang='lat' dir='ltr'><strong>archiepiscopi,</strong></span> <span class='ocrx_word' id='word_1_14' title='bbox 1039 505 1069 554; x_wconf 90' lang='lat' dir='ltr'><strong>et</strong></span> <span class='ocrx_word' id='word_1_15' title='bbox 1095 494 1236 570; x_wconf 90' lang='lat' dir='ltr'><strong>quicquid</strong></span> 
     </span>
     <span class='ocr_line' id='line_1_4' title="bbox 76 583 1238 662; baseline 0 -20"><span class='ocrx_word' id='word_1_16' title='bbox 76 587 201 644; x_wconf 81' lang='lat' dir='ltr'><strong>sactum</strong></span> <span class='ocrx_word' id='word_1_17' title='bbox 219 587 272 645; x_wconf 90' lang='lat' dir='ltr'><strong>suit</strong></span> <span class='ocrx_word' id='word_1_18' title='bbox 290 597 416 662; x_wconf 88' lang='lat' dir='ltr'><strong>propter</strong></span> <span class='ocrx_word' id='word_1_19' title='bbox 434 605 503 645; x_wconf 92' lang='lat' dir='ltr'><strong>eum</strong></span> <span class='ocrx_word' id='word_1_20' title='bbox 523 586 632 644; x_wconf 85' lang='lat' dir='ltr'><strong>lactum</strong></span> <span class='ocrx_word' id='word_1_21' title='bbox 651 595 752 657; x_wconf 89' lang='lat' dir='ltr'><strong>esset;</strong></span> <span class='ocrx_word' id='word_1_22' title='bbox 775 603 836 642; x_wconf 90' lang='lat' dir='ltr'><strong>non</strong></span> <span class='ocrx_word' id='word_1_23' title='bbox 856 587 936 660; x_wconf 92' lang='lat' dir='ltr'><strong>quod</strong></span> <span class='ocrx_word' id='word_1_24' title='bbox 956 586 1024 661; x_wconf 88' lang='lat' dir='ltr'><strong>ipse</strong></span> <span class='ocrx_word' id='word_1_25' title='bbox 1042 583 1238 654; x_wconf 88' lang='lat' dir='ltr'><strong>mandauerit,</strong></span> 
     </span>
     <span class='ocr_line' id='line_1_5' title="bbox 78 671 1238 746; baseline -0.002 -16"><span class='ocrx_word' id='word_1_26' title='bbox 78 675 163 731; x_wconf 86' lang='lat' dir='ltr'><strong>sed¹</strong></span> <span class='ocrx_word' id='word_1_27' title='bbox 176 675 338 734; x_wconf 81' lang='lat' dir='ltr'>familiares</span> <span class='ocrx_word' id='word_1_28' title='bbox 351 676 424 746; x_wconf 91' lang='lat' dir='ltr'><strong>eius,</strong></span> <span class='ocrx_word' id='word_1_29' title='bbox 436 675 575 732; x_wconf 88' lang='lat' dir='ltr'><strong>videntes</strong></span> <span class='ocrx_word' id='word_1_30' title='bbox 589 674 799 743; x_wconf 86' lang='lat' dir='ltr'><strong>turbationem,</strong></span> <span class='ocrx_word' id='word_1_31' title='bbox 812 674 950 731; x_wconf 89' lang='lat' dir='ltr'><strong>iniuriam</strong></span> <span class='ocrx_word' id='word_1_32' title='bbox 963 673 1028 731; x_wconf 90' lang='lat' dir='ltr'><strong>eius</strong></span> <span class='ocrx_word' id='word_1_33' title='bbox 1040 671 1238 731; x_wconf 76' lang='lat' dir='ltr'><strong>vindicabant.</strong></span> 
     </span>
     <span class='ocr_line' id='line_1_6' title="bbox 78 760 1239 836; baseline -0.002 -18"><span class='ocrx_word' id='word_1_34' title='bbox 78 763 175 820; x_wconf 88' lang='lat' dir='ltr'><strong>Tunc</strong></span> <span class='ocrx_word' id='word_1_35' title='bbox 196 763 361 820; x_wconf 92' lang='lat' dir='ltr'><strong>iniunctum</strong></span> <span class='ocrx_word' id='word_1_36' title='bbox 374 772 421 820; x_wconf 89' lang='lat' dir='ltr'><strong>est</strong></span> <span class='ocrx_word' id='word_1_37' title='bbox 433 763 461 820; x_wconf 90' lang='lat' dir='ltr'><strong>ei</strong></span> <span class='ocrx_word' id='word_1_38' title='bbox 474 781 492 820; x_wconf 89' lang='lat' dir='ltr'><strong>a</strong></span> <span class='ocrx_word' id='word_1_39' title='bbox 504 762 610 836; x_wconf 91' lang='lat' dir='ltr'><strong>legatis</strong></span> <span class='ocrx_word' id='word_1_40' title='bbox 627 762 707 835; x_wconf 90' lang='lat' dir='ltr'><strong>quod</strong></span> <span class='ocrx_word' id='word_1_41' title='bbox 726 761 874 819; x_wconf 89' lang='lat' dir='ltr'><strong>inueniret</strong></span> <span class='ocrx_word' id='word_1_42' title='bbox 892 763 1038 820; x_wconf 90' lang='lat' dir='ltr'><strong>ducentos</strong></span> <span class='ocrx_word' id='word_1_43' title='bbox 1055 760 1165 818; x_wconf 88' lang='lat' dir='ltr'><strong>milites</strong></span> <span class='ocrx_word' id='word_1_44' title='bbox 1182 777 1239 833; x_wconf 88' lang='lat' dir='ltr'><strong>per</strong></span> 
     </span>
     <span class='ocr_line' id='line_1_7' title="bbox 79 847 1267 924; baseline -0.002 -19"><span class='ocrx_word' id='word_1_45' title='bbox 79 867 203 906; x_wconf 89' lang='lat' dir='ltr'><strong>annum</strong></span> <span class='ocrx_word' id='word_1_46' title='bbox 212 849 362 924; x_wconf 86' lang='lat' dir='ltr'><strong>integrum</strong></span> <span class='ocrx_word' id='word_1_47' title='bbox 379 849 550 923; x_wconf 82' lang='lat' dir='ltr'><strong>sumptibus</strong></span> <span class='ocrx_word' id='word_1_48' title='bbox 568 847 632 906; x_wconf 90' lang='lat' dir='ltr'><strong>suis</strong></span> <span class='ocrx_word' id='word_1_49' title='bbox 650 849 680 905; x_wconf 93' lang='lat' dir='ltr'><strong>in</strong></span> <span class='ocrx_word' id='word_1_50' title='bbox 694 858 774 906; x_wconf 89' lang='lat' dir='ltr'><strong>terra</strong></span> <span class='ocrx_word' id='word_1_51' title='bbox 788 849 1068 918; x_wconf 89' lang='lat' dir='ltr'><strong>Hierosolimorum,</strong></span> <span class='ocrx_word' id='word_1_52' title='bbox 1081 847 1239 921; x_wconf 84' lang='lat' dir='ltr'><strong>unicuique</strong></span> <span class='ocrx_word' id='word_1_53' title='bbox 1253 865 1267 916; x_wconf 84' lang='lat'>⁵</span> 
     </span>
     <span class='ocr_line' id='line_1_8' title="bbox 81 935 1239 1010; baseline 0 -18"><span class='ocrx_word' id='word_1_54' title='bbox 81 935 176 993; x_wconf 91' lang='lat' dir='ltr'><strong>militi</strong></span> <span class='ocrx_word' id='word_1_55' title='bbox 189 947 340 995; x_wconf 87' lang='lat' dir='ltr'><strong>trecentos</strong></span> <span class='ocrx_word' id='word_1_56' title='bbox 352 953 460 994; x_wconf 90' lang='lat' dir='ltr'><strong>aureos</strong></span> <span class='ocrx_word' id='word_1_57' title='bbox 472 935 663 1010; x_wconf 89' lang='lat' dir='ltr'><strong>assignando.</strong></span> <span class='ocrx_word' id='word_1_58' title='bbox 700 936 841 994; x_wconf 88' lang='lat' dir='ltr'><strong>Secundo</strong></span> <span class='ocrx_word' id='word_1_59' title='bbox 853 957 860 995; x_wconf 73' lang='grc' dir='ltr'><strong><em>ε</em></strong></span> <span class='ocrx_word' id='word_1_60' title='bbox 880 937 960 1010; x_wconf 93' lang='lat' dir='ltr'><strong>quod</strong></span> <span class='ocrx_word' id='word_1_61' title='bbox 973 953 1067 1010; x_wconf 88' lang='lat' dir='ltr'><strong>praua</strong></span> <span class='ocrx_word' id='word_1_62' title='bbox 1079 943 1189 993; x_wconf 86' lang='lat' dir='ltr'><strong>statuta</strong></span> <span class='ocrx_word' id='word_1_63' title='bbox 1201 935 1239 992; x_wconf 91' lang='lat' dir='ltr'><strong>de</strong></span> 
     </span>
     <span class='ocr_line' id='line_1_9' title="bbox 82 1021 1240 1094; baseline 0.001 -14"><span class='ocrx_word' id='word_1_64' title='bbox 82 1025 273 1094; x_wconf 78' lang='lat' dir='ltr'><strong>Clarendor&#39;t,</strong></span> <span class='ocrx_word' id='word_1_65' title='bbox 291 1034 321 1082; x_wconf 88' lang='lat' dir='ltr'><strong>et</strong></span> <span class='ocrx_word' id='word_1_66' title='bbox 340 1043 446 1082; x_wconf 90' lang='lat' dir='ltr'><strong>omnes</strong></span> <span class='ocrx_word' id='word_1_67' title='bbox 467 1024 561 1081; x_wconf 88' lang='lat' dir='ltr'><strong>malas</strong></span> <span class='ocrx_word' id='word_1_68' title='bbox 579 1024 831 1082; x_wconf 79' lang='lat' dir='ltr'><strong>consuetudines¹</strong></span> <span class='ocrx_word' id='word_1_69' title='bbox 849 1026 879 1081; x_wconf 90' lang='lat' dir='ltr'><strong>in</strong></span> <span class='ocrx_word' id='word_1_70' title='bbox 899 1023 1034 1082; x_wconf 87' lang='lat' dir='ltr'><strong>ecclesiis</strong></span> <span class='ocrx_word' id='word_1_71' title='bbox 1052 1024 1158 1081; x_wconf 89' lang='lat' dir='ltr'><strong>diebus</strong></span> <span class='ocrx_word' id='word_1_72' title='bbox 1177 1021 1240 1081; x_wconf 86' lang='lat' dir='ltr'><strong>suis</strong></span> 
     </span>
     <span class='ocr_line' id='line_1_10' title="bbox 82 1109 1240 1186; baseline 0.002 -20"><span class='ocrx_word' id='word_1_73' title='bbox 82 1113 275 1170; x_wconf 86' lang='lat' dir='ltr'><strong>introductas</strong></span> <span class='ocrx_word' id='word_1_74' title='bbox 284 1113 455 1182; x_wconf 88' lang='lat' dir='ltr'><strong>dimitteret,</strong></span> <span class='ocrx_word' id='word_1_75' title='bbox 465 1122 495 1170; x_wconf 91' lang='lat' dir='ltr'><strong>et</strong></span> <span class='ocrx_word' id='word_1_76' title='bbox 507 1130 566 1186; x_wconf 89' lang='lat' dir='ltr'><strong>que</strong></span> <span class='ocrx_word' id='word_1_77' title='bbox 579 1112 657 1168; x_wconf 90' lang='lat' dir='ltr'><strong>male</strong></span> <span class='ocrx_word' id='word_1_78' title='bbox 669 1122 738 1170; x_wconf 90' lang='lat' dir='ltr'><strong>ante</strong></span> <span class='ocrx_word' id='word_1_79' title='bbox 748 1121 868 1186; x_wconf 89' lang='lat' dir='ltr'><strong>tempus</strong></span> <span class='ocrx_word' id='word_1_80' title='bbox 878 1129 965 1170; x_wconf 91' lang='lat' dir='ltr'><strong>suum</strong></span> <span class='ocrx_word' id='word_1_81' title='bbox 977 1111 1119 1184; x_wconf 86' lang='lat' dir='ltr'><strong>[fuerunt]</strong></span> <span class='ocrx_word' id='word_1_82' title='bbox 1128 1109 1148 1182; x_wconf 81' lang='lat'><strong>⁸,</strong></span> <span class='ocrx_word' id='word_1_83' title='bbox 1158 1110 1240 1168; x_wconf 84' lang='lat' dir='ltr'><strong>iuxta</strong></span> 
     </span>
     <span class='ocr_line' id='line_1_11' title="bbox 84 1199 1240 1274; baseline -0.001 -18"><span class='ocrx_word' id='word_1_84' title='bbox 84 1201 234 1257; x_wconf 86' lang='lat' dir='ltr'><strong>mandata</strong></span> <span class='ocrx_word' id='word_1_85' title='bbox 251 1201 364 1257; x_wconf 91' lang='lat' dir='ltr'><strong>domini</strong></span> <span class='ocrx_word' id='word_1_86' title='bbox 382 1217 461 1274; x_wconf 90' lang='lat' dir='ltr'><strong>pape</strong></span> <span class='ocrx_word' id='word_1_87' title='bbox 479 1210 509 1258; x_wconf 91' lang='lat' dir='ltr'><strong>et</strong></span> <span class='ocrx_word' id='word_1_88' title='bbox 529 1199 738 1274; x_wconf 88' lang='lat' dir='ltr'><strong>religiosorum</strong></span> <span class='ocrx_word' id='word_1_89' title='bbox 755 1199 888 1256; x_wconf 89' lang='lat' dir='ltr'><strong>virorum</strong></span> <span class='ocrx_word' id='word_1_90' title='bbox 907 1199 1032 1256; x_wconf 89' lang='lat' dir='ltr'><strong>consilia</strong></span> <span class='ocrx_word' id='word_1_91' title='bbox 1049 1208 1240 1273; x_wconf 85' lang='lat' dir='ltr'><strong>temperaret.</strong></span> 
     </span>
     <span class='ocr_line' id='line_1_12' title="bbox 84 1286 1286 1362; baseline 0 -19"><span class='ocrx_word' id='word_1_92' title='bbox 84 1288 215 1346; x_wconf 85' lang='lat' dir='ltr'><strong>Tertio:</strong></span> <span class='ocrx_word' id='word_1_93' title='bbox 234 1289 314 1362; x_wconf 91' lang='lat' dir='ltr'><strong>quod</strong></span> <span class='ocrx_word' id='word_1_94' title='bbox 327 1287 453 1346; x_wconf 87' lang='lat' dir='ltr'><strong>ecclesie</strong></span> <span class='ocrx_word' id='word_1_95' title='bbox 465 1287 667 1345; x_wconf 76' lang='lat' dir='ltr'><strong>cantuariensi</strong></span> <span class='ocrx_word' id='word_1_96' title='bbox 684 1287 715 1344; x_wconf 93' lang='lat' dir='ltr'><strong>in</strong></span> <span class='ocrx_word' id='word_1_97' title='bbox 731 1289 819 1346; x_wconf 86' lang='lat' dir='ltr'><strong>terris</strong></span> <span class='ocrx_word' id='word_1_98' title='bbox 837 1296 867 1344; x_wconf 88' lang='lat' dir='ltr'><strong>et</strong></span> <span class='ocrx_word' id='word_1_99' title='bbox 885 1287 950 1345; x_wconf 86' lang='lat' dir='ltr'><strong>aliis</strong></span> <span class='ocrx_word' id='word_1_100' title='bbox 969 1286 1093 1344; x_wconf 78' lang='lat' dir='ltr'><strong>cuncta⁴</strong></span> <span class='ocrx_word' id='word_1_101' title='bbox 1105 1287 1240 1344; x_wconf 90' lang='lat' dir='ltr'><strong>restitue-</strong></span> <span class='ocrx_word' id='word_1_102' title='bbox 1257 1307 1286 1342; x_wconf 83' lang='lat' dir='ltr'><strong>ro</strong></span> 
     </span>
     <span class='ocr_line' id='line_1_13' title="bbox 88 1374 1241 1450; baseline 0 -18"><span class='ocrx_word' id='word_1_103' title='bbox 88 1385 149 1444; x_wconf 89' lang='lat' dir='ltr'><strong>ret,</strong></span> <span class='ocrx_word' id='word_1_104' title='bbox 160 1387 191 1434; x_wconf 88' lang='lat' dir='ltr'><strong>et</strong></span> <span class='ocrx_word' id='word_1_105' title='bbox 202 1378 282 1450; x_wconf 91' lang='lat' dir='ltr'><strong>quod</strong></span> <span class='ocrx_word' id='word_1_106' title='bbox 296 1377 435 1433; x_wconf 92' lang='lat' dir='ltr'><strong>omnibus</strong></span> <span class='ocrx_word' id='word_1_107' title='bbox 448 1375 556 1450; x_wconf 90' lang='lat' dir='ltr'><strong>quibus</strong></span> <span class='ocrx_word' id='word_1_108' title='bbox 569 1384 694 1450; x_wconf 90' lang='lat' dir='ltr'><strong>propter</strong></span> <span class='ocrx_word' id='word_1_109' title='bbox 708 1375 966 1449; x_wconf 89' lang='lat' dir='ltr'><strong>archiepiscopum</strong></span> <span class='ocrx_word' id='word_1_110' title='bbox 983 1374 1081 1432; x_wconf 84' lang='lat' dir='ltr'><strong>suerat</strong></span> <span class='ocrx_word' id='word_1_111' title='bbox 1098 1374 1241 1443; x_wconf 82' lang='lat' dir='ltr'><strong>offensus,</strong></span> 
     </span>
     <span class='ocr_line' id='line_1_14' title="bbox 87 1461 1242 1538; baseline 0 -19"><span class='ocrx_word' id='word_1_112' title='bbox 87 1480 200 1537; x_wconf 87' lang='lat' dir='ltr'><strong>pacem</strong></span> <span class='ocrx_word' id='word_1_113' title='bbox 229 1473 259 1522; x_wconf 91' lang='lat' dir='ltr'><strong>et</strong></span> <span class='ocrx_word' id='word_1_114' title='bbox 287 1481 421 1521; x_wconf 91' lang='lat' dir='ltr'><strong>amorem</strong></span> <span class='ocrx_word' id='word_1_115' title='bbox 452 1481 487 1521; x_wconf 89' lang='lat' dir='ltr'><strong>ac</strong></span> <span class='ocrx_word' id='word_1_116' title='bbox 511 1463 721 1538; x_wconf 91' lang='lat' dir='ltr'><strong>possessiones</strong></span> <span class='ocrx_word' id='word_1_117' title='bbox 746 1464 893 1521; x_wconf 88' lang='lat' dir='ltr'><strong>redderet.</strong></span> <span class='ocrx_word' id='word_1_118' title='bbox 941 1463 1074 1534; x_wconf 85' lang='lat' dir='ltr'><strong>Quarto:</strong></span> <span class='ocrx_word' id='word_1_119' title='bbox 1101 1463 1191 1536; x_wconf 90' lang='lat' dir='ltr'><strong>quod,</strong></span> <span class='ocrx_word' id='word_1_120' title='bbox 1216 1461 1242 1520; x_wconf 90' lang='lat' dir='ltr'><strong>si</strong></span> 
     </span>
     <span class='ocr_line' id='line_1_15' title="bbox 89 1551 1242 1626; baseline 0 -18"><span class='ocrx_word' id='word_1_121' title='bbox 89 1551 235 1608; x_wconf 90' lang='lat' dir='ltr'><strong>dominus</strong></span> <span class='ocrx_word' id='word_1_122' title='bbox 247 1569 326 1626; x_wconf 87' lang='lat' dir='ltr'><strong>papa</strong></span> <span class='ocrx_word' id='word_1_123' title='bbox 343 1551 372 1608; x_wconf 91' lang='lat' dir='ltr'><strong>ei</strong></span> <span class='ocrx_word' id='word_1_124' title='bbox 391 1552 555 1621; x_wconf 86' lang='lat' dir='ltr'><strong>mandaret,</strong></span> <span class='ocrx_word' id='word_1_125' title='bbox 567 1551 643 1608; x_wconf 66' lang='lat' dir='ltr'><strong>iretl</strong></span> <span class='ocrx_word' id='word_1_126' title='bbox 655 1551 686 1608; x_wconf 92' lang='lat' dir='ltr'><strong>in</strong></span> <span class='ocrx_word' id='word_1_127' title='bbox 707 1551 872 1624; x_wconf 84' lang='lat' dir='ltr'><strong>Hispanias</strong></span> <span class='ocrx_word' id='word_1_128' title='bbox 883 1552 921 1608; x_wconf 92' lang='lat' dir='ltr'><strong>ab</strong></span> <span class='ocrx_word' id='word_1_129' title='bbox 933 1551 1118 1608; x_wconf 87' lang='lat' dir='ltr'><strong>liberandam</strong></span> <span class='ocrx_word' id='word_1_130' title='bbox 1131 1559 1242 1608; x_wconf 86' lang='lat' dir='ltr'><strong>terram</strong></span> 
     </span>
     <span class='ocr_line' id='line_1_16' title="bbox 91 1638 1243 1714; baseline -0.002 -19"><span class='ocrx_word' id='word_1_131' title='bbox 91 1641 133 1696; x_wconf 91' lang='lat' dir='ltr'><strong>de</strong></span> <span class='ocrx_word' id='word_1_132' title='bbox 154 1639 292 1697; x_wconf 90' lang='lat' dir='ltr'><strong>manibus</strong></span> <span class='ocrx_word' id='word_1_133' title='bbox 311 1657 505 1714; x_wconf 91' lang='lat' dir='ltr'><strong>paganorum.</strong></span> <span class='ocrx_word' id='word_1_134' title='bbox 544 1638 743 1696; x_wconf 85' lang='lat' dir='ltr'><strong>Iniunxerunt</strong></span> <span class='ocrx_word' id='word_1_135' title='bbox 755 1638 782 1696; x_wconf 90' lang='lat' dir='ltr'><strong>ei</strong></span> <span class='ocrx_word' id='word_1_136' title='bbox 795 1639 940 1696; x_wconf 88' lang='lat' dir='ltr'><strong>secretius</strong></span> <span class='ocrx_word' id='word_1_137' title='bbox 958 1639 1068 1695; x_wconf 91' lang='lat' dir='ltr'><strong>ieiunia</strong></span> <span class='ocrx_word' id='word_1_138' title='bbox 1086 1647 1116 1694; x_wconf 94' lang='lat' dir='ltr'><strong>et</strong></span> <span class='ocrx_word' id='word_1_139' title='bbox 1133 1638 1243 1694; x_wconf 88' lang='lat' dir='ltr'><strong>elemo-</strong></span> 
     </span>
     <span class='ocr_line' id='line_1_17' title="bbox 91 1724 1287 1801; baseline -0.003 -17"><span class='ocrx_word' id='word_1_140' title='bbox 91 1729 188 1795; x_wconf 87' lang='lat' dir='ltr'><strong>sinas,</strong></span> <span class='ocrx_word' id='word_1_141' title='bbox 201 1737 232 1784; x_wconf 91' lang='lat' dir='ltr'><strong>et</strong></span> <span class='ocrx_word' id='word_1_142' title='bbox 244 1728 301 1785; x_wconf 88' lang='lat' dir='ltr'><strong>alia</strong></span> <span class='ocrx_word' id='word_1_143' title='bbox 312 1729 450 1801; x_wconf 88' lang='lat' dir='ltr'><strong>quedam.</strong></span> <span class='ocrx_word' id='word_1_144' title='bbox 486 1727 536 1784; x_wconf 88' lang='lat' dir='ltr'><strong>Ad</strong></span> <span class='ocrx_word' id='word_1_145' title='bbox 550 1727 605 1784; x_wconf 90' lang='lat' dir='ltr'><strong>hec</strong></span> <span class='ocrx_word' id='word_1_146' title='bbox 621 1726 721 1784; x_wconf 91' lang='lat' dir='ltr'><strong>omnia</strong></span> <span class='ocrx_word' id='word_1_147' title='bbox 733 1744 788 1784; x_wconf 84' lang='lat' dir='ltr'><strong>rex</strong></span> <span class='ocrx_word' id='word_1_148' title='bbox 801 1727 931 1800; x_wconf 87' lang='lat' dir='ltr'><strong>benigne</strong></span> <span class='ocrx_word' id='word_1_149' title='bbox 946 1742 1105 1784; x_wconf 87' lang='lat' dir='ltr'><strong>assensum</strong></span> <span class='ocrx_word' id='word_1_150' title='bbox 1118 1724 1243 1799; x_wconf 89' lang='lat' dir='ltr'><strong>prebuit,</strong></span> <span class='ocrx_word' id='word_1_151' title='bbox 1259 1745 1269 1780; x_wconf 90' lang='grc' dir='ltr'>ι</span> <span class='ocrx_word' id='word_1_152' title='bbox 1274 1745 1287 1794; x_wconf 81' lang='lat'>5</span> 
     </span>
     <span class='ocr_line' id='line_1_18' title="bbox 93 1813 1243 1889; baseline -0.003 -17"><span class='ocrx_word' id='word_1_153' title='bbox 93 1817 137 1872; x_wconf 90' lang='lat' dir='ltr'><strong>ita</strong></span> <span class='ocrx_word' id='word_1_154' title='bbox 156 1824 187 1872; x_wconf 90' lang='lat' dir='ltr'><strong>vt</strong></span> <span class='ocrx_word' id='word_1_155' title='bbox 206 1816 306 1889; x_wconf 91' lang='lat' dir='ltr'><strong>palam</strong></span> <span class='ocrx_word' id='word_1_156' title='bbox 326 1815 457 1874; x_wconf 87' lang='lat' dir='ltr'><strong>diceret:</strong></span> <span class='ocrx_word' id='word_1_157' title='bbox 483 1814 587 1883; x_wconf 87' lang='lat' dir='ltr'><strong>‘Ecce,</strong></span> <span class='ocrx_word' id='word_1_158' title='bbox 607 1814 720 1878; x_wconf 90' lang='lat' dir='ltr'><strong>domini</strong></span> <span class='ocrx_word' id='word_1_159' title='bbox 741 1815 838 1888; x_wconf 90' lang='lat' dir='ltr'><strong>legati,</strong></span> <span class='ocrx_word' id='word_1_160' title='bbox 857 1831 966 1888; x_wconf 90' lang='lat' dir='ltr'><strong>corpus</strong></span> <span class='ocrx_word' id='word_1_161' title='bbox 985 1830 1085 1870; x_wconf 92' lang='lat' dir='ltr'><strong>meum</strong></span> <span class='ocrx_word' id='word_1_162' title='bbox 1103 1813 1134 1870; x_wconf 88' lang='lat' dir='ltr'><strong>in</strong></span> <span class='ocrx_word' id='word_1_163' title='bbox 1154 1830 1243 1870; x_wconf 90' lang='lat' dir='ltr'><strong>manu</strong></span> 
     </span>
     <span class='ocr_line' id='line_1_19' title="bbox 91 1900 1244 1977; baseline -0.001 -17"><span class='ocrx_word' id='word_1_164' title='bbox 91 1911 197 1960; x_wconf 87' lang='lat' dir='ltr'><strong>vestra</strong></span> <span class='ocrx_word' id='word_1_165' title='bbox 222 1911 287 1961; x_wconf 88' lang='lat' dir='ltr'><strong>est:</strong></span> <span class='ocrx_word' id='word_1_166' title='bbox 314 1901 454 1977; x_wconf 90' lang='lat' dir='ltr'><strong>quicquid</strong></span> <span class='ocrx_word' id='word_1_167' title='bbox 479 1901 561 1960; x_wconf 88' lang='lat' dir='ltr'><strong>enim</strong></span> <span class='ocrx_word' id='word_1_168' title='bbox 585 1901 754 1960; x_wconf 82' lang='lat' dir='ltr'><strong>iusseritis⁸</strong></span> <span class='ocrx_word' id='word_1_169' title='bbox 773 1911 895 1976; x_wconf 88' lang='lat' dir='ltr'><strong>paratus</strong></span> <span class='ocrx_word' id='word_1_170' title='bbox 915 1919 982 1959; x_wconf 92' lang='lat' dir='ltr'><strong>sum</strong></span> <span class='ocrx_word' id='word_1_171' title='bbox 1004 1901 1121 1958; x_wconf 70' lang='lat' dir='ltr'><strong>facere!</strong></span> <span class='ocrx_word' id='word_1_172' title='bbox 1157 1900 1244 1959; x_wconf 90' lang='lat' dir='ltr'><strong>Vnde</strong></span> 
     </span>
     <span class='ocr_line' id='line_1_20' title="bbox 94 1988 1245 2063; baseline -0.003 -15"><span class='ocrx_word' id='word_1_173' title='bbox 94 1989 191 2061; x_wconf 90' lang='lat' dir='ltr'><strong>multi,</strong></span> <span class='ocrx_word' id='word_1_174' title='bbox 204 1990 268 2048; x_wconf 89' lang='lat' dir='ltr'><strong>eius</strong></span> <span class='ocrx_word' id='word_1_175' title='bbox 287 1990 483 2049; x_wconf 87' lang='lat' dir='ltr'><strong>humilitatem</strong></span> <span class='ocrx_word' id='word_1_176' title='bbox 495 1989 633 2047; x_wconf 88' lang='lat' dir='ltr'><strong>videntes</strong></span> <span class='ocrx_word' id='word_1_177' title='bbox 652 1999 682 2048; x_wconf 91' lang='lat' dir='ltr'><strong>et</strong></span> <span class='ocrx_word' id='word_1_178' title='bbox 701 1989 901 2060; x_wconf 73' lang='lat' dir='ltr'><strong>demtionem,</strong></span> <span class='ocrx_word' id='word_1_179' title='bbox 913 1989 965 2046; x_wconf 85' lang='lat' dir='ltr'><strong>vix</strong></span> <span class='ocrx_word' id='word_1_180' title='bbox 984 1996 1122 2063; x_wconf 88' lang='lat' dir='ltr'><strong>poterant</strong></span> <span class='ocrx_word' id='word_1_181' title='bbox 1140 1988 1245 2046; x_wconf 86' lang='lat' dir='ltr'><strong>lachri-</strong></span> 
     </span>
     <span class='ocr_line' id='line_1_21' title="bbox 94 2067 1245 2151; baseline -0.002 -15"><span class='ocrx_word' id='word_1_182' title='bbox 94 2095 164 2136; x_wconf 87' lang='lat' dir='ltr'><strong>mas</strong></span> <span class='ocrx_word' id='word_1_183' title='bbox 181 2079 342 2136; x_wconf 88' lang='lat' dir='ltr'><strong>continere.</strong></span> <span class='ocrx_word' id='word_1_184' title='bbox 381 2067 661 2135; x_wconf 67' lang='lat' dir='ltr'><strong>Deduxcrunt&#39;c&#39;um</strong></span> <span class='ocrx_word' id='word_1_185' title='bbox 675 2077 764 2151; x_wconf 87' lang='lat' dir='ltr'><strong>legati</strong></span> <span class='ocrx_word' id='word_1_186' title='bbox 776 2089 861 2135; x_wconf 83' lang='lat' dir='ltr'><strong>extra</strong></span> <span class='ocrx_word' id='word_1_187' title='bbox 874 2079 983 2134; x_wconf 92' lang='lat' dir='ltr'><strong>ostium</strong></span> <span class='ocrx_word' id='word_1_188' title='bbox 995 2075 1141 2134; x_wconf 87' lang='lat' dir='ltr'><strong>ecclesie:</strong></span> <span class='ocrx_word' id='word_1_189' title='bbox 1162 2085 1192 2133; x_wconf 88' lang='lat' dir='ltr'><strong>et</strong></span> <span class='ocrx_word' id='word_1_190' title='bbox 1205 2075 1245 2134; x_wconf 93' lang='lat' dir='ltr'><strong>ibi</strong></span> 
     </span>
     <span class='ocr_line' id='line_1_22' title="bbox 95 2164 1292 2240; baseline -0.002 -17"><span class='ocrx_word' id='word_1_191' title='bbox 95 2165 186 2224; x_wconf 81' lang='lat' dir='ltr'><strong>ssexis</strong></span> <span class='ocrx_word' id='word_1_192' title='bbox 198 2165 325 2240; x_wconf 86' lang='lat' dir='ltr'><strong>genibus</strong></span> <span class='ocrx_word' id='word_1_193' title='bbox 337 2167 500 2237; x_wconf 89' lang='lat' dir='ltr'><strong>absolutus,</strong></span> <span class='ocrx_word' id='word_1_194' title='bbox 513 2165 544 2222; x_wconf 88' lang='lat' dir='ltr'><strong>in</strong></span> <span class='ocrx_word' id='word_1_195' title='bbox 557 2165 715 2222; x_wconf 88' lang='lat' dir='ltr'><strong>ecclesiam</strong></span> <span class='ocrx_word' id='word_1_196' title='bbox 729 2165 915 2223; x_wconf 91' lang='lat' dir='ltr'><strong>introductus</strong></span> <span class='ocrx_word' id='word_1_197' title='bbox 928 2174 984 2222; x_wconf 88' lang='lat' dir='ltr'><strong>est.</strong></span> <span class='ocrx_word' id='word_1_198' title='bbox 1022 2164 1133 2222; x_wconf 88' lang='lat' dir='ltr'><strong>lurauit</strong></span> <span class='ocrx_word' id='word_1_199' title='bbox 1144 2173 1245 2222; x_wconf 88' lang='lat' dir='ltr'><strong>autem</strong></span> <span class='ocrx_word' id='word_1_200' title='bbox 1261 2185 1292 2222; x_wconf 73' lang='lat' dir='ltr'><strong>ao</strong></span> 
     </span>
     <span class='ocr_line' id='line_1_23' title="bbox 96 2251 1247 2327; baseline -0.002 -17"><span class='ocrx_word' id='word_1_201' title='bbox 96 2271 154 2310; x_wconf 86' lang='lat' dir='ltr'><strong>rex</strong></span> <span class='ocrx_word' id='word_1_202' title='bbox 173 2253 324 2310; x_wconf 88' lang='lat' dir='ltr'><strong>Henricus</strong></span> <span class='ocrx_word' id='word_1_203' title='bbox 348 2253 427 2311; x_wconf 87' lang='lat' dir='ltr'><strong>filius</strong></span> <span class='ocrx_word' id='word_1_204' title='bbox 452 2271 534 2322; x_wconf 87' lang='lat' dir='ltr'><strong>suus,</strong></span> <span class='ocrx_word' id='word_1_205' title='bbox 553 2252 579 2309; x_wconf 93' lang='lat' dir='ltr'><strong>si</strong></span> <span class='ocrx_word' id='word_1_206' title='bbox 600 2262 687 2327; x_wconf 87' lang='lat' dir='ltr'><strong>pater</strong></span> <span class='ocrx_word' id='word_1_207' title='bbox 709 2271 781 2311; x_wconf 89' lang='lat' dir='ltr'><strong>suus</strong></span> <span class='ocrx_word' id='word_1_208' title='bbox 800 2255 968 2320; x_wconf 85' lang='lat' dir='ltr'><strong>decederet,</strong></span> <span class='ocrx_word' id='word_1_209' title='bbox 987 2271 1020 2311; x_wconf 89' lang='lat' dir='ltr'><strong>se</strong></span> <span class='ocrx_word' id='word_1_210' title='bbox 1040 2251 1158 2310; x_wconf 80' lang='lat' dir='ltr'><strong>omnia⁷</strong></span> <span class='ocrx_word' id='word_1_211' title='bbox 1177 2269 1247 2325; x_wconf 89' lang='lat' dir='ltr'><strong>pre·</strong></span> 
     </span>
     <span class='ocr_line' id='line_1_24' title="bbox 97 2329 1246 2415; baseline -0.002 -17"><span class='ocrx_word' id='word_1_212' title='bbox 97 2343 177 2398; x_wconf 89' lang='lat' dir='ltr'><strong>dicta</strong></span> <span class='ocrx_word' id='word_1_213' title='bbox 194 2343 432 2398; x_wconf 88' lang='lat' dir='ltr'><strong>obseruaturum.</strong></span> <span class='ocrx_word' id='word_1_214' title='bbox 506 2329 630 2413; x_wconf 87' lang='lat' dir='ltr'><strong>Elapsis</strong></span> <span class='ocrx_word' id='word_1_215' title='bbox 648 2351 748 2398; x_wconf 91' lang='lat' dir='ltr'><strong>autem</strong></span> <span class='ocrx_word' id='word_1_216' title='bbox 761 2351 829 2414; x_wconf 91' lang='lat' dir='ltr'><strong>post</strong></span> <span class='ocrx_word' id='word_1_217' title='bbox 841 2342 896 2398; x_wconf 92' lang='lat' dir='ltr'><strong>hec</strong></span> <span class='ocrx_word' id='word_1_218' title='bbox 909 2340 1040 2415; x_wconf 90' lang='lat' dir='ltr'><strong>quinque</strong></span> <span class='ocrx_word' id='word_1_219' title='bbox 1058 2338 1153 2407; x_wconf 87' lang='lat' dir='ltr'><strong>annis,</strong></span> <span class='ocrx_word' id='word_1_220' title='bbox 1167 2339 1246 2396; x_wconf 86' lang='lat' dir='ltr'><strong>lilius</strong></span> 
     </span>
     <span class='ocr_line' id='line_1_25' title="bbox 97 2427 1246 2501; baseline -0.003 -14"><span class='ocrx_word' id='word_1_221' title='bbox 97 2447 172 2487; x_wconf 88' lang='lat' dir='ltr'><strong>suus</strong></span> <span class='ocrx_word' id='word_1_222' title='bbox 191 2428 351 2496; x_wconf 89' lang='lat' dir='ltr'><strong>Henricus,</strong></span> <span class='ocrx_word' id='word_1_223' title='bbox 369 2427 442 2485; x_wconf 88' lang='lat' dir='ltr'><strong>inito</strong></span> <span class='ocrx_word' id='word_1_224' title='bbox 461 2445 529 2486; x_wconf 92' lang='lat' dir='ltr'><strong>cum</strong></span> <span class='ocrx_word' id='word_1_225' title='bbox 547 2446 618 2501; x_wconf 88' lang='lat' dir='ltr'><strong>rege</strong></span> <span class='ocrx_word' id='word_1_226' title='bbox 638 2427 823 2486; x_wconf 87' lang='lat' dir='ltr'><strong>Francorum</strong></span> <span class='ocrx_word' id='word_1_227' title='bbox 842 2429 951 2499; x_wconf 85' lang='lat' dir='ltr'><strong>sedere,</strong></span> <span class='ocrx_word' id='word_1_228' title='bbox 964 2429 1109 2485; x_wconf 90' lang='lat' dir='ltr'><strong>aduersus</strong></span> <span class='ocrx_word' id='word_1_229' title='bbox 1128 2436 1246 2501; x_wconf 88' lang='lat' dir='ltr'><strong>patrem</strong></span> 
     </span>
     <span class='ocr_line' id='line_1_26' title="bbox 96 2515 1247 2589; baseline -0.002 -15"><span class='ocrx_word' id='word_1_230' title='bbox 96 2515 240 2574; x_wconf 88' lang='lat' dir='ltr'><strong>intestina</strong></span> <span class='ocrx_word' id='word_1_231' title='bbox 252 2516 330 2573; x_wconf 86' lang='lat' dir='ltr'><strong>bella</strong></span> <span class='ocrx_word' id='word_1_232' title='bbox 341 2515 442 2572; x_wconf 92' lang='lat' dir='ltr'><strong>mouit.</strong></span> <span class='ocrx_word' id='word_1_233' title='bbox 468 2515 556 2573; x_wconf 89' lang='lat' dir='ltr'><strong>Vnde</strong></span> <span class='ocrx_word' id='word_1_234' title='bbox 570 2526 656 2588; x_wconf 90' lang='lat' dir='ltr'><strong>pater</strong></span> <span class='ocrx_word' id='word_1_235' title='bbox 667 2515 753 2589; x_wconf 88' lang='lat' dir='ltr'><strong>quasi</strong></span> <span class='ocrx_word' id='word_1_236' title='bbox 766 2515 796 2572; x_wconf 90' lang='lat' dir='ltr'><strong>in</strong></span> <span class='ocrx_word' id='word_1_237' title='bbox 809 2515 1019 2589; x_wconf 89' lang='lat' dir='ltr'><strong>desperatione</strong></span> <span class='ocrx_word' id='word_1_238' title='bbox 1032 2515 1155 2589; x_wconf 88' lang='lat' dir='ltr'><strong>positus,</strong></span> <span class='ocrx_word' id='word_1_239' title='bbox 1164 2531 1247 2572; x_wconf 88' lang='lat' dir='ltr'><strong>mare</strong></span> 
     </span>
     <span class='ocr_line' id='line_1_27' title="bbox 97 2601 1293 2674; baseline -0.003 -12"><span class='ocrx_word' id='word_1_240' title='bbox 97 2603 254 2662; x_wconf 89' lang='lat' dir='ltr'><strong>transiuit:</strong></span> <span class='ocrx_word' id='word_1_241' title='bbox 281 2612 310 2660; x_wconf 91' lang='lat' dir='ltr'><strong>et</strong></span> <span class='ocrx_word' id='word_1_242' title='bbox 329 2613 360 2660; x_wconf 86' lang='lat' dir='ltr'><strong>vt</strong></span> <span class='ocrx_word' id='word_1_243' title='bbox 382 2603 621 2660; x_wconf 86' lang='lat' dir='ltr'><strong>cantuariensem</strong></span> <span class='ocrx_word' id='word_1_244' title='bbox 649 2603 807 2660; x_wconf 86' lang='lat' dir='ltr'><strong>ecclesiam</strong></span> <span class='ocrx_word' id='word_1_245' title='bbox 833 2603 916 2671; x_wconf 87' lang='lat' dir='ltr'><strong>vidit,</strong></span> <span class='ocrx_word' id='word_1_246' title='bbox 935 2621 1006 2659; x_wconf 86' lang='lat' dir='ltr'><strong>mox</strong></span> <span class='ocrx_word' id='word_1_247' title='bbox 1034 2601 1248 2660; x_wconf 87' lang='lat' dir='ltr'><strong>incredibiliter</strong></span> <span class='ocrx_word' id='word_1_248' title='bbox 1263 2623 1293 2674; x_wconf 80' lang='lat'><strong>²5</strong></span> 
     </span>
     <span class='ocr_line' id='line_1_28' title="bbox 100 2690 1248 2764; baseline -0.002 -16"><span class='ocrx_word' id='word_1_249' title='bbox 100 2691 279 2760; x_wconf 87' lang='lat' dir='ltr'><strong>humiliatus,</strong></span> <span class='ocrx_word' id='word_1_250' title='bbox 292 2690 381 2748; x_wconf 90' lang='lat' dir='ltr'><strong>nudis</strong></span> <span class='ocrx_word' id='word_1_251' title='bbox 399 2690 529 2764; x_wconf 91' lang='lat' dir='ltr'><strong>pedibus</strong></span> <span class='ocrx_word' id='word_1_252' title='bbox 546 2700 577 2748; x_wconf 88' lang='lat' dir='ltr'><strong>et</strong></span> <span class='ocrx_word' id='word_1_253' title='bbox 593 2699 696 2764; x_wconf 88' lang='lat' dir='ltr'><strong>preter</strong></span> <span class='ocrx_word' id='word_1_254' title='bbox 713 2690 845 2748; x_wconf 91' lang='lat' dir='ltr'><strong>tunicam</strong></span> <span class='ocrx_word' id='word_1_255' title='bbox 864 2692 1016 2764; x_wconf 88' lang='lat' dir='ltr'><strong>quandam</strong></span> <span class='ocrx_word' id='word_1_256' title='bbox 1028 2690 1118 2747; x_wconf 91' lang='lat' dir='ltr'><strong>vilem</strong></span> <span class='ocrx_word' id='word_1_257' title='bbox 1138 2691 1248 2747; x_wconf 92' lang='lat' dir='ltr'><strong>nudato</strong></span> 
     </span>
     <span class='ocr_line' id='line_1_29' title="bbox 98 2777 1249 2853; baseline -0.001 -16"><span class='ocrx_word' id='word_1_258' title='bbox 98 2788 162 2837; x_wconf 91' lang='lat' dir='ltr'><strong>toto</strong></span> <span class='ocrx_word' id='word_1_259' title='bbox 182 2796 318 2853; x_wconf 88' lang='lat' dir='ltr'><strong>corpore,</strong></span> <span class='ocrx_word' id='word_1_260' title='bbox 337 2779 437 2852; x_wconf 88' lang='lat' dir='ltr'><strong>palam</strong></span> <span class='ocrx_word' id='word_1_261' title='bbox 462 2777 614 2836; x_wconf 87' lang='lat' dir='ltr'><strong>ciuitatem</strong></span> <span class='ocrx_word' id='word_1_262' title='bbox 638 2778 768 2847; x_wconf 90' lang='lat' dir='ltr'><strong>intrauit,</strong></span> <span class='ocrx_word' id='word_1_263' title='bbox 790 2795 858 2835; x_wconf 91' lang='lat' dir='ltr'><strong>cum</strong></span> <span class='ocrx_word' id='word_1_264' title='bbox 879 2778 1016 2852; x_wconf 89' lang='lat' dir='ltr'><strong>suspiriis</strong></span> <span class='ocrx_word' id='word_1_265' title='bbox 1035 2787 1066 2835; x_wconf 92' lang='lat' dir='ltr'><strong>et</strong></span> <span class='ocrx_word' id='word_1_266' title='bbox 1089 2777 1249 2850; x_wconf 80' lang='lat' dir='ltr'><strong>gemitibus</strong></span> 
     </span>
     <span class='ocr_line' id='line_1_30' title="bbox 99 2865 1249 2940; baseline -0.002 -16"><span class='ocrx_word' id='word_1_267' title='bbox 99 2868 234 2925; x_wconf 88' lang='lat' dir='ltr'><strong>tumbam</strong></span> <span class='ocrx_word' id='word_1_268' title='bbox 253 2865 382 2925; x_wconf 90' lang='lat' dir='ltr'><strong>martiris</strong></span> <span class='ocrx_word' id='word_1_269' title='bbox 400 2866 480 2938; x_wconf 89' lang='lat' dir='ltr'><strong>adiit,</strong></span> <span class='ocrx_word' id='word_1_270' title='bbox 492 2877 523 2924; x_wconf 88' lang='lat' dir='ltr'><strong>et</strong></span> <span class='ocrx_word' id='word_1_271' title='bbox 541 2877 603 2924; x_wconf 85' lang='lat' dir='ltr'><strong>tota</strong></span> <span class='ocrx_word' id='word_1_272' title='bbox 621 2867 670 2924; x_wconf 92' lang='lat' dir='ltr'><strong>die</strong></span> <span class='ocrx_word' id='word_1_273' title='bbox 685 2877 715 2924; x_wconf 89' lang='lat' dir='ltr'><strong>et</strong></span> <span class='ocrx_word' id='word_1_274' title='bbox 734 2876 822 2924; x_wconf 86' lang='lat' dir='ltr'><strong>nocte</strong></span> <span class='ocrx_word' id='word_1_275' title='bbox 840 2865 976 2924; x_wconf 81' lang='lat' dir='ltr'><strong>ieiunus⁸</strong></span> <span class='ocrx_word' id='word_1_276' title='bbox 989 2875 1018 2923; x_wconf 92' lang='lat' dir='ltr'><strong>et</strong></span> <span class='ocrx_word' id='word_1_277' title='bbox 1034 2865 1161 2940; x_wconf 86' lang='lat' dir='ltr'><strong>peruigil</strong></span> <span class='ocrx_word' id='word_1_278' title='bbox 1179 2875 1249 2922; x_wconf 88' lang='lat' dir='ltr'><strong>ante</strong></span> 
     </span>
     <span class='ocr_line' id='line_1_31' title="bbox 101 2953 1250 3030; baseline -0.003 -17"><span class='ocrx_word' id='word_1_279' title='bbox 101 2955 254 3013; x_wconf 89' lang='lat' dir='ltr'><strong>martirem</strong></span> <span class='ocrx_word' id='word_1_280' title='bbox 274 2955 479 3030; x_wconf 88' lang='lat' dir='ltr'><strong>pernoctauit:</strong></span> <span class='ocrx_word' id='word_1_281' title='bbox 510 2965 540 3013; x_wconf 88' lang='lat' dir='ltr'><strong>et</strong></span> <span class='ocrx_word' id='word_1_282' title='bbox 564 2955 675 3013; x_wconf 90' lang='lat' dir='ltr'><strong>ibidem</strong></span> <span class='ocrx_word' id='word_1_283' title='bbox 700 2973 718 3012; x_wconf 89' lang='lat' dir='ltr'><strong>a</strong></span> <span class='ocrx_word' id='word_1_284' title='bbox 742 2954 868 3028; x_wconf 89' lang='lat' dir='ltr'><strong>singulis</strong></span> <span class='ocrx_word' id='word_1_285' title='bbox 891 2953 1031 3011; x_wconf 81' lang='lat' dir='ltr'><strong>fratribus</strong></span> <span class='ocrx_word' id='word_1_286' title='bbox 1054 2953 1250 3026; x_wconf 88' lang='lat' dir='ltr'><strong>quadraginta</strong></span> 
     </span>
     <span class='ocr_line' id='line_1_32' title="bbox 101 3040 1296 3118; baseline -0.004 -19"><span class='ocrx_word' id='word_1_287' title='bbox 101 3043 312 3118; x_wconf 87' lang='lat' dir='ltr'><strong>percussiones</strong></span> <span class='ocrx_word' id='word_1_288' title='bbox 336 3043 530 3118; x_wconf 90' lang='lat' dir='ltr'><strong>disciplinalis</strong></span> <span class='ocrx_word' id='word_1_289' title='bbox 553 3043 637 3117; x_wconf 86' lang='lat' dir='ltr'><strong>virge</strong></span> <span class='ocrx_word' id='word_1_290' title='bbox 667 3045 789 3116; x_wconf 86' lang='lat' dir='ltr'><strong>accepit</strong></span> <span class='ocrx_word' id='word_1_291' title='bbox 840 3041 954 3099; x_wconf 87' lang='lat' dir='ltr'><strong>Eadem</strong></span> <span class='ocrx_word' id='word_1_292' title='bbox 978 3058 1097 3114; x_wconf 88' lang='lat' dir='ltr'><strong>quoque</strong></span> <span class='ocrx_word' id='word_1_293' title='bbox 1121 3040 1170 3098; x_wconf 90' lang='lat' dir='ltr'><strong>die</strong></span> <span class='ocrx_word' id='word_1_294' title='bbox 1195 3058 1250 3100; x_wconf 85' lang='lat' dir='ltr'><strong>rex</strong></span> <span class='ocrx_word' id='word_1_295' title='bbox 1264 3057 1296 3108; x_wconf 76' lang='lat'><strong>50</strong></span> 
     </span>
     <span class='ocr_line' id='line_1_33' title="bbox 102 3129 1249 3205; baseline -0.001 -16"><span class='ocrx_word' id='word_1_296' title='bbox 102 3133 261 3189; x_wconf 86' lang='lat' dir='ltr'><strong>Scotorum</strong></span> <span class='ocrx_word' id='word_1_297' title='bbox 273 3140 378 3204; x_wconf 85' lang='lat' dir='ltr'><strong>captus</strong></span> <span class='ocrx_word' id='word_1_298' title='bbox 389 3141 436 3189; x_wconf 90' lang='lat' dir='ltr'><strong>est</strong></span> <span class='ocrx_word' id='word_1_299' title='bbox 449 3132 514 3189; x_wconf 89' lang='lat' dir='ltr'><strong>sine</strong></span> <span class='ocrx_word' id='word_1_300' title='bbox 527 3149 628 3205; x_wconf 89' lang='lat' dir='ltr'><strong>pugna</strong></span> <span class='ocrx_word' id='word_1_301' title='bbox 640 3149 711 3188; x_wconf 89' lang='lat' dir='ltr'><strong>casu</strong></span> <span class='ocrx_word' id='word_1_302' title='bbox 728 3129 856 3200; x_wconf 84' lang='lat' dir='ltr'><strong>fortuito,</strong></span> <span class='ocrx_word' id='word_1_303' title='bbox 869 3130 907 3186; x_wconf 90' lang='lat' dir='ltr'><strong>ab</strong></span> <span class='ocrx_word' id='word_1_304' title='bbox 922 3129 1055 3186; x_wconf 83' lang='lat' dir='ltr'><strong>exercitu</strong></span> <span class='ocrx_word' id='word_1_305' title='bbox 1070 3145 1125 3186; x_wconf 91' lang='lat' dir='ltr'><strong>suo</strong></span> <span class='ocrx_word' id='word_1_306' title='bbox 1142 3145 1249 3202; x_wconf 88' lang='lat' dir='ltr'><strong>parum</strong></span> 
     </span>
     <span class='ocr_line' id='line_1_34' title="bbox 103 3216 1251 3294; baseline 0 -18"><span class='ocrx_word' id='word_1_307' title='bbox 103 3221 264 3294; x_wconf 88' lang='lat' dir='ltr'><strong>digressus.</strong></span> <span class='ocrx_word' id='word_1_308' title='bbox 300 3219 446 3277; x_wconf 88' lang='lat' dir='ltr'><strong>Videntes</strong></span> <span class='ocrx_word' id='word_1_309' title='bbox 459 3229 559 3276; x_wconf 88' lang='lat' dir='ltr'><strong>autem</strong></span> <span class='ocrx_word' id='word_1_310' title='bbox 572 3218 620 3276; x_wconf 90' lang='lat' dir='ltr'><strong>alii</strong></span> <span class='ocrx_word' id='word_1_311' title='bbox 633 3227 694 3276; x_wconf 90' lang='lat' dir='ltr'><strong>tam</strong></span> <span class='ocrx_word' id='word_1_312' title='bbox 708 3217 807 3275; x_wconf 91' lang='lat' dir='ltr'><strong>subito</strong></span> <span class='ocrx_word' id='word_1_313' title='bbox 824 3235 891 3274; x_wconf 90' lang='lat' dir='ltr'><strong>cum</strong></span> <span class='ocrx_word' id='word_1_314' title='bbox 909 3234 981 3291; x_wconf 84' lang='lat' dir='ltr'><strong>rege</strong></span> <span class='ocrx_word' id='word_1_315' title='bbox 998 3233 1119 3274; x_wconf 88' lang='lat' dir='ltr'><strong>manum</strong></span> <span class='ocrx_word' id='word_1_316' title='bbox 1138 3216 1251 3276; x_wconf 88' lang='lat' dir='ltr'><strong>domini</strong></span> 
     </span>
     <span class='ocr_line' id='line_1_35' title="bbox 101 3294 1251 3375; baseline -0.001 -11"><span class='ocrx_word' id='word_1_317' title='bbox 101 3307 239 3375; x_wconf 89' lang='lat' dir='ltr'><strong>validam,</strong></span> <span class='ocrx_word' id='word_1_318' title='bbox 251 3307 398 3364; x_wconf 89' lang='lat' dir='ltr'><strong>siluerunt</strong></span> <span class='ocrx_word' id='word_1_319' title='bbox 410 3306 550 3364; x_wconf 83' lang='lat' dir='ltr'><strong>uniuersi.</strong></span> <span class='ocrx_word' id='word_1_320' title='bbox 639 3294 723 3366; x_wconf 89' lang='lat' dir='ltr'><strong>Cum</strong></span> <span class='ocrx_word' id='word_1_321' title='bbox 736 3305 817 3363; x_wconf 91' lang='lat' dir='ltr'><strong>enim</strong></span> <span class='ocrx_word' id='word_1_322' title='bbox 834 3315 956 3362; x_wconf 89' lang='lat' dir='ltr'><strong>sanctus</strong></span> <span class='ocrx_word' id='word_1_323' title='bbox 968 3304 1100 3362; x_wconf 83' lang='lat' dir='ltr'><strong>Thomas</strong></span> <span class='ocrx_word' id='word_1_324' title='bbox 1119 3304 1251 3363; x_wconf 88' lang='lat' dir='ltr'><strong>Senonis</strong></span> 
     </span>
     <span class='ocr_line' id='line_1_36' title="bbox 104 3392 1251 3468; baseline -0.003 -15"><span class='ocrx_word' id='word_1_325' title='bbox 104 3403 183 3453; x_wconf 89' lang='lat' dir='ltr'><strong>esset</strong></span> <span class='ocrx_word' id='word_1_326' title='bbox 198 3403 267 3468; x_wconf 92' lang='lat' dir='ltr'><strong>post</strong></span> <span class='ocrx_word' id='word_1_327' title='bbox 286 3404 466 3452; x_wconf 91' lang='lat' dir='ltr'><strong>nocturnum</strong></span> <span class='ocrx_word' id='word_1_328' title='bbox 483 3393 614 3451; x_wconf 86' lang='lat' dir='ltr'><strong>officium</strong></span> <span class='ocrx_word' id='word_1_329' title='bbox 628 3393 726 3451; x_wconf 88' lang='lat' dir='ltr'><strong>subito</strong></span> <span class='ocrx_word' id='word_1_330' title='bbox 740 3393 875 3467; x_wconf 85' lang='lat' dir='ltr'><strong>cogitans</strong></span> <span class='ocrx_word' id='word_1_331' title='bbox 894 3394 932 3449; x_wconf 91' lang='lat' dir='ltr'><strong>de</strong></span> <span class='ocrx_word' id='word_1_332' title='bbox 953 3411 1023 3467; x_wconf 85' lang='lat' dir='ltr'><strong>rege</strong></span> <span class='ocrx_word' id='word_1_333' title='bbox 1041 3401 1072 3449; x_wconf 86' lang='lat' dir='ltr'><strong>et</strong></span> <span class='ocrx_word' id='word_1_334' title='bbox 1089 3393 1159 3450; x_wconf 90' lang='lat' dir='ltr'><strong>filiis</strong></span> <span class='ocrx_word' id='word_1_335' title='bbox 1176 3392 1251 3463; x_wconf 87' lang='lat' dir='ltr'><strong>cius,</strong></span> 
     </span>
     <span class='ocr_line' id='line_1_37' title="bbox 104 3480 1296 3556; baseline -0.001 -17"><span class='ocrx_word' id='word_1_336' title='bbox 104 3493 133 3539; x_wconf 94' lang='lat' dir='ltr'><strong>et</strong></span> <span class='ocrx_word' id='word_1_337' title='bbox 150 3482 305 3556; x_wconf 90' lang='lat' dir='ltr'><strong>potissime</strong></span> <span class='ocrx_word' id='word_1_338' title='bbox 324 3483 362 3539; x_wconf 90' lang='lat' dir='ltr'><strong>de</strong></span> <span class='ocrx_word' id='word_1_339' title='bbox 381 3481 579 3556; x_wconf 84' lang='lat' dir='ltr'><strong>primogenito</strong></span> <span class='ocrx_word' id='word_1_340' title='bbox 598 3481 671 3552; x_wconf 91' lang='lat' dir='ltr'><strong>eius,</strong></span> <span class='ocrx_word' id='word_1_341' title='bbox 690 3491 721 3538; x_wconf 91' lang='lat' dir='ltr'><strong>et</strong></span> <span class='ocrx_word' id='word_1_342' title='bbox 737 3483 776 3538; x_wconf 95' lang='lat' dir='ltr'><strong>de</strong></span> <span class='ocrx_word' id='word_1_343' title='bbox 793 3481 922 3553; x_wconf 89' lang='lat' dir='ltr'><strong>quodam</strong></span> <span class='ocrx_word' id='word_1_344' title='bbox 937 3480 994 3537; x_wconf 92' lang='lat' dir='ltr'><strong>alio</strong></span> <span class='ocrx_word' id='word_1_345' title='bbox 1011 3481 1049 3537; x_wconf 92' lang='lat' dir='ltr'><strong>de</strong></span> <span class='ocrx_word' id='word_1_346' title='bbox 1068 3498 1128 3554; x_wconf 92' lang='lat' dir='ltr'><strong>quo</strong></span> <span class='ocrx_word' id='word_1_347' title='bbox 1147 3490 1252 3554; x_wconf 88' lang='lat' dir='ltr'><strong>postea</strong></span> <span class='ocrx_word' id='word_1_348' title='bbox 1265 3495 1296 3547; x_wconf 67' lang='lat'><strong>,³5</strong></span> 
     </span>
     <span class='ocr_line' id='line_1_38' title="bbox 105 3566 1252 3636; baseline -0.003 -8"><span class='ocrx_word' id='word_1_349' title='bbox 105 3569 255 3636; x_wconf 88' lang='lat' dir='ltr'><strong>nesciebat</strong></span> <span class='ocrx_word' id='word_1_350' title='bbox 279 3587 317 3627; x_wconf 90' lang='lat' dir='ltr'><strong>an</strong></span> <span class='ocrx_word' id='word_1_351' title='bbox 345 3571 384 3628; x_wconf 93' lang='lat' dir='ltr'><strong>de</strong></span> <span class='ocrx_word' id='word_1_352' title='bbox 412 3569 562 3627; x_wconf 83' lang='lat' dir='ltr'><strong>Richards</strong></span> <span class='ocrx_word' id='word_1_353' title='bbox 592 3587 629 3626; x_wconf 92' lang='lat' dir='ltr'><strong>an</strong></span> <span class='ocrx_word' id='word_1_354' title='bbox 655 3570 694 3626; x_wconf 89' lang='lat' dir='ltr'><strong>de</strong></span> <span class='ocrx_word' id='word_1_355' title='bbox 719 3568 851 3627; x_wconf 84' lang='lat' dir='ltr'><strong>Galsrido</strong></span> <span class='ocrx_word' id='word_1_356' title='bbox 876 3567 967 3626; x_wconf 81' lang='lat' dir='ltr'><strong>fratre</strong></span> <span class='ocrx_word' id='word_1_357' title='bbox 992 3566 1092 3626; x_wconf 76' lang='lat' dir='ltr'><strong>eius⁸2</strong></span> <span class='ocrx_word' id='word_1_358' title='bbox 1121 3567 1159 3625; x_wconf 86' lang='lat' dir='ltr'><strong>Et</strong></span> <span class='ocrx_word' id='word_1_359' title='bbox 1183 3585 1252 3625; x_wconf 90' lang='lat' dir='ltr'><strong>cum</strong></span> 
     </span>
     <span class='ocr_line' id='line_1_39' title="bbox 104 3655 1252 3731; baseline -0.002 -16"><span class='ocrx_word' id='word_1_360' title='bbox 104 3657 284 3730; x_wconf 87' lang='lat' dir='ltr'><strong>aliquamdiu</strong></span> <span class='ocrx_word' id='word_1_361' title='bbox 314 3658 352 3714; x_wconf 90' lang='lat' dir='ltr'><strong>de</strong></span> <span class='ocrx_word' id='word_1_362' title='bbox 385 3657 442 3715; x_wconf 92' lang='lat' dir='ltr'><strong>hiis</strong></span> <span class='ocrx_word' id='word_1_363' title='bbox 472 3657 625 3731; x_wconf 86' lang='lat' dir='ltr'><strong>cogitaret,</strong></span> <span class='ocrx_word' id='word_1_364' title='bbox 655 3655 869 3730; x_wconf 89' lang='lat' dir='ltr'><strong>dispositiones</strong></span> <span class='ocrx_word' id='word_1_365' title='bbox 898 3655 1036 3713; x_wconf 88' lang='lat' dir='ltr'><strong>altissimi</strong></span> <span class='ocrx_word' id='word_1_366' title='bbox 1065 3672 1158 3729; x_wconf 87' lang='lat' dir='ltr'><strong>super</strong></span> <span class='ocrx_word' id='word_1_367' title='bbox 1184 3655 1252 3713; x_wconf 86' lang='lat' dir='ltr'><strong>illos</strong></span> 
     </span>
     <span class='ocr_line' id='line_1_40' title="bbox 105 3741 1253 3814; baseline -0.003 -11"><span class='ocrx_word' id='word_1_368' title='bbox 105 3745 182 3804; x_wconf 89' lang='lat' dir='ltr'><strong>scire</strong></span> <span class='ocrx_word' id='word_1_369' title='bbox 202 3746 388 3814; x_wconf 89' lang='lat' dir='ltr'><strong>desiderans,</strong></span> <span class='ocrx_word' id='word_1_370' title='bbox 406 3763 477 3803; x_wconf 89' lang='lat' dir='ltr'><strong>ecce</strong></span> <span class='ocrx_word' id='word_1_371' title='bbox 486 3745 507 3777; x_wconf 82' lang='lat'><strong>¹⁰</strong></span> <span class='ocrx_word' id='word_1_372' title='bbox 526 3745 602 3802; x_wconf 84' lang='lat' dir='ltr'><strong>lacta</strong></span> <span class='ocrx_word' id='word_1_373' title='bbox 620 3755 666 3802; x_wconf 88' lang='lat' dir='ltr'><strong>est</strong></span> <span class='ocrx_word' id='word_1_374' title='bbox 677 3745 694 3778; x_wconf 91' lang='lat'><strong>¹¹</strong></span> <span class='ocrx_word' id='word_1_375' title='bbox 714 3763 774 3801; x_wconf 85' lang='lat' dir='ltr'><strong>vox</strong></span> <span class='ocrx_word' id='word_1_376' title='bbox 796 3745 833 3800; x_wconf 93' lang='lat' dir='ltr'><strong>ad</strong></span> <span class='ocrx_word' id='word_1_377' title='bbox 856 3761 926 3800; x_wconf 92' lang='lat' dir='ltr'><strong>eum</strong></span> <span class='ocrx_word' id='word_1_378' title='bbox 947 3745 989 3800; x_wconf 91' lang='lat' dir='ltr'><strong>sic</strong></span> <span class='ocrx_word' id='word_1_379' title='bbox 1008 3743 1131 3800; x_wconf 87' lang='lat' dir='ltr'><strong>dicens:</strong></span> <span class='ocrx_word' id='word_1_380' title='bbox 1151 3741 1253 3800; x_wconf 87' lang='lat' dir='ltr'><strong>‘Mors</strong></span> 
     </span>
     <span class='ocr_line' id='line_1_41' title="bbox 104 3829 1252 3905; baseline -0.002 -15"><span class='ocrx_word' id='word_1_381' title='bbox 104 3833 169 3890; x_wconf 88' lang='lat' dir='ltr'><strong>tulit</strong></span> <span class='ocrx_word' id='word_1_382' title='bbox 192 3849 251 3890; x_wconf 89' lang='lat' dir='ltr'><strong>vna</strong></span> <span class='ocrx_word' id='word_1_383' title='bbox 273 3833 357 3904; x_wconf 91' lang='lat' dir='ltr'><strong>duos,</strong></span> <span class='ocrx_word' id='word_1_384' title='bbox 378 3833 444 3890; x_wconf 92' lang='lat' dir='ltr'><strong>tulit</strong></span> <span class='ocrx_word' id='word_1_385' title='bbox 468 3834 569 3902; x_wconf 86' lang='lat' dir='ltr'><strong>altera,</strong></span> <span class='ocrx_word' id='word_1_386' title='bbox 593 3833 647 3890; x_wconf 88' lang='lat' dir='ltr'><strong>sed</strong></span> <span class='ocrx_word' id='word_1_387' title='bbox 668 3832 755 3899; x_wconf 90' lang='lat' dir='ltr'><strong>male,</strong></span> <span class='ocrx_word' id='word_1_388' title='bbox 776 3833 910 3905; x_wconf 67' lang='lat' dir='ltr'><strong>patrem!</strong></span> <span class='ocrx_word' id='word_1_389' title='bbox 948 3830 1036 3888; x_wconf 93' lang='lat' dir='ltr'><strong>Vnde</strong></span> <span class='ocrx_word' id='word_1_390' title='bbox 1055 3839 1085 3887; x_wconf 88' lang='lat' dir='ltr'><strong>et</strong></span> <span class='ocrx_word' id='word_1_391' title='bbox 1105 3847 1172 3888; x_wconf 88' lang='lat' dir='ltr'><strong>cras</strong></span> <span class='ocrx_word' id='word_1_392' title='bbox 1196 3829 1252 3888; x_wconf 93' lang='lat' dir='ltr'><strong>hoc</strong></span> 
     </span>
     <span class='ocr_line' id='line_1_42' title="bbox 107 3919 1298 3992; baseline -0.002 -14"><span class='ocrx_word' id='word_1_393' title='bbox 107 3919 239 3980; x_wconf 85' lang='lat' dir='ltr'><strong>reserens</strong></span> <span class='ocrx_word' id='word_1_394' title='bbox 263 3921 394 3978; x_wconf 88' lang='lat' dir='ltr'><strong>addidit:</strong></span> <span class='ocrx_word' id='word_1_395' title='bbox 420 3921 535 3978; x_wconf 88' lang='lat' dir='ltr'><strong>‘Proch</strong></span> <span class='ocrx_word' id='word_1_396' title='bbox 557 3921 649 3989; x_wconf 90' lang='lat' dir='ltr'><strong>dolor,</strong></span> <span class='ocrx_word' id='word_1_397' title='bbox 676 3919 828 3976; x_wconf 89' lang='lat' dir='ltr'><strong>Henricus</strong></span> <span class='ocrx_word' id='word_1_398' title='bbox 851 3928 963 3988; x_wconf 90' lang='lat' dir='ltr'><strong>noster,</strong></span> <span class='ocrx_word' id='word_1_399' title='bbox 982 3928 1143 3992; x_wconf 89' lang='lat' dir='ltr'><strong>antequam</strong></span> <span class='ocrx_word' id='word_1_400' title='bbox 1169 3927 1253 3992; x_wconf 88' lang='lat' dir='ltr'><strong>pater</strong></span> <span class='ocrx_word' id='word_1_401' title='bbox 1266 3941 1298 3989; x_wconf 83' lang='lat'><strong>⁴0</strong></span> 
     </span>
     <span class='ocr_line' id='line_1_43' title="bbox 105 4005 1253 4078; baseline -0.003 -10"><span class='ocrx_word' id='word_1_402' title='bbox 105 4010 152 4068; x_wconf 88' lang='lat' dir='ltr'><strong>vel</strong></span> <span class='ocrx_word' id='word_1_403' title='bbox 176 4008 284 4066; x_wconf 81' lang='lat' dir='ltr'><strong>fratres</strong></span> <span class='ocrx_word' id='word_1_404' title='bbox 308 4008 364 4078; x_wconf 91' lang='lat' dir='ltr'><strong>sui,</strong></span> <span class='ocrx_word' id='word_1_405' title='bbox 389 4009 548 4066; x_wconf 68' lang='lat' dir='ltr'><strong>morietur!</strong></span> <span class='ocrx_word' id='word_1_406' title='bbox 586 4007 624 4066; x_wconf 86' lang='lat' dir='ltr'><strong>Et</strong></span> <span class='ocrx_word' id='word_1_407' title='bbox 648 4007 759 4065; x_wconf 84' lang='lat' dir='ltr'><strong>sactum</strong></span> <span class='ocrx_word' id='word_1_408' title='bbox 784 4016 831 4065; x_wconf 88' lang='lat' dir='ltr'><strong>est</strong></span> <span class='ocrx_word' id='word_1_409' title='bbox 855 4007 912 4064; x_wconf 91' lang='lat' dir='ltr'><strong>ita:</strong></span> <span class='ocrx_word' id='word_1_410' title='bbox 942 4025 1002 4064; x_wconf 88' lang='lat' dir='ltr'><strong>vna</strong></span> <span class='ocrx_word' id='word_1_411' title='bbox 1026 4024 1094 4064; x_wconf 93' lang='lat' dir='ltr'><strong>cum</strong></span> <span class='ocrx_word' id='word_1_412' title='bbox 1121 4005 1253 4064; x_wconf 83' lang='lat' dir='ltr'><strong>Gallrido</strong></span> 
     </span>
    </p>
   </div>
   <div class='ocr_carea' id='block_1_4' title="bbox 106 4179 1254 4432">
    <p class='ocr_par' dir='ltr' id='par_1_4' title="bbox 106 4179 1254 4432">
     <span class='ocr_line' id='line_1_44' title="bbox 138 4179 1254 4246; baseline -0.003 -13"><span class='ocrx_word' id='word_1_413' title='bbox 138 4183 146 4213; x_wconf 86' lang='lat'><strong>¹</strong></span> <span class='ocrx_word' id='word_1_414' title='bbox 162 4183 195 4246; x_wconf 83' lang='lat' dir='ltr'><strong>Q.</strong></span> <span class='ocrx_word' id='word_1_415' title='bbox 206 4183 253 4233; x_wconf 82' lang='lat' dir='ltr'><strong>sed</strong></span> <span class='ocrx_word' id='word_1_416' title='bbox 265 4183 341 4245; x_wconf 85' lang='lat' dir='ltr'><strong>quod.</strong></span> <span class='ocrx_word' id='word_1_417' title='bbox 470 4182 481 4213; x_wconf 91' lang='lat'><strong>¹</strong></span> <span class='ocrx_word' id='word_1_418' title='bbox 497 4197 548 4232; x_wconf 85' lang='lat' dir='ltr'><strong>om.</strong></span> <span class='ocrx_word' id='word_1_419' title='bbox 560 4182 586 4231; x_wconf 89' lang='lat' dir='ltr'><strong>in</strong></span> <span class='ocrx_word' id='word_1_420' title='bbox 597 4181 627 4232; x_wconf 87' lang='grc' dir='ltr'><strong>Τ.</strong></span> <span class='ocrx_word' id='word_1_421' title='bbox 752 4183 762 4213; x_wconf 85' lang='lat'><strong>¹</strong></span> <span class='ocrx_word' id='word_1_422' title='bbox 778 4197 828 4232; x_wconf 90' lang='lat' dir='ltr'><strong>om.</strong></span> <span class='ocrx_word' id='word_1_423' title='bbox 840 4181 866 4230; x_wconf 90' lang='lat' dir='ltr'><strong>in</strong></span> <span class='ocrx_word' id='word_1_424' title='bbox 878 4181 908 4233; x_wconf 89' lang='lat' dir='ltr'><strong>T.</strong></span> <span class='ocrx_word' id='word_1_425' title='bbox 921 4180 951 4232; x_wconf 83' lang='lat' dir='ltr'><strong>E.</strong></span> <span class='ocrx_word' id='word_1_426' title='bbox 1082 4180 1092 4211; x_wconf 75' lang='lat'><strong>⁴</strong></span> <span class='ocrx_word' id='word_1_427' title='bbox 1108 4196 1158 4230; x_wconf 85' lang='lat' dir='ltr'><strong>om.</strong></span> <span class='ocrx_word' id='word_1_428' title='bbox 1171 4179 1197 4229; x_wconf 93' lang='lat' dir='ltr'><strong>in</strong></span> <span class='ocrx_word' id='word_1_429' title='bbox 1208 4179 1254 4230; x_wconf 81' lang='lat' dir='ltr'><strong>Ta.</strong></span> 
     </span>
     <span class='ocr_line' id='line_1_45' title="bbox 106 4245 1254 4312; baseline -0.003 -13"><span class='ocrx_word' id='word_1_430' title='bbox 106 4249 117 4280; x_wconf 80' lang='lat'>⁸</span> <span class='ocrx_word' id='word_1_431' title='bbox 132 4250 160 4300; x_wconf 87' lang='lat' dir='ltr'><strong>T.</strong></span> <span class='ocrx_word' id='word_1_432' title='bbox 172 4249 241 4312; x_wconf 90' lang='lat' dir='ltr'><strong>quod</strong></span> <span class='ocrx_word' id='word_1_433' title='bbox 253 4249 309 4299; x_wconf 87' lang='lat' dir='ltr'><strong>iret.</strong></span> <span class='ocrx_word' id='word_1_434' title='bbox 408 4249 419 4280; x_wconf 80' lang='lat'><strong>⁰</strong></span> <span class='ocrx_word' id='word_1_435' title='bbox 435 4248 465 4299; x_wconf 83' lang='lat' dir='ltr'><strong>E.</strong></span> <span class='ocrx_word' id='word_1_436' title='bbox 477 4249 606 4298; x_wconf 82' lang='lat' dir='ltr'><strong>miseritis.</strong></span> <span class='ocrx_word' id='word_1_437' title='bbox 708 4245 718 4276; x_wconf 75' lang='lat'>¹</span> <span class='ocrx_word' id='word_1_438' title='bbox 735 4247 764 4298; x_wconf 88' lang='lat' dir='ltr'><strong>T.</strong></span> <span class='ocrx_word' id='word_1_439' title='bbox 778 4248 893 4310; x_wconf 65' lang='lat' dir='ltr'><strong>singultu</strong></span> <span class='ocrx_word' id='word_1_440' title='bbox 912 4247 941 4299; x_wconf 85' lang='lat' dir='ltr'><strong>E.</strong></span> <span class='ocrx_word' id='word_1_441' title='bbox 955 4263 985 4297; x_wconf 81' lang='lat' dir='ltr'><strong>se</strong></span> <span class='ocrx_word' id='word_1_442' title='bbox 996 4247 1091 4297; x_wconf 79' lang='lat' dir='ltr'><strong>omnia.</strong></span> <span class='ocrx_word' id='word_1_443' title='bbox 1196 4245 1206 4276; x_wconf 82' lang='lat'><strong>¹</strong></span> <span class='ocrx_word' id='word_1_444' title='bbox 1224 4245 1254 4296; x_wconf 83' lang='lat' dir='ltr'><strong>E.</strong></span> 
     </span>
     <span class='ocr_line' id='line_1_46' title="bbox 106 4311 1252 4432; baseline -0.003 -66"><span class='ocrx_word' id='word_1_445' title='bbox 106 4315 230 4432; x_wconf 41' lang='lat' dir='ltr'><strong>{sigim</strong></span> <span class='ocrx_word' id='word_1_446' title='bbox 242 4379 271 4432; x_wconf 48' lang='lat' dir='ltr'><strong>T·</strong></span> <span class='ocrx_word' id='word_1_447' title='bbox 340 4313 351 4344; x_wconf 79' lang='lat'>&#39;</span> <span class='ocrx_word' id='word_1_448' title='bbox 366 4315 434 4365; x_wconf 84' lang='lat' dir='ltr'><strong>add:</strong></span> <span class='ocrx_word' id='word_1_449' title='bbox 451 4329 544 4365; x_wconf 88' lang='lat' dir='ltr'><strong>somno</strong></span> <span class='ocrx_word' id='word_1_450' title='bbox 555 4313 688 4376; x_wconf 83' lang='lat' dir='ltr'><strong>indulgere</strong></span> <span class='ocrx_word' id='word_1_451' title='bbox 700 4328 752 4362; x_wconf 89' lang='lat' dir='ltr'><strong>non</strong></span> <span class='ocrx_word' id='word_1_452' title='bbox 764 4314 856 4378; x_wconf 90' lang='lat' dir='ltr'><strong>potuit,</strong></span> <span class='ocrx_word' id='word_1_453' title='bbox 867 4312 898 4362; x_wconf 82' lang='lat' dir='ltr'><strong>cl.</strong></span> <span class='ocrx_word' id='word_1_454' title='bbox 911 4312 944 4375; x_wconf 85' lang='lat' dir='ltr'><strong>Q.</strong></span> <span class='ocrx_word' id='word_1_455' title='bbox 1061 4312 1080 4342; x_wconf 84' lang='lat'><strong>¹⁰</strong></span> <span class='ocrx_word' id='word_1_456' title='bbox 1096 4311 1126 4362; x_wconf 89' lang='lat' dir='ltr'><strong>T.</strong></span> <span class='ocrx_word' id='word_1_457' title='bbox 1140 4311 1172 4361; x_wconf 85' lang='lat' dir='ltr'><strong>Et</strong></span> <span class='ocrx_word' id='word_1_458' title='bbox 1183 4325 1252 4362; x_wconf 87' lang='lat' dir='ltr'><strong>ecce.</strong></span> 
     </span>
    </p>
   </div>
   <div class='ocr_carea' id='block_1_5' title="bbox 0 0 1545 4894">
    <p class='ocr_par' dir='ltr' id='par_1_5' title="bbox 0 0 1545 4894">
     <span class='ocr_line' id='line_1_47' title="bbox 0 0 1545 4894; baseline 0 0"><span class='ocrx_word' id='word_1_459' title='bbox 0 0 1545 4894; x_wconf 95' lang='lat' dir='ltr'><strong> </strong></span> 
     </span>
    </p>
   </div>
  </div>
 </body>
</html>
