3044 4894
188 342 192 352 .
276 299 298 367 o
592 287 1113 392 monstruositatis.

276 493 394 548 bantur.
432 489 571 562 Quesiuit
588 500 688 548 autern
706 489 744 547 ab
763 507 800 547 eo
811 489 859 547 vir
873 489 996 564 quidam
1008 491 1088 547 vnde
1107 496 1190 547 esset
1208 497 1290 546 tanta
1309 489 1433 546 illenim

279 577 380 636 auium
389 578 571 636 confidentia
579 588 608 635 et
618 595 724 635 secura
732 577 911 634 cohabitatio
921 578 1000 634 circa
1008 577 1120 650 ipsum.
1139 577 1198 648 Qui
1209 577 1266 635 ait:
1282 577 1355 647 ‘Qui
1363 587 1436 634 toto

278 667 368 724 corde
378 665 451 739 sugit
461 666 611 724 consortia
620 667 782 736 hominum,
791 681 851 722 non
860 665 957 722 solum
967 665 994 722 ei
1002 664 1067 722 sere
1074 673 1104 722 et
1109 666 1255 734 volucres,
1260 665 1315 722 sed
1326 665 1436 722 omnia

279 755 390 812 cedunt
402 754 430 810 ei
443 755 481 810 ad
494 754 641 824 solatium,
652 763 682 810 et
694 754 820 826 insuper
831 769 985 825 nunquam
995 753 1023 810 ei
1036 753 1146 810 blanda
1155 753 1251 809 deerit
1263 752 1435 810 consolatio

251 861 265 910 5
280 841 475 913 angelorum!
549 829 686 916 Quidam
705 839 826 896 nomine
840 839 1035 896 Ethelbaldus
1053 841 1091 896 de
1110 857 1223 913 genere
1237 840 1436 909 Merciorum,

278 928 479 1001 generositate
492 929 673 1002 spectabilis,
687 945 755 986 cum
776 927 974 985 inualesceret
992 938 1095 984 contra
1110 945 1179 984 eum
1194 945 1249 984 rex
1262 927 1433 994 Conredus,

279 1032 409 1088 eumque
423 1033 548 1088 prorsus
561 1034 578 1072 a
590 1017 675 1088 regni
688 1015 735 1072 sui
747 1015 857 1072 finibus
874 1016 1046 1072 exturbaret
1058 1035 1065 1086 ;
1085 1015 1167 1072 omni
1180 1015 1312 1072 humano
1324 1015 1435 1072 solatio

278 1103 448 1174 destitutus,
460 1103 557 1159 virum
576 1104 625 1160 dei
638 1103 842 1176 Gut[h]lacum
861 1101 1047 1175 frequentius
1063 1102 1201 1173 uisitauit,
1215 1119 1343 1175 sperans
1362 1102 1434 1162 eius

280 1189 395 1246 meritis
417 1191 510 1247 adeo
533 1208 586 1247 sue
606 1190 784 1247 infelicitatis
798 1190 934 1247 obtinere
953 1191 1098 1246 solatium.
1143 1190 1309 1263 Angustias
1327 1199 1435 1247 autem

236 1299 267 1335 10
280 1277 345 1333 eius
364 1295 419 1350 per
437 1277 674 1350 compassionis¹
692 1278 831 1334 affectum
851 1294 910 1332 non
929 1277 1027 1334 solum
1046 1278 1102 1334 sibi
1122 1293 1307 1347 communes,
1326 1278 1380 1334 sed
1402 1289 1437 1336 et
1518 1279 1519 1334 1

280 1364 419 1436 proprias
433 1365 595 1422 Guthlacus
612 1365 744 1422 faciebat
781 1365 899 1421 Accidit
915 1365 1039 1423 enimvt
1053 1365 1437 1423 Ethelbalduscumvene·
1518 1433 1519 1446 χ

280 1451 365 1508 rabili
377 1452 441 1508 viro
455 1452 596 1509 Wilsrido
611 1453 728 1526 nauigio
741 1452 855 1510 veniret
873 1452 904 1508 in
922 1452 1057 1520 insulam,
1071 1453 1177 1525 quibus
1193 1455 1231 1509 de
1251 1454 1362 1526 scapha
1377 1469 1437 1510 ex·
1518 1517 1519 1522 η

280 1539 428 1609 euntibus,
441 1539 598 1598 Willridus
618 1543 691 1598 duas
713 1539 846 1596 manicas
865 1540 895 1596 in
917 1539 1028 1612 scapha
1046 1539 1164 1597 dimisit.
1202 1540 1312 1596 Beatus
1330 1549 1438 1598 autem
1518 1599 1519 1602 ,

282 1625 455 1696 Guthlacus,
477 1629 548 1684 dum
570 1628 600 1684 in
622 1627 749 1684 oratorio
774 1627 1015 1700 contemplationi
1038 1637 1167 1698 vacaret,
1192 1627 1296 1700 spiritu
1326 1637 1438 1684 sancto
1518 1611 1519 1636 ³

237 1741 266 1793 15
282 1715 408 1770 docente
426 1715 605 1787 cognouit‚a
623 1714 720 1772 coruis
738 1714 804 1770 illas
823 1714 955 1771 manicas
976 1715 1129 1788 asportari
1167 1715 1256 1785 Quod
1274 1731 1343 1770 cum
1359 1714 1439 1772 viris
1518 1737 1519 1762 1

281 1800 338 1856 illis
350 1801 518 1870 indicasset,
531 1802 632 1860 vident
650 1819 773 1858 coruum
792 1801 822 1858 in
835 1802 970 1874 lastigio²
988 1804 1142 1860 cuiusdam
1161 1803 1267 1858 domus
1283 1819 1373 1858 unam
1391 1804 1439 1861 de
1518 1791 1519 1796 ἵ

282 1889 406 1946 manicis
418 1899 570 1946 tenentem
588 1891 715 1964 pedibus
727 1899 884 1963 rostroque
892 1891 1062 1947 vellentem.
1101 1889 1287 1964 Precipiente
1297 1890 1360 1946 viro
1374 1891 1438 1960 dei,

281 1976 403 2033 dimissa
433 1978 549 2034 manica
579 1996 686 2035 coruus
711 1978 795 2034 citius
831 1977 966 2034 auolauit
1019 1978 1085 2048 Qua
1115 1987 1244 2050 recepta,
1269 1977 1439 2035 Guthlacus

282 2065 423 2122 alteram³
444 2066 508 2122 sine
536 2067 674 2123 dilatione
700 2065 812 2122 restitui
838 2065 1002 2138 pollicetur.
1049 2065 1111 2122 Nec
1138 2082 1229 2136 mora,
1248 2066 1342 2122 tribus
1360 2065 1440 2123 viris

238 2173 269 2208 ιο
282 2153 509 2210 aduentantibus
528 2164 646 2210 sanctus
660 2153 820 2210 Guthlacus
839 2153 974 2220 occurrit,
986 2153 1036 2225 qui
1055 2153 1201 2209 manicam
1218 2152 1245 2208 ei
1263 2153 1439 2211 obtulerunt

282 2239 454 2312 inuentam;
474 2259 563 2313 quarn
585 2241 743 2314 accipiens,
757 2241 902 2309 Willrido,
921 2257 981 2296 non
1000 2257 1105 2313 parurn
1124 2240 1288 2308 admiranti,
1305 2240 1440 2299 tradidit.

286 2315 323 2384 In
337 2327 532 2384 Orientalium
545 2329 711 2402 Anglorum
725 2328 833 2384 tinibus
842 2328 957 2385 iuuenis
969 2329 1089 2401 quidam
1101 2328 1132 2384 in
1144 2337 1257 2384 tantum
1273 2345 1291 2384 a
1303 2330 1440 2387 demone

284 2431 443 2487 possessus
452 2418 624 2486 vexabatur,
634 2427 666 2474 vt
679 2417 766 2489 lignis
778 2425 808 2473 et
820 2416 966 2488 lapidibus
973 2417 1111 2489 ferroque
1120 2417 1257 2473 homines
1269 2425 1439 2489 appeteret,

285 2519 339 2558 sua
351 2503 439 2559 etiam
452 2505 587 2560 membra
599 2504 745 2576 unguibus
758 2512 787 2560 et
796 2504 937 2560 dentibus
949 2504 1080 2572 laniaret,
1093 2512 1123 2560 et
1138 2513 1200 2560 tres
1212 2504 1351 2560 homines
1364 2520 1439 2562 eum

240 2613 270 2662 ²5
286 2589 381 2662 ligare
394 2599 576 2662 temptantes
588 2591 778 2648 interficeret.
816 2592 913 2661 Quem
932 2601 1091 2665 postquam
1103 2593 1140 2647 ad
1158 2592 1251 2647 multa
1262 2600 1438 2648 sanctorum

285 2677 351 2734 loca
362 2677 448 2734 amici
461 2695 547 2734 casso
560 2679 660 2735 labore
679 2679 800 2751 ligatum
819 2679 1095 2748 circumduxissent,
1108 2687 1138 2734 et
1157 2679 1276 2735 tandem
1289 2679 1327 2735 ad
1341 2678 1438 2735 Guth-

285 2765 382 2821 lacum
400 2765 584 2835 detulissent,
597 2767 725 2822 triduum
744 2767 774 2822 in
787 2766 895 2823 ieiunio
913 2775 943 2823 et
961 2768 1095 2824 oratione
1113 2766 1296 2833 continuans,
1310 2774 1339 2823 et
1358 2783 1440 2838 aqua

286 2851 438 2908 infirmum
457 2871 631 2926 aspergens,
644 2871 765 2910 omnem
785 2855 903 2927 maligni
922 2854 1043 2928 spiritus
1061 2863 1239 2928 potestatem
1257 2854 1438 2926 exsufflauit,

286 2948 316 2996 et
341 2942 513 3013 parentibus
534 2959 641 2998 sanum
663 2950 693 2999 et
717 2941 896 2998 incolumem
917 2942 1087 3016 assignauit.
1162 2929 1284 2998 Nobilis
1305 2942 1440 3014 quidam,

241 3051 274 3100 30
286 3027 364 3084 illius
384 3029 479 3084 exulis
502 3028 670 3086 Ethelbaldi
691 3047 833 3100 comesa
853 3031 982 3087 demone
1003 3038 1138 3096 vexatus,
1160 3039 1190 3086 et
1210 3030 1247 3085 ad
1270 3029 1367 3084 virum
1386 3031 1440 3086 dei

288 3117 441 3184 adductus,
454 3133 522 3172 cum
541 3117 658 3189 cingulo
672 3117 807 3174 Guthlaci
821 3117 969 3174 accinctus
977 3117 1089 3186 suisset,
1102 3116 1224 3188 maligni
1236 3117 1358 3189 spiritus
1375 3125 1440 3174 tota

287 3203 421 3276 protinus
440 3204 567 3260 cessauit
584 3205 712 3260 vexatio.
785 3193 867 3263 Cum
885 3207 979 3262 abbas
997 3205 1117 3280 quidam
1135 3204 1231 3260 virum
1250 3204 1299 3260 dei
1316 3204 1440 3262 visitare

286 3301 478 3364 proponeret,
500 3293 560 3348 duo
579 3291 625 3347 sui
644 3292 743 3348 clerici
764 3292 913 3350 licentiam
933 3301 1115 3365 acceperunt
1133 3293 1172 3348 ab
1196 3309 1241 3361 eo,
1261 3291 1441 3351 simulantes

287 3380 415 3450 quedam
426 3382 545 3452 negotia
555 3396 588 3435 se
602 3379 713 3437 habere
723 3379 829 3452 quibus
842 3399 894 3436 eos
907 3379 1076 3438 necessario
1085 3379 1305 3452 presentialiter
1317 3389 1442 3451 oporte·

241 3487 273 3536 35
287 3467 337 3522 bat
357 3466 510 3523 interesse.
546 3466 710 3524 Venientes
730 3483 801 3539 ergo
822 3469 859 3524 ad
878 3469 999 3524 domum
1018 3467 1169 3523 cuiusdam
1189 3466 1286 3534 vidue,
1306 3466 1442 3540 crapule,

288 3553 423 3610 ebrietati
436 3563 466 3610 et
477 3553 658 3627 impudicitia
671 3555 899 3627 dampnabiliter
915 3555 1074 3612 indulsere.
1111 3555 1273 3612 Guthlacus
1285 3571 1358 3612 vero
1375 3563 1443 3612 tur-

287 3641 452 3713 pitudinem
477 3642 660 3712 clericorum,
681 3643 787 3716 spiritu
816 3653 918 3700 sancto
938 3645 1098 3710 reuelante,
1123 3653 1153 3700 et
1174 3644 1267 3700 verba
1290 3653 1320 3699 et
1345 3659 1443 3713 opera

287 3746 390 3785 eorum
426 3730 505 3803 cepit
535 3730 575 3786 ita
607 3730 739 3788 indicare
770 3731 933 3802 abbatiae
958 3730 984 3788 si
1008 3731 1091 3788 iuxta
1113 3731 1237 3787 clericos
1261 3730 1443 3790 constitutus

287 3817 399 3874 suisset.
438 3818 591 3876 Reuersus
603 3820 695 3875 abbas
712 3820 750 3874 ad
768 3819 990 3889 monasterium,
1004 3819 1083 3892 cepit
1094 3819 1184 3876 vidue
1200 3835 1309 3874 nomen
1322 3817 1443 3877 clericis

241 3929 274 3979 40
287 3907 467 3978 exprimere,
480 3916 510 3962 et
524 3907 620 3963 locum
633 3915 663 3963 et
675 3915 795 3979 tempus
807 3916 837 3964 et
850 3909 942 3964 verba
961 3917 991 3964 et
1010 3923 1101 3980 opera
1119 3914 1150 3962 et
1169 3905 1301 3962 omnium
1318 3913 1441 3966 actuum

288 3993 523 4050 circumstantias
536 3995 665 4051 seriatim
679 3993 824 4050 intimare.
860 3995 948 4065 Quod
967 3994 1008 4050 illi
1022 3994 1186 4062 audientes,
1207 4002 1349 4065 tanquam
1367 4010 1442 4049 con-

288 4081 345 4138 fusi
357 4083 475 4140 veniam
495 4082 644 4139 humiliter
662 4083 860 4155 postulabant
945 4071 998 4140 De
1016 4083 1146 4154 quodam
1172 4080 1353 4137 monasterio
1377 4080 1442 4138 duo

289 4171 396 4227 fratres
408 4172 446 4226 ad
454 4170 633 4228 visitandum
642 4171 739 4227 virum
749 4170 797 4228 dei
811 4171 941 4227 etverba
953 4169 1057 4225 salutis
1067 4169 1245 4226 audiendum
1256 4167 1441 4238 ‘venientes

290 4259 459 4315 detulerunt
469 4276 572 4315 secum
585 4259 644 4314 duo
657 4258 779 4316 flascula
792 4269 863 4331 potu
877 4259 985 4331 plena:
1006 4259 1060 4314 sed
1073 4257 1103 4312 in
1114 4257 1219 4314 itinere
1234 4257 1263 4312 in
1275 4256 1379 4314 sabulo
1391 4274 1442 4312 re-

332 4371 388 4421 1Ε.
402 4373 600 4436 compassiones
669 4371 726 4423 ¹13.
739 4373 855 4435 vestigio.
924 4371 979 4423 ⁸E.
994 4372 1136 4422 alteteram.
1201 4371 1247 4424 ¹r.
1258 4369 1394 4420 audienda.
