3028 4894
411 319 486 412 Dc
510 315 674 408 &flattu
699 319 911 408 tutuno.
1162 348 1235 420 433

82 526 116 574 et
141 519 305 578 obsecrans
329 520 470 596 quatinus
500 522 605 596 regine
635 523 832 596 persuaderet
862 532 894 581 vt
924 522 1038 580 omisso
1062 523 1237 598 virginitatis

84 607 253 679 proposito,
279 606 362 682 regie
393 609 539 666 voluntati
569 627 730 667 assensum
761 611 912 684 preberet.
959 611 1015 668 llle
1044 621 1145 670 tamen
1176 630 1237 670 non

81 696 290 765 consentiens,
314 696 451 770 vigilanti
480 698 582 754 animo
613 699 793 771 procurabat
818 716 857 756 ne
882 715 942 772 qua
965 698 1096 757 feminee
1126 701 1237 758 mentis

81 781 286 841 inconstantia
309 784 495 858 propositum
521 785 626 858 virgo¹
656 794 853 860 postponeret
879 796 910 844 et
932 787 1062 844 terrenis
1087 787 1238 845 illecebris

81 868 219 927 animum
244 873 360 930 deuicta
384 884 577 947 supponeret
624 873 688 930 Sua
711 874 792 931 enirn
823 874 905 931 erat¹
929 873 1074 932 industria
1098 885 1129 932 vt
1152 875 1265 950 virg05

81 955 246 1015 diuortium
264 969 414 1033 quereret,
433 961 573 1034 quatinus
596 961 732 1019 libertate
753 961 848 1035 potita
865 962 1000 1019 seculum
1019 963 1189 1037 relinquere
1207 973 1238 1022 et

82 1045 150 1116 regi
162 1047 287 1103 eterno⁸
299 1046 426 1104 feliciter
437 1048 577 1106 inherere
590 1058 703 1122 posset.
741 1048 779 1106 Et
797 1048 907 1106 lactum
926 1058 974 1106 est
991 1049 1040 1107 ita.
1078 1050 1156 1108 Nam
1169 1069 1237 1108 cum

82 1132 150 1205 regi
169 1143 318 1192 constaret
337 1136 419 1193 nullo
436 1137 518 1193 illam
537 1146 625 1210 pacto
643 1154 662 1193 a
679 1136 834 1210 proposito
852 1154 945 1209 posse
964 1137 1082 1208 mutari,
1101 1139 1170 1196 licet
1192 1143 1237 1196 ln·

81 1222 174 1289 uitus,
193 1225 340 1280 concessit
357 1232 389 1281 vt
408 1223 512 1281 relicto
534 1225 645 1293 seculo,
665 1225 742 1281 sicut
758 1224 886 1292 volebat,
904 1224 1081 1298 virginitatis
1099 1226 1237 1284 velamen

81 1308 244 1380 acciperet.
282 1309 499 1385 Ennenburgis
517 1329 600 1380 vero,
613 1312 743 1385 quedam
762 1311 870 1368 mulier
889 1313 981 1369 nobili
999 1322 1065 1370 orta
1084 1315 1237 1387 progenie,
1253 1327 1283 1362 10

82 1395 179 1468 regali
205 1399 342 1472 coniugio
366 1400 531 1472 copulatur,
576 1399 635 1456 Per
659 1399 737 1456 hanc
762 1399 844 1456 enim
869 1399 1008 1457 diabolus
1032 1402 1133 1458 odium
1157 1403 1237 1476 quod

80 1493 191 1541 contra
203 1487 300 1543 virum
317 1487 367 1544 dei
383 1487 520 1557 habebat,
534 1496 665 1558 exercet,
678 1488 812 1544 animum
831 1487 911 1545 illius
930 1488 1047 1546 iniectis
1059 1489 1237 1563 quibusdam

81 1572 287 1631 simultatibus
311 1575 459 1632 aduersus
482 1592 553 1634 eum
577 1575 752 1632 inllammat.
789 1574 994 1647 Quamobrem
1024 1577 1117 1649 glorie
1141 1577 1238 1650 digni·

81 1659 198 1732 tatique
220 1660 315 1733 ipsius
336 1661 472 1720 inuidere
496 1664 586 1736 cepit,
607 1672 637 1720 et
657 1680 789 1736 quonam
811 1664 901 1720 modo
926 1681 996 1720 eum
1020 1664 1163 1738 dignitate
1183 1683 1237 1722 sua

81 1747 216 1820 spoliare
228 1767 262 1806 ac
275 1750 437 1823 spoliatum
450 1750 579 1808 abiicere
592 1760 704 1824 posset,
717 1751 893 1808 occasiones
909 1769 1047 1824 querere.
1092 1751 1237 1827 Exposita
1252 1766 1282 1818 15

81 1835 209 1892 tandem
223 1839 286 1910 regi
299 1838 468 1896 diuitiarum
480 1838 536 1896 viri
549 1839 599 1895 del
611 1838 821 1908 habundantia,
835 1841 1027 1896 cenobiorum
1041 1840 1237 1908 multitudine,

81 1923 271 1980 edificiorum
280 1925 493 1998 magnitudine,
502 1925 690 1984 subditorum
699 1927 868 2000 principum
877 1928 975 1997 turba,
982 1927 1093 1985 intulit:
1105 1928 1157 1985 ‘Et
1165 1929 1237 2002 quid

80 2010 215 2084 amplius
222 2012 289 2086 ipse
298 2013 454 2087 tibi‚quam
462 2023 494 2071 tu
501 2014 576 2072 sibit
594 2014 703 2071 Totum
714 2031 841 2088 regnum
849 2023 933 2071 tunm
943 2015 1131 2088 episcopatus
1141 2015 1238 2089 ipsius

80 2107 133 2156 est
144 2118 151 2168 ;
169 2099 241 2168 et,si
252 2109 303 2157 tua
313 2110 447 2175 potestas
457 2103 521 2158 elus
530 2103 671 2176 potestati
684 2110 883 2175 comparatur,
892 2101 990 2158 minor
1002 2111 1057 2160 est.
1076 2103 1238 2161 Terminus

80 2187 167 2244 enim
184 2187 302 2261 imperii
317 2190 359 2246 tui
376 2189 439 2246 suis
455 2190 565 2246 linibus
579 2198 745 2248 coartatur:
765 2190 912 2246 terminus
929 2199 1028 2246 autem
1045 2189 1238 2264 episcopatus
1251 2205 1283 2241 20

80 2274 153 2332 eius
171 2283 239 2332 tuos
256 2275 335 2334 lines
353 2277 543 2350 progreditur
560 2279 733 2334 auctoritate
748 2285 777 2333 et
793 2277 984 2334 transcendit.
1022 2277 1130 2335 Fateor
1144 2279 1236 2350 enirn,

81 2361 227 2419 fidelibus
235 2364 294 2420 tuis
304 2371 334 2420 et
346 2365 450 2422 amicis
461 2374 507 2421 est
520 2366 686 2422 timendum
695 2382 734 2421 ne
747 2365 773 2421 si
784 2364 944 2438 aliquando
955 2364 1067 2422 inimici
1079 2365 1122 2422 tui
1134 2375 1238 2425 contra

79 2460 115 2506 te
134 2465 219 2506 arma
237 2451 433 2526 susceperint,
452 2451 518 2524 ipse
543 2469 633 2524 quarn
654 2453 789 2526 predicat
806 2469 912 2525 pacem
932 2454 1088 2526 sequendo
1106 2471 1178 2510 suos
1198 2455 1237 2510 ab

80 2538 179 2595 armis
200 2539 350 2596 immunes
374 2541 509 2610 retIneat,
530 2549 622 2613 tuque
643 2547 762 2596 tuorum
786 2539 935 2614 paucitate
959 2539 1089 2598 inimicis
1113 2540 1237 2598 inlerior

79 2624 181 2681 victus
199 2627 368 2684 occumbas.
405 2626 582 2700 Eapropter,
595 2643 635 2683 ne
654 2626 730 2684 sorte
742 2628 772 2682 in
786 2628 852 2700 ipso
869 2627 984 2700 negocii
997 2636 1064 2685 actu
1077 2636 1129 2685 tua
1140 2628 1236 2686 virtus
1251 2643 1280 2692 ²5

80 2713 212 2782 decidat,
224 2730 284 2785 que
296 2715 406 2770 obsunt
423 2723 527 2771 cautus
544 2714 715 2788 preordina,
751 2714 809 2770 Tui
825 2715 907 2771 enirn
923 2715 1046 2771 honoris
1066 2716 1236 2774 nullatenus

54 2845 56 2848 .
80 2817 156 2857 esse
168 2809 275 2872 potest,
288 2818 349 2857 non
367 2801 433 2858 dico
450 2803 649 2875 superiorem,
662 2802 717 2858 sed
735 2818 839 2874 parem
856 2811 886 2858 te
902 2803 1075 2875 quempiam
1092 2803 1123 2859 in
1141 2821 1236 2876 regno

80 2898 137 2944 tuo
150 2886 279 2944 habere!
315 2888 439 2946 Talibus
452 2907 507 2945 rex
519 2889 620 2946 verbis
631 2891 776 2958 turbatus,
790 2889 897 2945 melius
916 2889 1000 2946 suis⁴
1013 2890 1104 2946 rebus
1118 2891 1235 2946 consuli

81 2991 147 3032 non
166 2992 259 3047 posse
277 2975 399 3048 putauit,
412 2994 502 3049 quarn
523 2977 572 3049 [sl]
591 2976 655 3033 viro
674 2977 722 3033 dei
741 2977 804 3032 suis
822 2977 962 3033 omnibus
980 2977 1106 3049 priuato,
1119 2977 1235 3048 episco-

80 3072 175 3136 patus
187 3063 252 3120 eius
264 3063 295 3119 in
308 3063 412 3137 plures
425 3065 616 3136 episcopatus
625 3062 636 3094 ⁵
646 3063 838 3121 diuideretur.
861 3062 898 3119 Et
912 3080 981 3119 cum
993 3073 1095 3136 preter
1108 3080 1235 3120 consen·
1249 3081 1281 3130 30

81 3166 156 3208 sum
167 3149 384 3208 cantuariensis
397 3151 614 3224 archiepiscopi
631 3151 687 3207 hoc
706 3151 771 3207 fieri
786 3168 847 3206 non
859 3151 983 3219 valeret,
995 3151 1087 3208 verba
1105 3151 1234 3224 maligne

80 3239 285 3299 accusationis
304 3239 464 3295 Theodoro
483 3239 710 3312 archiepiscopo
735 3239 866 3308 mandat,
888 3247 918 3294 et
939 3240 977 3296 ad
1000 3255 1054 3296 sue
1074 3239 1235 3296 voluntatis

82 3328 237 3397 ellectum,
246 3329 405 3400 deceptum
414 3325 544 3384 inclinat.
561 3325 651 3383 Venit
659 3343 733 3398 ergo
743 3327 780 3382 ad
789 3326 921 3398 regalem
929 3327 1040 3383 curiam
1048 3327 1235 3399 Theodorus,

82 3433 142 3474 sua
159 3415 332 3472 auctoritate
348 3414 462 3487 regiam
474 3415 658 3472 voluntatem
678 3431 770 3487 super
782 3413 921 3470 Willrido
939 3414 1124 3487 impleturus
1162 3414 1235 3472 Pro·

82 3504 169 3561 tinus
193 3509 294 3558 autem
317 3501 348 3558 in
373 3502 471 3558 locum
496 3503 561 3559 eius
585 3510 650 3558 tres
675 3501 844 3575 episcopos,
864 3519 900 3558 eo
925 3503 1058 3570 absente,
1077 3502 1234 3574 ordinauit,
1249 3517 1280 3570 35

81 3595 94 3626 ⁸
107 3591 218 3648 Bosarn
231 3589 357 3647 ecclesie
370 3589 553 3660 eboracensi,
563 3588 669 3646 Eatam
683 3588 915 3660 lindisfarnensi,
925 3589 1130 3647 Tunbertum⁷
1141 3591 1235 3664 hagu-

83 3678 252 3749 staldensi;
272 3687 302 3734 et
315 3695 375 3734 non
387 3677 480 3734 multo
492 3686 562 3752 post
573 3677 772 3734 Trunwinum
786 3678 824 3733 ad
839 3677 1024 3750 prouinciam
1038 3678 1188 3736 Pictorum
1203 3678 1234 3734 in

82 3769 152 3825 loco
165 3766 217 3840 qui
230 3766 373 3823 ‘candida
385 3769 472 3824 casa'
485 3765 649 3833 dicebatur,
661 3782 720 3838 que
737 3773 808 3822 tunc
825 3765 972 3838 temporis
987 3767 1155 3839 Anglormn
1171 3776 1235 3824 erat

85 3854 216 3928 imperio
228 3853 369 3910 subiecta
403 3853 471 3926 Quo
483 3853 585 3910 audito
595 3852 755 3910 Wilsridus
766 3853 962 3934 admiratione
975 3853 1106 3911 maxima
1119 3854 1235 3924 ductus,

83 3943 174 4002 hilari
186 3943 286 4011 corde,
298 3942 389 3999 alacri
401 3942 496 4012 vultu,
506 3942 643 3998 modesto
656 3957 763 4014 gressu
776 3941 856 4013 regis
868 3941 1009 4013 palatium
1021 3940 1100 4011 adiit,
1113 3959 1234 3999 causam
1248 3956 1281 4006 40

82 4029 199 4103 negotii
216 4029 443 4103 perquisiturus.
480 4027 535 4085 Cui
555 4030 612 4085 hoc
632 4028 722 4084 modo
740 4028 918 4085 Theodorus
937 4028 1030 4085 dixit:
1051 4029 1131 4086 ‘Nec
1152 4037 1182 4086 te
1203 4029 1233 4086 in

82 4118 307 4194 presentiarum
318 4116 443 4173 alicuius
456 4115 590 4172 criminis
601 4115 786 4172 admissione
799 4124 945 4184 notamus,
958 4133 1013 4174 nec
1026 4125 1128 4173 tamen
1141 4126 1234 4174 statu·

81 4217 152 4264 tum
160 4206 200 4264 de
209 4213 238 4262 te
248 4203 389 4262 iudicium
401 4204 457 4262 hac
466 4206 532 4262 vice
542 4202 742 4261 mutabimus!
771 4201 841 4260 Hiis
853 4203 961 4261 auditis
973 4204 1030 4260 ad·
1041 4205 1234 4278 apostolicam

118 4344 173 4396 ¹¹1⁸.
185 4345 274 4408 uirgo3
291 4343 321 4394 E.
333 4344 373 4393 vir
391 4343 495 4394 'nitatis
569 4343 686 4393 ¹Eadm.
700 4343 760 4404 egit
832 4340 890 4392 ¹E.
901 4351 999 4394 eterna.
1071 4342 1234 4397 ‘leuibus

82 4413 98 4444 ⁸
111 4411 306 4476 clepiacopoe.
398 4409 430 4460 cl.
443 4407 570 4460 bedelV.
586 4425 624 4460 ra.
690 4405 749 4458 'E.
762 4407 916 4460 timbertum.
981 4407 1039 4460 ὀὶ.
1054 4425 1103 4460 orn

121 4503 230 4562 upum
638 4484 685 4543 ri
