3012 4898
440 260 516 355 De
539 257 704 348 &undu
730 258 908 362 ldlttnu.
1174 285 1247 359 3²7

95 460 238 531 vestiuit3
267 462 433 519 monachos
457 479 492 519 se
515 460 646 519 inuicem
672 460 807 535 diligere,
830 461 934 518 oculos
958 460 1068 520 mentis
1093 462 1131 518 ad
1157 462 1247 520 deum

96 547 239 623 dirigere,
261 550 405 607 celestem
427 549 553 622 patriam
575 549 750 606 desiderare
774 549 883 606 docuit.
921 548 1051 605 Demum
1076 553 1248 606 conuocatis

97 635 171 692 liliis
195 636 259 694 suis
278 653 355 711 quos
374 637 432 694 deo
454 635 563 711 genuit,
589 645 620 694 et
643 637 763 710 populo,
785 636 842 693 ait:
875 635 1034 693 l‘Fratres
1053 637 1113 694 mei
1137 645 1169 693 et
1194 637 1248 693 filii

97 723 277 794 charissimi,
291 733 409 798 oportet
423 741 472 782 me
485 723 681 798 dispositione
694 723 796 781 diuina
808 724 845 780 ab
859 722 1005 780 Hibernia
1016 740 1144 796 peregre
1157 724 1247 798 profi·

96 810 173 868 cisci
197 821 228 869 et
248 811 429 869 Cornubiam
454 822 568 885 petere,
593 820 623 870 et
648 811 741 868 finem
761 813 822 868 vite
845 827 913 868 mee
934 811 1046 868 ibidem
1068 821 1277 885 expectatus

95 899 244 956 voluntati
267 900 316 956 dei
341 899 482 956 resistere
504 916 565 956 non
587 916 721 973 possum.
760 898 870 956 Moneo
889 916 954 970 vos,
972 898 1087 966 fratres,
1108 899 1248 958 edificare

95 987 199 1043 locum
217 988 247 1043 in
260 986 348 1044 bonis
364 986 506 1060 operibus
524 995 554 1044 et
571 987 727 1061 exemplis,
740 986 810 1059 quia
827 985 880 1043 lilii
899 985 1076 1059 perditionis
1094 995 1125 1043 et
1144 987 1249 1043 mortis

97 1073 192 1130 futuri
211 1083 290 1130 sunt.
325 1073 457 1131 Venient
475 1075 565 1131 etiam
583 1074 749 1131 mortalitas
769 1082 798 1131 et
816 1074 929 1148 prelia;
949 1073 1077 1131 ecclesie
1096 1074 1249 1132 destructe

96 1171 190 1217 erunt
214 1172 245 1219 et
268 1163 396 1232 deserte,
421 1171 451 1218 et
474 1161 586 1219 veritas
610 1162 643 1218 in
666 1161 852 1234 iniquitatem
877 1170 1029 1229 vertetur;
1059 1162 1136 1219 fides
1160 1162 1248 1218 bonis

96 1248 245 1322 operibus
263 1266 324 1305 non
342 1249 460 1319 lucebit,
473 1257 610 1322 pastores
623 1250 693 1323 plus
708 1249 764 1307 sibi
779 1248 936 1306 intendent
948 1266 1038 1322 quam
1051 1250 1167 1319 ouibus,
1180 1250 1248 1323 plus
1264 1265 1296 1301 ιο

97 1337 221 1409 seipsos
241 1353 332 1409 quam
354 1354 478 1410 gregem
498 1346 667 1410 pascentes.
705 1337 813 1407 Deum,
831 1353 925 1410 queso
943 1336 1059 1408 fratres,
1079 1346 1190 1410 rogate,
1209 1355 1249 1394 ne

96 1425 296 1481 tenebrosum
315 1424 353 1481 sit
370 1425 428 1481 iter
445 1441 556 1495 meum,
569 1433 599 1481 et
617 1442 656 1481 ne
675 1441 777 1497 regem
796 1441 898 1481 meum
917 1433 948 1481 et
966 1423 1122 1480 dominum
1140 1426 1248 1480 iratum

97 1520 173 1586 post
191 1511 304 1568 obitum
325 1512 477 1569 inueniam
496 1513 552 1569 sed
575 1511 677 1569 mitem
699 1522 729 1568 et
755 1511 932 1585 placabilem
952 1520 982 1568 et
1004 1511 1108 1581 letum,
1127 1513 1249 1584 quando

97 1608 173 1657 ante
196 1599 303 1656 faciem
327 1599 393 1657 eius
418 1601 585 1673 apparebo!
624 1599 693 1656 Hiis
717 1607 747 1656 et
771 1599 838 1655 aliis
865 1598 1011 1672 prolixius
1035 1599 1192 1672 peroratis,
1216 1601 1247 1655 in

97 1687 284 1744 Cornubiam
307 1686 460 1760 nauigans,
481 1687 669 1743 mansionem
691 1686 748 1744 sibi
774 1686 851 1757 lecit,
872 1695 902 1744 et
927 1687 1020 1742 multa
1044 1685 1188 1743 miracula
1210 1689 1249 1743 ad
1266 1705 1294 1756 ¹5

99 1775 249 1830 honorem
261 1774 309 1830 dei
325 1773 356 1831 ln
369 1774 481 1848 populo
493 1774 632 1831 ostendit.
670 1774 802 1832 Demum
819 1791 887 1830 cum
904 1773 1076 1831 infirmitate
1092 1783 1248 1848 correptus

97 1861 320 1934 languesceret,
338 1861 511 1919 conuocatis
529 1861 680 1931 fratribus,
701 1861 801 1918 multis
817 1861 1009 1919 sermonibus
1029 1862 1068 1918 de
1085 1879 1180 1935 regno
1199 1862 1248 1918 dei

97 1966 156 2007 eos
177 1948 326 2020 instruxit,
344 1949 539 2022 sepulchrum
561 1949 660 2022 parari
678 1948 781 2007 iussit:
810 1957 840 2005 et
861 1949 892 2005 in
911 1948 1030 2004 foueam
1050 1949 1249 2018 descendens,

97 2037 191 2094 tertio
204 2054 300 2093 nonas
312 2037 417 2094 marcii
430 2054 498 2093 cum
512 2053 622 2111 magna
634 2035 767 2093 claritate
784 2036 884 2092 anima
896 2035 962 2092 eius
977 2035 1060 2092 celos
1072 2037 1250 2108 penetrauit.

97 2124 237 2196 Quiescit
256 2133 357 2181 autem
374 2124 404 2180 in
423 2123 592 2181 Cornubia²
608 2141 702 2198 supra
723 2141 806 2181 mare
825 2124 988 2194 sabrinum,
1005 2141 1023 2180 a
1043 2123 1250 2182 Petrokstowe
1265 2133 1297 2169 ²0

98 2212 268 2270 miliaribus
280 2211 460 2287 quindecim,
473 2220 533 2270 eta
547 2211 723 2269 Mousehole
736 2211 981 2285 vigintiquinque.

98 2345 184 2420 [MS.
193 2344 260 2401 Tib.
271 2345 364 2402 adds:
580 2358 749 2416 Numan,

140 2455 265 2524 Mariua
278 2465 362 2539 uirgo
376 2463 474 2538 (unica
487 2464 562 2536 erat)
576 2465 655 2537 patri
668 2481 732 2521 suo.
769 2463 846 2520 Cum
859 2471 959 2520 autem
974 2463 1081 2536 (pater)
1100 2471 1250 2520 monaste·

99 2555 180 2612 rium
193 2551 344 2628 quoddam
360 2553 511 2623 intrasset,
524 2551 658 2608 habitum
672 2551 819 2624 (mutauit)
834 2550 894 2607 filie
907 2568 970 2622 sue,
986 2553 1086 2624 (quam
1099 2551 1250 2625 precibus)

98 2642 168 2700 eius
189 2641 322 2698 inclinati
343 2640 451 2697 fratres
473 2639 516 2712 (in
537 2638 718 2696 monachum
736 2647 925 2711 receperunt,
942 2641 984 2712 et)
1001 2639 1093 2696 frater
1115 2638 1251 2696 Marinus

98 2730 279 2804 appellatur.
325 2728 456 2785 Demum
480 2737 568 2800 pater
592 2728 681 2782 morti
711 2725 967 2800 appropinquans,
992 2726 1089 2800 ipsam
1114 2726 1146 2782 in
1170 2728 1251 2783 bono
1266 2755 1295 2803 ²5

98 2818 256 2894 proposito
275 2815 494 2891 (confirmauit),
506 2823 537 2871 et
553 2832 593 2871 ne
609 2813 768 2887 aliquando
785 2813 933 2871 reuelaret
947 2815 1026 2887 quod
1044 2813 1152 2870 mulier
1169 2824 1251 2871 esset

100 2906 271 2980 (precepit).
297 2904 363 2962 lbat
371 2905 462 2977 igitur
470 2901 605 2959 Marinus
618 2919 686 2958 cum
698 2902 843 2975 (plaustro
856 2911 886 2958 et
899 2901 979 2974 ligna
992 2902 1186 2972 monaste)rio
1198 2902 1250 2958 de·

99 2995 226 3052 ferebat.
253 2993 473 3058 Consueuelrat
486 2999 585 3047 autem
599 2989 757 3062 hospita)1i
767 2989 798 3046 in
811 2990 901 3046 domo
913 2988 1068 3045 cuiusdam
1078 2989 1153 3061 (uiri,
1167 2987 1251 3045 cuius

98 3084 173 3154 filia,
181 3100 249 3140 cum
262 3083 301 3139 de
311 3080 452 3154 quodam)
461 3078 555 3135 milite
564 3077 760 3150 concepisset,
771 3076 963 3150 (interrogata
974 3074 1123 3132 Marinum
1136 3079 1250 3146 mona)

99 3173 194 3229 chum
207 3187 241 3227 se
254 3168 383 3226 uiolasse
394 3168 531 3225 asseruit.
569 3165 786 3239 (Interrogatus
794 3172 894 3222 autem
908 3162 1054 3232 Marinus)
1068 3180 1123 3219 cur
1135 3171 1251 3220 tantum
1266 3194 1298 3242 ³0

100 3259 253 3334 flagicium
271 3263 485 3332 perpetrasset,
499 3271 533 3311 se
551 3270 696 3328 peccasse
714 3252 823 3310 fatetur
842 3259 872 3308 et
889 3249 1009 3307 ueniam
1028 3261 1176 3322 precatur.
1215 3251 1252 3308 Et

100 3347 204 3405 statim
216 3347 254 3403 de
264 3343 447 3401 monasterio
456 3342 624 3412 eiectus,ad
638 3340 768 3398 hostium
781 3337 956 3395 monasterii
965 3337 1106 3409 (m)ansit,
1115 3347 1145 3394 et
1157 3339 1252 3396 tribus

100 3435 193 3491 annis
209 3433 321 3490 ibidem
338 3447 540 3506 permanens3
559 3437 628 3503 post
639 3428 692 3484 filii
711 3425 943 3484 ablactacionem
963 3425 1061 3481 abbati
1080 3425 1208 3483 mittitur
1222 3435 1252 3483 et

35 3559 37 3564 .
103 3520 223 3578 Marino
236 3520 408 3578 educandus
420 3519 554 3576 traditur.
591 3515 702 3573 Omnia
714 3517 745 3571 in
759 3531 868 3587 magna
879 3512 1031 3586 paciencia
1044 3513 1158 3587 recepit
1174 3523 1204 3570 et
1220 3514 1251 3570 in

101 3608 244 3666 omnibus
256 3606 374 3681 gracias
385 3607 444 3663 deo
457 3605 564 3662 retulit.
602 3602 788 3660 Humilitatis
798 3603 920 3660 demum
931 3609 961 3658 et
972 3601 1125 3674 paciencie
1138 3601 1252 3658 miserti
1267 3615 1297 3665 35

102 3698 211 3755 iratres
232 3712 303 3752 eum
322 3693 353 3751 in
373 3692 586 3750 monasterium
606 3690 753 3764 recipiunt
771 3700 800 3746 et
819 3705 939 3762 queque
957 3687 1054 3745 officia
1071 3687 1177 3745 uiliora
1195 3688 1253 3744 sibi

100 3785 269 3858 iniungunt
306 3781 377 3854 lpse
390 3790 490 3837 autem
500 3778 633 3836 hilariter
641 3778 743 3835 omnia
755 3777 936 3850 suscipiebat
945 3785 975 3833 et
985 3784 1091 3832 cuncta
1099 3775 1254 3849 pacienter

101 3875 135 3930 et
152 3872 262 3928 deuote
280 3870 405 3943 agebat:
431 3867 511 3925 etin
531 3865 620 3923 bonis
640 3865 783 3939 operibus
800 3864 892 3922 uitam
911 3865 1035 3933 ducens,
1056 3861 1193 3936 migrauit
1214 3863 1253 3920 ad

100 3958 269 4018 dominum.
305 3955 381 4014 Cum
399 3963 498 4012 autem
516 3971 626 4028 corpus
643 3953 708 4010 eius
725 3953 869 4022 lauarent,
882 3959 912 4008 et
926 3949 957 4007 in
971 3950 1023 4007 uili
1039 3950 1105 4006 loco
1123 3949 1253 4024 sepelire

102 4043 310 4118 disponerent,
323 4037 519 4113 respicientes
534 4037 692 4095 mulierem
703 4037 804 4110 ipsum
817 4051 887 4093 esse
900 4034 1048 4091 uiderunt.
1086 4031 1252 4107 Stupefacti
1265 4054 1300 4104 4⁰

101 4147 212 4190 omnes
227 4137 258 4187 et
274 4129 382 4186 timore
397 4125 558 4201 perterriti,
570 4142 605 4182 se
620 4124 652 4182 in
668 4124 718 4181 dei
732 4123 882 4197 (famulam
899 4120 1061 4195 plurimum
1077 4119 1252 4194 deliquisse)

137 4264 147 4295 ¹
163 4264 197 4315 αἱ.
211 4261 320 4326 Colgcn,
332 4259 422 4312 where
434 4258 544 4320 nothing
554 4256 577 4308 is
588 4257 644 4308 said
656 4255 686 4305 ol
693 4272 709 4306 a
719 4257 780 4306 visit
790 4262 818 4304 to
829 4251 969 4306 Cornwall.
1078 4251 1090 4281 ¹
1104 4267 1140 4304 sc
1152 4260 1179 4302 nt
1191 4252 1252 4304 Per.

102 4329 268 4382 mmabuloe.
366 4327 375 4356 ¹
393 4325 431 4376 Cl.
444 4325 505 4387 Leg.
517 4325 613 4385 Aurea,
624 4339 649 4386 p.
661 4337 718 4386 353.
