3036 4878
284 281 358 370 676
721 273 922 374 euomuit
951 275 1002 350 ΙΙ.

283 477 336 533 sibi
350 495 405 532 non
419 479 604 534 obstantibus.
643 481 708 535 iloc
720 480 820 534 videns
831 489 860 534 et
873 479 991 534 audiens
1003 478 1158 534 monachus
1171 477 1324 548 predictus,
1333 477 1444 531 relator

283 562 466 632 presencium,
480 579 563 632 supra
576 564 690 619 modum
708 565 865 620 lamentans
882 563 974 618 timuit
993 563 1050 618 iam
1069 561 1136 617 illud
1149 562 1223 630 vulgi
1242 561 1354 616 dictmn
1374 571 1443 614 tunc

282 661 346 700 esse
355 647 536 715 completum:
551 647 681 702 videlicet
693 645 793 718 [qnod]
803 659 951 718 postquam
961 646 1048 702 tercio
1058 647 1156 701 beatus
1167 646 1341 700 Edmundus
1351 661 1443 700 cornu

283 744 363 782 suum
374 727 491 797 flauerit,
504 729 663 800 relinquens
674 730 928 786 Beodn'cesworthe
939 730 1040 785 rediret
1050 729 1087 785 ad
1102 731 1202 784 Home
1211 729 1259 784 vbi
1272 729 1443 783 martiratos

254 811 421 878 goccubuit.
458 813 507 867 Set
527 813 622 884 spacio
641 831 697 869 non
716 813 829 870 modico
848 813 1011 883 interrupto,
1024 812 1118 869 anime
1136 829 1186 883 pre
1203 813 1302 868 dolore
1320 811 1443 866 visionis

281 893 423 965 languenti
437 895 492 951 cito
505 896 591 952 illuxit
605 897 740 953 solacium
753 897 865 953 celestis
877 896 989 952 oraculi.
1028 898 1103 952 Nam
1118 898 1231 952 beatum
1248 896 1442 950 Edmundnm

281 977 389 1033 audiuit
407 989 435 1034 et
447 979 516 1034 vidit
535 980 564 1034 in
576 981 683 1037 visione
701 999 752 1052 per
770 981 890 1036 similem
906 980 982 1035 viam
1000 990 1028 1036 et
1047 979 1162 1036 modum
1180 980 1282 1051 quibus
1302 994 1442 1048 egressus

280 1059 380 1130 iuerat,
398 1063 529 1118 omnibus
549 1064 684 1120 dausmis
701 1075 765 1135 post
784 1081 849 1119 eum
869 1063 950 1119 simul
969 1064 1175 1131 coherentibus,
1188 1072 1394 1130 reuertentem,
1413 1072 1443 1116 et

180 1209 184 1216 ¹
280 1145 404 1213 gladium
418 1163 498 1201 suum
511 1147 633 1218 vndique
645 1148 781 1218 sanguine
794 1164 975 1219 conspersum
987 1148 1126 1202 monacho
1142 1148 1300 1202 tradentem
1319 1147 1370 1217 qui
1386 1145 1441 1201 sibi

238 1246 269 1282 ιο
281 1227 357 1283 ilium
378 1229 454 1298 prius
473 1229 684 1286 administrauit.
723 1233 881 1288 Monachus
900 1247 967 1301 ergo
989 1231 1113 1302 gladium
1131 1241 1309 1286 cruentatum
1328 1230 1441 1285 lintheo

281 1311 388 1366 mundo
407 1312 496 1380 tersit,
522 1325 550 1368 et
574 1315 740 1370 mundatum
762 1315 790 1369 in
811 1315 914 1386 vagina
938 1315 1103 1370 recondidit.
1140 1315 1204 1382 Quo
1222 1314 1309 1380 iacto,
1333 1315 1439 1370 beatus

281 1393 449 1449 Edmundus
471 1395 499 1449 in
519 1396 651 1452 scrinium
670 1415 751 1452 suum
769 1409 911 1453 assuettun
930 1415 961 1452 se
979 1397 1128 1470 recollegit,
1146 1406 1174 1452 et
1192 1396 1349 1451 monachus
1370 1411 1438 1452 cum

279 1475 375 1545 gladio
394 1477 431 1532 ad
453 1479 590 1548 capellam
615 1479 793 1550 reliquiarum
812 1489 955 1535 reuertens
980 1481 1077 1535 statim
1100 1479 1245 1551 disparuit.
1282 1479 1437 1550 Euigilans

279 1569 374 1614 autem
391 1563 545 1616 monachus
564 1574 657 1618 custos
673 1563 765 1619 feretri
783 1563 932 1634 predictus,
945 1563 1053 1618 audiuit
1072 1563 1143 1618 intra
1161 1563 1284 1618 triduum
1303 1565 1386 1634 quod
1407 1564 1436 1618 in

235 1663 265 1716 ¹5
279 1643 402 1699 crastino
415 1655 479 1714 post
491 1647 550 1700 eius
563 1647 700 1702 visionem
713 1649 862 1717 episcopus
871 1645 1050 1701 norwicensis
1062 1647 1136 1716 apud
1144 1647 1435 1702 westmonasterium

279 1726 307 1782 in
317 1728 449 1799 predictis
457 1729 570 1799 triginta
579 1731 640 1786 auri
653 1731 765 1786 talentis
777 1747 871 1784 coram
885 1729 1042 1784 iusticiariis
1054 1729 1159 1785 domini
1173 1730 1246 1798 regis
1258 1730 1331 1785 iuste
1340 1729 1436 1784 inerat

279 1812 519 1882 condempnatus:
541 1823 569 1869 et
589 1815 630 1870 sic
647 1813 717 1869 visio
732 1813 792 1869 eius
811 1813 1064 1884 condempnacioni
1084 1812 1201 1882 presulis
1216 1813 1435 1884 quodammodo

279 1895 469 1950 concordauit.
486 1895 490 1965 Ι
506 1897 635 1952 Tandem
643 1897 793 1969 episcopus
802 1897 839 1952 ad
849 1897 1015 1952 instanciam
1025 1897 1098 1966 regis
1108 1895 1235 1966 promisit
1244 1897 1434 1966 inpresencia

278 1989 498 2049 procuratorum,
520 1981 689 2036 notariorum
714 1990 744 2036 et
766 1981 884 2036 aliorum
908 1981 1067 2046 multorum,
1089 1981 1163 2051 quod
1188 1981 1225 2034 de
1248 1989 1344 2036 cetero
1373 1997 1432 2034 non

234 2081 266 2118 ao
278 2063 399 2132 exigeret
417 2063 455 2118 ab
473 2064 575 2120 abbate
594 2075 622 2120 et
641 2073 781 2120 conuentu
797 2063 888 2118 sancti
905 2063 1050 2118 Edmundi
1065 2063 1219 2119 subsidium
1236 2064 1363 2134 aliquod,
1377 2081 1431 2118 nec
1508 2135 1509 2138 Ἰ

277 2145 482 2202 exhibicionem
500 2147 706 2218 priuilegiorum
725 2163 847 2210 suorum,
859 2162 913 2200 nec
931 2163 1014 2214 super
1032 2146 1222 2202 celebracione
1240 2147 1373 2202 ordinum
1393 2147 1429 2201 de

277 2229 423 2284 monachis
444 2229 561 2300 predicti
580 2228 743 2286 monasterii
761 2239 810 2284 aut
829 2230 864 2284 de
883 2229 990 2284 clericis
1009 2229 1134 2284 oriundis
1152 2230 1224 2285 inira
1242 2230 1428 2300 municipium

277 2312 366 2368 sancti
386 2312 530 2368 Edmundi
543 2331 591 2370 eos
604 2315 777 2385 inquietaret.
815 2313 853 2367 Et
871 2313 911 2367 sic
930 2311 1095 2383 temporalia
1113 2331 1164 2368 sua
1181 2315 1295 2383 recepit
1334 2315 1373 2368 Et
1389 2313 1427 2368 ad

276 2395 492 2465 disposicionem
508 2399 581 2466 regis
600 2397 675 2452 idem
696 2397 845 2467 episcopus
862 2406 891 2451 et
909 2396 998 2451 abbas
1016 2395 1108 2451 taliter
1125 2395 1246 2466 qualiter
1263 2396 1426 2451 concordati

233 2497 262 2548 ²⁵
277 2488 361 2543 sunt;
379 2495 458 2534 more
469 2489 565 2536 tamen
579 2481 732 2552 sophistico
747 2491 776 2536 et
788 2481 903 2535 verbali.
941 2482 1018 2534 Nam
1035 2497 1099 2534 cum
1112 2479 1254 2550 predictus
1267 2479 1424 2551 episcopus,

275 2559 303 2614 in
317 2559 460 2631 sapiencia
478 2579 529 2618 sua
546 2565 693 2620 confidem
706 2563 811 2634 pariter
827 2573 856 2618 et
873 2565 1016 2631 thesauro,
1029 2572 1128 2634 postea
1145 2565 1255 2618 curiam
1275 2581 1425 2618 romanam

269 2646 327 2714 pro
339 2646 461 2714 negociis
472 2649 557 2717 regis,
568 2654 611 2700 set
626 2653 659 2702 vt
675 2648 772 2700 vm'us
781 2647 909 2702 creditur
919 2647 960 2701 ad
967 2649 1192 2717 persecun'oncm
1206 2647 1317 2702 ecclesie
1330 2649 1426 2702 sancti

276 2727 433 2795 Edmundi,
441 2742 504 2782 cum
513 2747 619 2801 magna
627 2735 734 2801 pompa
746 2733 892 2784 intrasset:
909 2747 1043 2784 asummo
1051 2730 1183 2800 pontifice
1192 2738 1220 2784 et
1234 2729 1423 2785 cardinalibus

274 2820 417 2880 gratanter
429 2824 557 2884 receptus
569 2823 629 2881 est;
648 2830 765 2884 sperans
777 2812 871 2867 omnia
884 2811 936 2867 sibi
954 2811 992 2867 ad
1005 2823 1070 2868 rota
1089 2813 1245 2869 succedam.
1283 2815 1334 2868 Set
1351 2813 1423 2867 insta

230 2919 262 2968 30
276 2910 380 2963 paucos
391 2896 451 2951 dies
464 2895 602 2951 aduentus
614 2896 657 2951 sui
670 2895 706 2951 ad
720 2895 835 2960 curiam,
848 2905 938 2950 morte
951 2895 1043 2950 subita
1056 2905 1241 2967 preocupatus
1253 2896 1332 2964 obiit,
1342 2905 1370 2951 et
1384 2897 1421 2951 ibi

274 2979 400 3049 sepultus
416 2989 477 3048 est;
500 2980 578 3035 cuius
597 2980 624 3034 in
644 2979 789 3034 moriendo
808 2979 861 3033 hec
879 2979 965 3033 verba
983 2978 1094 3034 suerunt
1111 2979 1223 3034 ultima:
1242 2979 1326 3034 ‘Buri
1346 2982 1421 3047 Buri,

273 3073 353 3132 seynt
365 3063 497 3117 Edmond
508 3073 587 3132 seynt
599 3063 731 3118 Edmond
742 3066 748 3116 l
759 3061 774 3128 ',
788 3061 858 3116 sicut
868 3062 963 3116 testati
972 3071 1036 3116 sunt
1046 3061 1092 3132 qui
1103 3071 1170 3118 tunc
1180 3063 1313 3133 temporis
1326 3081 1420 3120 secum

272 3155 415 3216 presentes
434 3147 591 3202 extiterunt.
607 3145 611 3216 Ι
628 3146 685 3214 Sic,
705 3145 745 3200 sic
766 3144 904 3212 dominus,
924 3154 1022 3198 contra
1042 3161 1125 3216 quem
1144 3155 1260 3201 nonest
1279 3147 1420 3217 sapiencia

272 3245 324 3284 nec
348 3229 505 3298 consilium,
531 3229 614 3285 finem
639 3227 771 3298 imposuit
794 3227 958 3296 cogitacioni
984 3245 1042 3293 sue,
1064 3228 1170 3283 meritis
1193 3229 1268 3284 beati
1294 3231 1368 3299 regis
1393 3242 1420 3286 et

227 3327 258 3378 35
272 3311 392 3366 martiris
413 3312 565 3380 Edmundi,
578 3313 625 3383 qui
644 3329 754 3382 semper
769 3311 805 3365 de
823 3309 943 3366 inimicis
958 3321 986 3365 et
1004 3311 1227 3382 persecutoribus
1240 3312 1359 3368 ecclesie
1370 3331 1419 3370 sue

271 3393 416 3448 victoriam
437 3395 534 3451 habuit
554 3405 583 3449 et
605 3394 784 3464 triumphum.
823 3393 988 3464 Nusquam¹
1010 3393 1085 3448 enim
1104 3394 1204 3464 legitur
1222 3396 1299 3465 quod
1319 3397 1420 3468 aliquis

270 3477 418 3532 ecclesiam
435 3477 524 3532 sancti
544 3477 689 3532 Edmundi
707 3477 800 3533 leserit
819 3487 847 3532 et
865 3495 928 3532 eam
948 3476 1049 3532 iniuste
1069 3487 1230 3547 persecutus
1248 3477 1339 3544 suerit,
1353 3480 1419 3550 quin

269 3576 333 3615 eum
346 3559 477 3614 dominus
489 3559 594 3615 meritis
608 3560 696 3614 sancti
714 3559 756 3625 sui
773 3558 895 3614 martiris
909 3561 945 3614 ad
959 3559 1147 3628 penitenciam
1161 3561 1311 3629 vocauerit,
1325 3572 1372 3617 aut
1390 3564 1417 3618 in

270 3643 381 3699 malicia
390 3655 613 3712 perseuerantem
627 3643 750 3712 grauiter
761 3640 933 3713 puniu[er]it.
954 3642 1010 3696 Vbi
1021 3642 1106 3710 enim,
1118 3653 1148 3697 vt
1159 3643 1195 3697 de
1203 3643 1302 3712 paucis
1313 3645 1417 3716 loquar,

225 3747 257 3797 40
270 3745 317 3782 rex
327 3727 446 3792 Suanos,
456 3727 549 3797 presul
560 3727 696 3792 Arlastus,
705 3725 875 3780 Eustachius
888 3725 960 3778 iilius
970 3725 1043 3794 regis
1053 3725 1189 3795 Stephani
1201 3724 1238 3780 de
1251 3743 1309 3796 quo
1322 3728 1417 3784 scribit

271 3811 411 3865 lohannes
425 3811 525 3864 Sarum
538 3809 567 3863 in
582 3807 746 3862 Policratico
759 3825 817 3875 suo,
833 3807 974 3862 Henricus
986 3807 1022 3862 de
1035 3807 1173 3872 Estsexia,
1188 3809 1318 3878 Rogerus
1335 3811 1416 3880 Bigot

269 3909 363 3948 comes
378 3893 582 3959 Northiolchie,
591 3891 746 3946 Willelmus
759 3891 795 3946 de
808 3890 986 3960 Gislingham
999 3889 1166 3944 iusticiarius
1178 3890 1260 3959 regis,
1275 3891 1417 3950 Iohannes

269 3975 304 4031 de
332 3973 626 4030 Bello-Monte-vbi
654 3991 772 4045 quorum
796 3972 914 4028 nomina
938 3973 1109 4028 conficerent
1135 3973 1258 4028 librum?
1307 3977 1415 4032 Horum

268 4057 363 4128 vtique
377 4057 489 4112 malicia
505 4056 667 4112 execrabilis
679 4066 730 4124 est,
743 4056 857 4110 infamia
874 4055 1000 4118 celebris,
1013 4055 1106 4110 infelix
1117 4055 1213 4124 exitus,
1226 4073 1313 4127 quem
1324 4061 1415 4115 adhuc

223 4157 254 4204 4⁵
268 4141 305 4194 de
321 4139 489 4209 quibusdam
509 4155 606 4194 eornm
626 4156 742 4210 presens
759 4147 819 4193 etas
839 4155 896 4194 non
917 4139 1036 4208 ignorat.
1073 4139 1104 4194 si
1119 4139 1180 4210 quis
1199 4157 1267 4210 ergo
1286 4141 1414 4212 antiquas

266 4221 356 4274 nescit
381 4221 512 4276 historias
536 4237 587 4276 seu
611 4239 693 4278 casus
718 4223 760 4276 vel
780 4221 930 4292 precipicia
953 4231 1161 4292 persecutorum
1185 4223 1304 4279 ecclesie
1327 4226 1412 4280 sancti

743 4361 751 4392 ¹
768 4361 822 4413 MS.
835 4363 944 4428 nunquia
