3052 4896
105 293 305 370 arama]
446 288 521 383 Dc
545 285 712 378 &tutte
737 286 910 381 titania.
1179 314 1253 386 493

102 487 196 546 tionis
219 489 350 565 tripudio
374 490 545 560 tendebant,
569 489 676 548 celitus
702 488 760 547 sibi
782 489 964 563 promissam
989 487 1083 547 felicis
1110 489 1255 564 triumphi

103 593 248 634 coronam
267 595 323 651 pre
339 578 432 636 oculis
451 579 606 646 habentes,
626 586 747 651 totoque
766 577 873 636 affectu
892 578 973 635 illam
992 580 1199 636 desiderantes
1217 580 1255 636 ad

103 664 243 722 brauium
256 665 406 724 festinant.
444 666 550 724 Paucis
562 683 636 724 sane
649 666 754 723 diebus
769 665 919 722 ciuitatem
937 665 1085 737 Basiliam,
1098 666 1148 722 vbi
1161 683 1255 724 naues

103 769 177 809 suas
187 752 368 826 reliquerant
376 753 394 824 ¹,
407 754 544 812 adierunt
552 753 571 811 ².
602 754 685 824 Quas
698 754 797 810 denuo
809 753 964 824 intrantes,
977 753 1085 826 insigni
1100 753 1257 826 Maguncie

103 839 314 913 applicuerunt
335 840 455 910 ciuitati,
474 859 533 914 que
551 851 597 898 est
619 857 712 914 super
731 840 852 898 Renum
872 841 935 900 sita.
973 841 1040 911 Quo
1059 842 1130 898 dum
1149 859 1285 914 perne-5

105 927 232 999 nissent,
243 939 441 1003 reppererunt
452 929 491 986 ibi
502 929 641 986 iuuenem
652 928 886 986 illustrissimum
896 929 983 986 beate
992 929 1139 1002 [virginis]
1146 930 1257 987 Vrsule

104 1031 262 1086 sponsum,
275 1017 410 1075 moribus
422 1027 452 1075 et
464 1034 576 1091 genere
590 1016 817 1074 nobilissimum.
844 1016 902 1074 Hic
914 1015 1010 1090 pn'die
1021 1025 1090 1074 ante
1103 1019 1192 1074 ductu
1205 1035 1257 1074 an-

104 1103 203 1176 gelico
217 1123 285 1162 cum
299 1106 435 1178 pluribus
447 1104 544 1175 sociis,
555 1123 683 1178 quorum
696 1104 817 1177 quidam
830 1113 917 1161 erant
929 1103 1081 1161 christiani
1094 1115 1124 1161 et
1136 1107 1256 1178 quidam

105 1191 314 1263 cathecumini,
327 1203 451 1251 venerat
465 1203 587 1266 paratus
600 1193 666 1267 ipse
679 1201 709 1250 et
722 1193 847 1250 comites
859 1193 925 1250 eius
937 1193 1051 1265 pariter
1062 1211 1130 1250 cum
1144 1211 1257 1266 sponsa

105 1296 162 1336 sua
174 1297 230 1352 pro
242 1297 344 1338 amore
357 1280 468 1338 Christi
483 1281 639 1355 proprium
657 1283 834 1354 sanguinem
852 1280 985 1338 fundere
1024 1279 1161 1354 Denique
1173 1283 1257 1354 virgo
1275 1295 1304 1332 10

106 1366 219 1424 Christi
240 1368 394 1426 Elizabeth
414 1369 484 1427 dicit
503 1369 586 1427 illum
607 1378 637 1425 et
659 1378 785 1425 matrem
807 1386 893 1426 suam
915 1386 983 1425 cum
1002 1369 1063 1426 filia
1082 1371 1208 1442 paruula
1229 1379 1259 1428 et

105 1457 284 1529 episcopum
307 1459 458 1530 quendam
480 1457 603 1514 nomine
623 1456 810 1514 Clementem
830 1457 1001 1514 adduxisse.
1038 1456 1130 1515 Cuius
1148 1458 1258 1515 aduen-

105 1553 173 1600 tum
207 1545 294 1602 beata
323 1545 433 1604 Vrsula
461 1545 559 1602 triduo
590 1553 750 1617 antequam
784 1544 852 1602 illuc
882 1544 1034 1602 venisset³
1064 1545 1171 1618 angelo
1201 1545 1258 1603 sibi

106 1631 308 1690 annunciante
329 1632 482 1706 presciuit
528 1632 676 1691 Continuo
699 1632 799 1705 itaque
819 1631 916 1690 leticie
937 1641 967 1690 et
989 1633 1088 1706 gaudii
1109 1633 1258 1691 uniuersis

106 1721 216 1794 ingens
231 1720 325 1778 oritur
337 1721 487 1791 exultatio,
500 1721 641 1795 quoniam
660 1738 753 1795 super
767 1720 833 1778 eius
851 1721 1000 1777 aduentu*
1015 1738 1121 1778 omnes
1139 1721 1258 1780 fuerunt
1274 1739 1303 1789 ¹⁵

106 1807 289 1864 iucunditate
317 1808 465 1867 immensa
491 1810 684 1882 gratulantes
737 1809 968 1882 Egredientibus
994 1809 1039 1866 eis
1067 1809 1105 1866 de
1132 1809 1258 1868 nauibus

107 1895 236 1952 occurrit
258 1913 326 1952 cum
349 1897 429 1954 clero
450 1897 694 1970 archiepiscopus
713 1905 744 1954 et
764 1897 880 1954 ciuibus
899 1895 1084 1969 excipientes
1103 1897 1259 1954 vniuersas

106 1981 241 2054 virgines
258 1993 349 2056 atque
366 1984 464 2042 socios
482 1984 605 2056 egnum⁶
623 1984 715 2041 nobili
733 1984 926 2058 processione
942 1982 973 2039 in
990 1982 1084 2040 leticia
1103 1999 1213 2057 magna
1229 1993 1258 2041 et

108 2070 301 2128 exultatione.
346 2071 441 2131 Biduo
465 2089 539 2129 sane
566 2072 606 2130 ibi
632 2080 795 2145 pausantes
823 2088 938 2128 moram
966 2071 1085 2128 faciunt
1134 2072 1258 2129 Interim

107 2157 227 2216 iuuenis
251 2159 351 2230 regius
375 2161 460 2218 beate
484 2159 610 2233 virginis
633 2158 762 2216 Vrsule⁸
786 2176 926 2232 sponsus,
950 2159 1020 2231 qui⁶
1043 2159 1102 2216 iam
1130 2159 1258 2217 triennio
1275 2175 1305 2211 ιο

107 2254 178 2303 ante
197 2245 422 2304 cathecuminus
442 2247 589 2317 extiterat,
608 2265 676 2306 curn
695 2247 808 2321 ingenti
827 2247 968 2304 nobilium
987 2247 1082 2320 gloria
1101 2257 1131 2304 et
1149 2248 1259 2321 princi·

108 2351 184 2406 pum
206 2351 224 2390 a
245 2335 333 2391 beato
353 2334 468 2392 Ciriaco
490 2353 569 2409 papa
587 2336 762 2408 baptizatur.
799 2334 857 2406 Qui
878 2336 968 2392 corde
989 2337 1097 2392 deuoto
1119 2336 1259 2409 baptismi

108 2421 237 2494 gratiam
257 2422 434 2496 suscipiens,
447 2425 504 2480 deo
519 2433 549 2480 et
565 2423 736 2482 hominibus
748 2424 882 2494 dilectus,
896 2422 1104 2498 vniuersisque
1121 2425 1171 2497 qui
1190 2443 1258 2482 eum

110 2519 258 2566 nouerant
273 2519 303 2568 et
319 2512 456 2569 viderant
472 2511 608 2570 amabilis
625 2523 688 2570 erat
705 2522 735 2570 et
752 2512 921 2586 graciosus;
941 2512 1100 2570 assistente
1116 2512 1157 2569 illi
1174 2515 1260 2572 beata

109 2597 222 2656 Vrsule
234 2598 330 2672 ipsius
343 2617 455 2672 sponsa
467 2617 535 2656 cum
549 2602 687 2658 omnibus
699 2601 849 2674 episcopis
862 2600 907 2658 et⁸
919 2600 1127 2672 cardinalibus,
1140 2601 1260 2674 regibus
1275 2621 1303 2671 ²5

110 2694 142 2742 et
165 2685 360 2761 principibus,
379 2697 469 2761 atque
486 2687 629 2745 uniuerso
650 2689 730 2745 illius
751 2688 879 2745 ciuitatis
900 2689 988 2746 clero.
1026 2687 1170 2760 Baptizati
1191 2698 1261 2747 sunt

110 2771 201 2830 etiam
223 2791 291 2831 cum
316 2791 353 2832 eo
374 2774 496 2847 quidam
518 2776 665 2833 sociorum
690 2775 757 2833 eius
778 2775 829 2849 qui
853 2793 921 2834 curn
943 2775 1010 2849 ipso
1034 2775 1260 2842 conuenerant⁷,

110 2864 252 2934 quoniam
265 2862 324 2920 iam
337 2872 407 2922 ante
419 2863 617 2921 cathecumini
628 2864 789 2922 extiterant
797 2864 816 2922 ⁸.

121 3060 145 3121 tl
157 3059 244 3130 Quod
257 3061 355 3134 angeli
365 3063 404 3119 de
417 3061 488 3119 celis
502 3069 607 3119 assunt
615 3061 665 3118 vbi
678 3061 788 3118 Vrsule
797 3058 921 3134 virginis
934 3075 1064 3132 sponsus
1076 3059 1249 3152 baptizatur.

148 3182 265 3255 Aperto
281 3183 429 3255 siquidem
448 3183 512 3242 celo
529 3184 628 3257 angeli
646 3183 720 3241 lucis
735 3201 753 3240 a
768 3184 826 3240 deo
844 3181 949 3240 directi
961 3181 1085 3238 veniunt
1104 3181 1172 3238 illuc
1192 3200 1261 3256 pre·

112 3279 226 3339 sentes,
242 3287 309 3326 cum
328 3271 393 3328 aliis
412 3273 616 3346 compluribus
634 3281 806 3329 sanctorum
826 3269 973 3344 personis,
988 3269 1057 3327 huic
1075 3277 1135 3327 tam
1155 3269 1261 3328 festiue
1277 3288 1307 3337 ao

111 3444 191 3518 ginis
214 3462 346 3517 sponsus
370 3445 468 3504 adhuc
492 3447 576 3521 virgo
599 3447 742 3514 existens,
767 3462 921 3518 nunquam
944 3444 1100 3501 mulierem
1124 3447 1263 3519 cognouit

112 3541 165 3589 aut
188 3551 325 3603 uxorem,
350 3535 535 3592 custodiente
566 3533 648 3592 illum
674 3543 769 3591 matre
797 3550 851 3590 sua
879 3541 908 3588 et
933 3531 1127 3602 doctrinante,
1151 3533 1263 3606 optima

112 3619 238 3678 muliere
252 3629 282 3677 et
295 3620 429 3693 piissima
442 3622 554 3694 regina,
567 3621 669 3694 quein
682 3623 763 3678 omni
777 3621 919 3688 castitate,
932 3619 1087 3690 mundicia,
1101 3629 1131 3676 et
1144 3639 1262 3678 morum

113 3707 271 3764 honestate
287 3725 356 3764 eum
375 3708 528 3766 instruens
547 3708 683 3766 erudiuit.
721 3707 844 3765 Discant
862 3725 934 3779 ergo
953 3715 1065 3764 matres
1083 3708 1120 3764 ab
1138 3707 1195 3765 ista
1213 3727 1263 3766 su·
1277 3730 1307 3781 35

113 3803 232 3853 mentes
254 3796 435 3869 exemplum,
455 3807 485 3855 et
506 3798 632 3854 doceant
658 3796 735 3854 lilios
760 3813 831 3852 suos
856 3804 885 3852 et
910 3794 986 3851 filias
1007 3803 1097 3868 atque
1122 3795 1263 3853 familiam

113 3891 196 3940 caste
216 3883 329 3953 viuere,
350 3884 427 3942 iuste
448 3894 478 3942 et
503 3885 553 3959 pie
578 3885 726 3942 incedere.
773 3885 867 3940 Porro
889 3893 918 3940 et
942 3882 1008 3956 ipse
1029 3883 1080 3938 in’
1098 3887 1262 3941 earundem

114 3987 268 4028 sacrarum
279 3971 429 4044 virginum
441 3981 508 4030 cetu
523 3973 627 4046 plures
639 3972 766 4030 habebat
783 3979 930 4044 cognatas,
943 3972 981 4028 de
997 3988 1123 4045 quarum
1138 3990 1264 4030 numero

114 4060 172 4117 iste
190 4057 326 4118 suerunt:
347 4060 433 4118 beata
453 4060 624 4131 Benedicta,
642 4070 672 4118 et
690 4059 791 4130 Lucia,
808 4077 867 4133 que
883 4059 921 4117 de
938 4059 1075 4116 vndecim
1094 4059 1264 4134 principali-

148 4221 379 4286 ¹E.reliquerent.
470 4222 667 4286 'Badierant
755 4219 965 4275 ”Exanimem⁸
1049 4222 1107 4274 ¹2.
1119 4226 1265 4275 aduentum.

115 4287 128 4386 ζ
143 4287 174 4405 ἓ.
186 4287 294 4404 lelxhrum.
420 4287 431 4318 ⁸
446 4303 496 4342 orn.
510 4290 536 4339 ln
549 4290 580 4342 B.
714 4286 723 4316 ²
741 4289 772 4339 B.
782 4297 915 4341 venerant.
1046 4288 1056 4320 ⁸
1073 4290 1103 4342 B.
1116 4291 1265 4342 extiterunt.
