3028 4894
283 287 358 380 380
595 281 1118 387 tantumtantum

283 499 414 558 persam
425 481 473 542 vir
484 483 533 542 dei
551 501 661 559 popam
680 484 762 542 adire
776 483 942 558 disposuit:
962 484 1186 558 assumptisque
1199 499 1306 542 secum
1317 491 1443 540 mmm

283 571 393 642 tribus:
411 571 480 646 quia
497 573 597 646 palam
615 591 676 630 nou
688 583 802 647 posset,
815 585 902 630 noctu
915 573 991 630 clam
1004 572 1197 630 uansfretare
1209 581 1347 644 temptat
1386 571 1444 627 Bis

283 660 364 718 enim
377 677 460 718 mare
473 661 638 734 ingressus,
648 661 678 718 vi
687 671 847 718 ventorum
860 660 906 717 bis
918 661 1060 734 repulsus
1071 669 1126 718 est.
1163 659 1321 734 Dispersis
1335 669 1444 716 autem

284 747 478 805 familiaribus
509 747 572 806 suis
594 766 671 806 vuus
701 749 849 817 audacior,
880 747 1071 806 Cantuariam
1095 748 1227 818 veniens,
1255 747 1287 804 iu
1314 764 1443 804 camera

254 855 270 908 5
282 835 377 908 ipsius
389 835 607 910 archiepiscopi
620 845 708 894 nocte
721 855 754 894 se
767 835 890 910 recepit,
900 847 929 893 et
941 845 1011 910 post
1023 853 1139 908 cenam,
1151 835 1310 910 quiescere
1318 836 1443 905 volens,

283 940 377 997 puero
395 923 489 982 dixit:
509 922 609 982 ‘Vade
631 933 661 981 et
680 925 785 981 claude
804 924 914 982 ostium
933 925 1011 994 aule,
1026 933 1059 982 vt
1077 925 1212 981 securius
1230 923 1443 980 dormiamus'

283 1011 417 1069 Veniens
436 1011 504 1070 illuc
522 1030 600 1086 puer
611 1030 679 1070 curn
695 1012 817 1083 lumine,
829 1023 933 1086 aperto
949 1013 1026 1069 ostio
1036 1013 1109 1070 vidit
1123 1012 1388 1085 arehiepiscopum
1408 1012 1442 1067 in

282 1101 393 1174 angulo
411 1102 519 1158 sedere
537 1101 652 1157 solum:
672 1110 702 1158 et
719 1101 851 1171 territus,
863 1111 973 1173 putans
990 1118 1024 1157 se
1042 1100 1188 1158 fantasma
1200 1100 1324 1169 vidisse,
1338 1101 1445 1156 rediit.

285 1187 323 1244 Et
346 1187 473 1246 veniens
500 1187 569 1246 illuc
594 1187 729 1258 clericus,
753 1187 851 1244 virum
878 1187 935 1258 dei,
960 1189 1036 1245 sicut
1058 1205 1135 1261 puer
1159 1188 1286 1258 dixerat,
1312 1187 1443 1245 inuenit

239 1293 271 1332 to
284 1275 463 1334 conuocatis
481 1291 554 1348 ergo
572 1276 698 1332 ecclesie
717 1275 867 1346 fratribus,
885 1275 957 1348 quid
976 1275 1032 1332 sibi
1054 1275 1203 1333 acciderat
1222 1275 1387 1348 exposuit:
1411 1287 1445 1333 et

284 1362 383 1420 statim
396 1364 434 1420 ad
447 1380 550 1436 regem
562 1364 705 1436 perrexit
743 1363 801 1434 Qui
809 1363 907 1421 audita
919 1363 1126 1435 dissimulauit,
1135 1363 1193 1420 nisi
1205 1363 1273 1438 quia
1287 1363 1443 1420 iocando¹

283 1451 498 1524 improperauit
515 1450 543 1507 ei
563 1468 655 1524 quare
673 1461 785 1509 terram
806 1468 892 1508 suam
913 1452 1055 1508 deserere
1073 1451 1224 1520 voluisset,
1243 1459 1394 1524 tanquam
1414 1453 1443 1508 si

283 1539 365 1612 ipsos
378 1541 453 1596 duos
466 1538 554 1595 simul
568 1547 647 1596 terra
659 1555 767 1613 capere
785 1555 845 1596 non
858 1548 969 1611 posset.
1040 1527 1300 1612 Archiepiscopus
1313 1557 1444 1612 quoque

283 1627 495 1684 eboracensis¹
520 1644 624 1700 pacem
650 1629 727 1684 inter
752 1644 856 1700 regem
882 1636 913 1683 et
936 1627 1034 1684 virum
1055 1627 1104 1684 dei
1126 1627 1289 1684 reformare
1312 1627 1442 1684 studuit

241 1735 270 1786 ¹⁵
283 1715 371 1772 Vnde
390 1715 477 1772 mittit
495 1724 616 1772 sanctus
634 1717 672 1772 ad
692 1731 848 1772 romanum
867 1715 1050 1788 pontificem,
1068 1725 1209 1789 tanquam
1229 1731 1343 1788 rogans
1364 1735 1443 1772 con·
1496 1756 1497 1782 ,

283 1802 458 1861 suetudines
480 1803 545 1860 illas
564 1803 742 1860 confirmari.
779 1803 846 1874 Que
865 1813 926 1860 tam
948 1805 1045 1860 subita
1063 1804 1118 1860 viri
1140 1803 1271 1872 mutatio,
1291 1821 1354 1876 que
1376 1815 1443 1862 tam
1496 1797 1497 1876 l

283 1892 447 1948 constantis
470 1891 681 1960 inconstancia,
704 1903 735 1950 vt
759 1894 850 1950 modo
874 1902 993 1966 rogaret
1023 1893 1158 1950 enormia
1188 1892 1373 1964 confirmari,
1401 1896 1441 1950 ad
1496 1877 1497 1910 ¹

283 1997 411 2052 quorum
431 1997 613 2038 consensum
635 1997 695 2036 non
718 1981 813 2054 potuit
839 1980 922 2055 prius
947 1979 1101 2038 inclinari?
1138 1979 1285 2036 Nimirum
1312 1980 1442 2037 maioris
1496 2007 1497 2018 κ

284 2067 405 2126 arbitrio
421 2069 540 2141 reliquit
553 2069 632 2141 quod
652 2087 708 2142 per
726 2087 759 2127 se
779 2086 838 2125 non
858 2068 1049 2142 presumpsit,
1061 2078 1093 2125 vt
1110 2085 1128 2124 a
1146 2085 1180 2126 se
1198 2068 1317 2140 cuipam
1337 2079 1442 2126 trans·

241 2155 388 2227 ecferret,
408 2165 438 2214 et
459 2155 581 2213 domino
600 2173 656 2214 suo
676 2157 867 2214 satisfaceret
904 2157 966 2214 Sed
985 2157 1063 2214 beati
1082 2173 1161 2230 pape
1179 2156 1284 2229 religio
1305 2155 1442 2214 circum-

285 2243 381 2300 ueniri
398 2261 457 2300 non
476 2245 580 2318 potuit,
592 2244 644 2317 qui
660 2255 811 2303 certamen
831 2245 1047 2319 archiepiscopi
1060 2243 1198 2318 cognouit
1210 2253 1240 2300 et
1253 2245 1441 2318 porrigentis

285 2349 391 2405 preces
399 2341 515 2390 coactas
524 2333 653 2407 agnouit
704 2322 778 2391 Rex
787 2333 869 2390 enim
877 2333 1001 2390 clericos
1010 2333 1183 2402 homicidas,
1193 2333 1283 2403 fures,
1293 2332 1439 2401 latrones,

284 2429 334 2476 aut
351 2421 417 2478 aliis
436 2421 555 2494 flagitiis
571 2422 696 2490 deditos,
716 2423 752 2478 ad
773 2423 906 2480 seculare
928 2421 1068 2478 iudicium
1090 2421 1234 2488 trahebat,
1252 2429 1285 2476 vt
1303 2421 1438 2478 conuicti

286 2509 428 2580 [officio]⁸
447 2509 644 2582 priuarentur,
664 2520 694 2568 et
712 2511 820 2584 priuati
839 2510 921 2568 curie
939 2511 1138 2567 traderentur.
1175 2508 1438 2582 Archiepiscopus

241 2615 272 2666 :5
285 2613 358 2652 vero
371 2596 494 2654 clericos
512 2597 639 2655 infames
651 2615 712 2654 non
725 2599 781 2654 nisi
794 2600 874 2671 apud
887 2597 1104 2656 ecclesiasticos
1117 2595 1230 2653 iudices
1242 2596 1438 2668 permittebat

286 2685 465 2754 conueniri‘,
477 2685 527 2742 vbi
546 2685 689 2743 conuicti⁶
701 2685 798 2743 officio
817 2687 1032 2760 spoliarentur:
1056 2683 1125 2758 quia
1138 2687 1212 2741 ‘non
1231 2683 1343 2740 iudicet
1360 2686 1437 2740 deus

286 2772 332 2828 bis
356 2773 433 2830 inid
455 2773 554 2846 ipsum
566 2777 583 2844 ’,
595 2774 643 2830 vel
664 2791 702 2832 ne
716 2773 792 2832 forte
812 2775 923 2848 duplici
942 2791 1020 2848 pena
1037 2771 1151 2829 multati
1172 2771 1253 2828 laicis
1271 2771 1434 2828 infamibus

286 2862 454 2918 conditione
486 2863 660 2919 viderentur
689 2863 865 2933 inferiores;
903 2865 957 2920 sed
988 2863 1014 2919 si
1039 2871 1107 2935 post
1130 2862 1378 2933 degradationem
1405 2861 1437 2918 in

286 2949 404 3022 flagitiis
418 2949 633 3020 inuenirentur,
646 2969 664 3008 a
677 2951 803 3009 seculari
816 2951 912 3009 iudice
923 2951 1100 3025 punirentur
1109 2949 1128 3004 ⁸.
1164 2949 1248 3005 Talia
1260 2947 1342 3004 enim
1357 2948 1436 3005 iram

241 3055 273 3106 30
286 3037 367 3110 regis
384 3039 594 3095 accendebant.
633 3039 712 3095 Nihil
733 3039 813 3096 enim
832 3057 850 3096 a
867 3039 931 3096 viro
950 3039 997 3096 del
1015 3039 1063 3096 vel
1086 3037 1142 3094 dici
1160 3038 1209 3093 vel
1231 3036 1295 3092 fieri
1318 3045 1439 3108 poterat

286 3127 366 3199 quod
385 3144 445 3182 non
464 3126 579 3192 malicia
597 3127 759 3184 infelicium
779 3127 933 3184 hominum
952 3129 1149 3200 deprauaret:
1168 3127 1243 3182 adeo
1262 3125 1387 3196 quidem
1407 3135 1439 3182 vt

287 3213 349 3286 regi
371 3214 586 3287 persuaderent
608 3215 687 3288 quod
709 3215 735 3272 si
756 3213 974 3288 archiepiscopi
992 3223 1125 3288 potestas
1145 3213 1332 3286 procederet,
1352 3213 1438 3286 regia

286 3301 415 3374 dignitas
433 3311 513 3358 esset
531 3304 724 3374 proculdubio
743 3304 883 3377 peritura,
903 3313 933 3361 et
953 3303 979 3360 is
1001 3304 1122 3359 demum
1143 3301 1260 3358 futurus
1278 3308 1362 3357 esset
1380 3317 1439 3358 rex

286 3407 377 3463 quem
397 3390 495 3447 clerus
513 3391 647 3463 eligeret,
660 3401 689 3448 et
702 3392 843 3464 quamdiu
861 3392 993 3465 placeret
1008 3390 1236 3463 archiepiscopo
1248 3396 1439 3459 regnatums.

242 3499 273 3549 35
288 3477 419 3534 Proinde
441 3495 497 3534 rex
517 3479 599 3535 citari
621 3479 690 3536 fecit
711 3479 977 3554 archiepiscopum,
998 3487 1030 3536 vt
1051 3477 1100 3534 die
1124 3484 1233 3533 statuto
1253 3476 1334 3547 apud
1358 3475 1438 3532 Nor·

287 3567 443 3639 thamptoii
455 3565 518 3640 regi
532 3569 728 3640 responderet
741 3569 779 3624 de
788 3567 911 3640 hiisque
921 3566 978 3623 sibi
992 3567 1089 3623 forent
1099 3563 1271 3621 obiicienda.
1340 3550 1438 3621 Facta

287 3654 377 3727 igitur
393 3653 539 3724 contione,
552 3655 679 3712 trahitur
697 3656 726 3712 in
745 3673 865 3712 causam
885 3655 1129 3728 archiepiscopus
1142 3653 1221 3725 quod
1234 3651 1272 3708 ad
1284 3653 1437 3724 quandam

287 3743 368 3816 regis
380 3741 547 3799 citationem
560 3759 594 3799 se
606 3743 635 3798 in
649 3745 771 3818 propria
783 3763 914 3819 persona
927 3761 987 3800 non
999 3741 1176 3800 exhibuerit
1201 3739 1259 3810 Qui
1273 3738 1342 3796 licet
1354 3741 1438 3798 suffi-

288 3831 416 3889 cientem
436 3831 642 3903 responsalem
662 3849 695 3889 se
708 3831 827 3889 misisse
840 3831 1018 3905 probauerit,
1031 3839 1132 3886 tamen
1145 3843 1304 3901 procerum
1317 3837 1348 3884 et
1361 3845 1437 3900 pon·

242 3941 276 3993 40
288 3921 400 3978 tificum
412 3919 519 3976 iudicio
532 3936 602 3976 mox
615 3919 716 3976 omnia
725 3920 789 3977 eius
802 3922 880 3977 bona
892 3919 1013 3976 mobilia
1025 3926 1094 3974 sunt
1107 3916 1276 3984 confiscata,
1289 3915 1347 3972 nisi
1362 3915 1437 3974 forte

288 4009 371 4081 regia
383 4007 540 4066 clementia
552 4008 644 4065 vellet
655 4017 824 4081 temperare
842 4007 992 4078 iudicium,
1006 4007 1086 4080 quod
1103 4015 1167 4063 est:
1188 4004 1218 4060 in
1232 4003 1437 4062 misericordia

289 4097 370 4170 regis
382 4095 470 4153 esse⁷
484 4097 522 4153 de
534 4095 616 4152 omni
635 4096 737 4153 mobili
750 4114 815 4154 suo.
846 4099 921 4155 Cum
934 4113 1007 4152 vero
1015 4093 1188 4150 audissetse
1198 4091 1360 4148 iudicatum
1373 4092 1435 4149 sic:

287 4185 410 4256 ‘Quale
423 4183 526 4257 inquit,
539 4183 577 4240 sit
595 4183 735 4242 iudicium
753 4185 818 4254 hoc,
832 4201 881 4244 me
896 4184 985 4242 etiam
1001 4191 1118 4240 tacente
1135 4181 1237 4238 secula
1252 4189 1322 4253 post
1339 4179 1438 4238 firtura

321 4309 377 4359 ¹1¹3.
389 4309 509 4362 iucundo.
602 4308 661 4370 ¹0.
679 4309 726 4372 Ep.
738 4309 905 4360 ebroicensis.
1004 4307 1082 4357 ³0m.
1174 4303 1231 4355 ⁴T.
1244 4304 1273 4356 E.
1286 4307 1437 4359 conuenire.

289 4374 299 4405 ⁸
316 4375 344 4427 E.
357 4376 494 4426 coniuncti.
592 4372 603 4405 ⁸
621 4376 649 4426 E.
661 4385 829 4440 punerentur.
928 4373 937 4404 ²
955 4373 987 4438 Q.
1004 4375 1130 4424 iudicatus
1142 4379 1192 4424 est.
