3044 4894
435 274 510 366 Da
535 271 698 360 sancto
722 272 933 372 bantana.
1212 292 1256 368 57

105 473 279 544 oratorium,
287 473 318 530 in
328 493 387 548 quo
400 474 582 531 orationibus
594 474 703 547 iugiter
709 484 857 544 vacarent,
866 483 1107 531 construxerunt.
1135 472 1258 529 lndrac-

105 573 154 619 tus
167 579 240 618 vero
253 562 390 618 baculum
405 563 653 634 peregrinationis
670 579 725 619 sue
744 563 854 619 ibidem
872 563 902 618 in
920 572 1032 619 terram
1046 561 1127 618 fixit:
1148 569 1176 618 et
1190 560 1256 617 sine

105 667 193 705 mora
206 649 331 716 radices,
345 649 468 707 frondes
481 659 511 706 et
527 650 604 716 folia,
617 650 648 706 in
662 659 824 722 conspectu
837 651 980 718 omnium,
993 649 1135 723 produxit
1145 648 1163 718 ¹,
1177 657 1206 704 et
1225 649 1255 703 in

105 735 270 792 maximam
282 754 426 809 quercum
444 746 474 792 et
486 737 659 794 vmbrosam
678 754 823 810 processu
836 739 981 810 temporis
994 736 1135 793 excreuit.
1174 736 1256 792 Fecit

106 841 227 897 quoque
247 833 385 896 stagnum
398 825 548 896 quoddam
569 825 736 898 paruulum,
751 826 789 880 de
802 843 861 898 quo
880 826 979 905 pisces
997 827 1078 880 iuxta
1097 841 1255 879 numerum
1271 833 1285 883 5

107 920 222 967 certum
240 912 371 983 quotidie
391 913 541 984 sumpsit;
561 920 590 968 et
612 930 668 968 nec
687 912 791 984 plures
810 930 865 968 nec
886 912 1051 986 pauciores,
1071 913 1125 968 sed
1142 912 1257 983 absque

106 1000 227 1054 numeri
240 999 436 1055 diminutione
455 999 555 1072 pisces
574 999 606 1056 in
624 1009 732 1072 stagno
750 1017 873 1072 semper
885 999 1008 1056 inuenit.
1046 1000 1162 1056 Accidit
1175 999 1256 1055 enirn

106 1095 139 1140 vt
152 1103 230 1141 vnus
246 1087 395 1142 sociorum
415 1103 537 1142 suorum
556 1087 743 1159 temptationi
762 1087 905 1144 diabolice
924 1087 1125 1161 acquiescens
1143 1085 1257 1159 piscem

107 1189 201 1228 vnum
221 1175 348 1245 quadam
368 1173 416 1228 die
433 1173 523 1230 furari
544 1183 750 1246 presumeret:
771 1183 801 1232 et
821 1175 937 1231 offenso
957 1174 1087 1242 domino,
1100 1191 1257 1247 quousque

108 1261 209 1332 pisces
229 1278 336 1317 omnes
358 1260 548 1330 defecissent,
566 1279 645 1318 vnus
665 1262 797 1334 quotidie
816 1263 854 1318 de
873 1279 997 1318 numero
1019 1261 1183 1318 diminutus
1202 1271 1257 1318 est.
1274 1282 1304 1317 ro

108 1347 177 1416 Quo
189 1347 255 1403 viso
266 1349 313 1403 vir
325 1347 373 1404 dei
388 1347 544 1405 lndractus
563 1349 723 1420 obstupuit,
737 1357 767 1405 et
781 1367 895 1405 moram
908 1366 994 1406 suam
1008 1349 1038 1404 in
1052 1349 1117 1404 loco
1134 1348 1185 1404 illo
1200 1349 1257 1404 deo

107 1433 234 1492 vlterius
255 1453 315 1491 non
342 1434 461 1507 placere
487 1435 606 1505 timens,
625 1436 756 1492 vnanimi
774 1437 899 1492 fratrum
920 1454 1069 1492 consensu
1089 1436 1184 1492 sorori
1204 1453 1257 1492 sue

106 1522 253 1590 valefecit,
267 1532 297 1578 et
311 1521 439 1578 Romam
453 1540 521 1578 curn
534 1523 623 1579 sociis
635 1523 773 1580 celeriter
789 1523 968 1596 properauit.
1008 1523 1141 1580 Rediens
1156 1533 1257 1597 autem

107 1611 140 1664 in
155 1609 348 1677 Britanniam,
358 1627 465 1666 versus
478 1609 662 1666 Glastoniam
676 1611 714 1666 ad
729 1620 865 1667 sanctum
880 1611 1038 1668 Patricium
1052 1613 1096 1667 ire
1109 1619 1138 1668 et
1152 1629 1258 1685 preces

108 1698 168 1753 deo
184 1696 311 1753 fundere
330 1697 485 1770 disposuit.
524 1697 586 1753 lllis
605 1701 686 1753 enim
706 1697 811 1755 diebus
825 1698 891 1755 Yne
908 1717 961 1756 rex
975 1698 1213 1756 Westsanonum
1226 1697 1257 1754 in
1274 1718 1303 1768 ¹5

107 1785 180 1840 villa
192 1785 314 1840 nomine
328 1785 437 1842 Pedret
450 1785 562 1841 curiam
575 1803 661 1841 suam
674 1787 778 1856 tenuit,
792 1785 876 1842 cuius
891 1787 1019 1842 ministri
1038 1785 1068 1841 in
1081 1786 1190 1842 villulis
1204 1803 1260 1858 per

108 1871 265 1928 circuitum
287 1871 414 1944 dispersi
434 1883 528 1928 erant.
566 1872 649 1928 Inter
667 1890 742 1945 quos
763 1883 827 1929 erat
846 1873 966 1946 quidam
989 1873 1151 1946 iniquitatis
1170 1873 1259 1942 filius,

108 1961 232 2016 nomine
244 1958 350 2015 Hona:
365 1959 439 2032 [qui]
452 1961 462 1991 ²
475 1959 647 2015 indractum
657 1960 754 2016 virum
767 1960 815 2016 dei
828 1971 858 2018 et
869 1961 965 2018 socios
975 1979 992 2016 a
1001 1960 1154 2017 Glastonia
1163 1960 1259 2016 disce·

108 2047 218 2104 dentes
231 2046 402 2119 explorans,
414 2064 504 2119 peras
517 2065 620 2103 eorum
637 2047 763 2120 pecunia
776 2049 906 2120 repletas
918 2048 1047 2104 crudelis
1061 2048 1145 2104 lictor
1158 2047 1257 2104 existi·

110 2135 220 2190 mabat
261 2134 397 2208 Cumque
411 2153 471 2190 non
484 2135 587 2208 procul
600 2153 618 2190 a
631 2134 784 2191 Glastonia
796 2136 877 2192 serui
890 2137 938 2192 dei
948 2136 1124 2191 recedentes
1131 2134 1161 2190 in
1173 2135 1258 2191 lectis
1274 2155 1305 2191 ao

110 2223 202 2294 (apud
212 2221 398 2295 Shapwike)⁸
407 2222 879 2295 quiescerent,ministersathane
888 2223 1021 2295 prefatus
1030 2239 1098 2279 cum
1106 2221 1170 2279 suis
1178 2239 1259 2278 com·

109 2311 237 2382 plicibus
250 2311 381 2380 domum,
400 2309 431 2365 in
451 2327 509 2383 qua
527 2308 704 2366 innocentes
721 2311 917 2380 dormiebant,
930 2310 1077 2367 violenter
1093 2311 1259 2382 ingressae,

109 2397 251 2453 extractis
263 2395 369 2469 gladiis
383 2397 449 2453 illos
462 2397 595 2470 iugulare
610 2415 669 2453 non
682 2398 844 2454 timebant:
865 2407 895 2454 et
909 2398 1071 2471 assumptis
1084 2397 1259 2471 corporibus

110 2484 232 2554 sanctis,
244 2483 276 2539 in
289 2483 436 2557 profunda
449 2485 577 2557 quadam
590 2483 685 2552 fouea,
699 2502 737 2540 ne
755 2485 880 2558 reperiri
899 2494 1032 2558 possent,
1045 2485 1095 2541 illa
1112 2486 1259 2542 abscond-

108 2581 206 2628 erunt
245 2571 314 2627 Rex
331 2579 430 2628 autern
444 2571 511 2628 Yne
530 2580 616 2628 nocte
629 2574 758 2645 quadarn
777 2572 869 2628 nimio
882 2573 995 2630 ventris
1009 2574 1111 2630 dolore
1123 2582 1258 2642 vexatus,
1274 2595 1303 2645 ²5

109 2661 153 2730 (vt
165 2660 272 2714 noxias
285 2658 441 2715 deliniret⁴
458 2676 491 2714 ac
504 2649 579 2715 forte
592 2659 740 2732 mitigaret
753 2661 918 2732 angustias)
932 2679 1081 2717 cameram
1100 2660 1209 2717 exiuit:
1230 2668 1260 2716 et

110 2747 278 2820 respiciens
291 2748 321 2801 in
335 2746 441 2816 celum,
455 2747 529 2802 vidit
542 2747 733 2818 columpnam
746 2749 831 2819 quasi
850 2747 928 2820 ignis
946 2750 1147 2820 perspicuam,
1159 2765 1177 2803 a
1195 2748 1259 2804 loco

108 2836 142 2890 in
155 2852 215 2906 quo
228 2850 353 2906 corpora
372 2842 475 2889 sancta
492 2834 664 2890 abscondita
681 2843 766 2890 erant
785 2833 815 2890 in
834 2835 931 2892 celum
943 2834 1155 2906 tendentem⁶;
1175 2835 1264 2892 cuius

110 2921 258 2994 splendor
273 2938 344 2977 suos
357 2922 468 2991 oculos,
480 2939 659 2994 quocunque
672 2939 725 2978 eos
733 2931 864 2979 verteret
874 2921 893 2990 ⁶,
902 2923 1089 2996 sequebatur.
1123 2922 1259 2995 Cumque

108 3026 166 3082 per
178 3019 241 3065 tres
254 3017 358 3064 noctes
370 3010 498 3065 eandem
512 3009 659 3065 visionem
675 3011 892 3082 perspexisset,
905 3010 1083 3082 quibusdam
1097 3027 1200 3066 secum
1213 3027 1258 3066 as·
1272 3033 1305 3081 30

108 3098 250 3168 sumptis,
262 3096 345 3152 venit
354 3096 392 3150 ad
402 3096 509 3166 locum,
518 3105 546 3152 et
556 3097 689 3152 inuentis
703 3097 858 3153 martirum
871 3099 1055 3170 corporibus,
1068 3115 1136 3154 cum
1150 3115 1259 3170 magno

109 3185 227 3240 honore
235 3184 315 3255 apud
324 3182 509 3239 Glastoniam
522 3200 558 3240 ea
567 3183 774 3256 sepelirifecit.
799 3183 969 3258 indractum
976 3202 1049 3242 vero
1058 3186 1096 3242 ad
1104 3185 1259 3241 sinistrum

109 3289 203 3328 comu
225 3271 336 3339 altaris,
354 3288 392 3326 ex
414 3271 551 3343 opposito
572 3269 675 3328 feretri
695 3272 773 3328 beati
791 3271 919 3342 Patricii,
939 3282 969 3329 et
990 3272 1087 3329 socios
1108 3290 1179 3329 suos
1204 3290 1259 3345 per

107 3357 275 3432 pauimenti
294 3357 448 3413 circuitum
468 3367 590 3429 ponunt
630 3358 841 3415 Interfectores
860 3369 960 3416 autem
977 3359 1177 3416 innocentium
1191 3378 1259 3416 cum

107 3448 219 3502 ceteris
242 3445 353 3500 ibidem
374 3453 518 3513 astantes,
538 3462 556 3501 a
577 3446 754 3502 demonibus
774 3447 894 3519 arrepti,
914 3456 975 3504 tam
997 3448 1167 3504 immaniter
1189 3458 1259 3504 sunt
1273 3467 1305 3520 35

106 3532 240 3601 cruciati,
260 3533 340 3605 quod
362 3549 469 3589 carnes
494 3533 632 3606 proprias
651 3534 748 3590 adbuc
767 3536 828 3590 viui
850 3535 1030 3604 lacerabant,
1050 3552 1117 3591 cum
1141 3536 1259 3608 magnis

106 3621 290 3677 clamoribus
309 3628 378 3692 post
403 3621 553 3676 modicum
577 3620 786 3678 miserabiliter
805 3621 894 3677 vitam
919 3622 1067 3679 finientes
1142 3610 1260 3679 Mulier

106 3709 239 3782 quedam
258 3706 358 3780 ydolis
376 3707 414 3763 ab
433 3707 557 3763 infantia
576 3707 721 3779 seruiens,
737 3708 828 3766 nullis
846 3709 1099 3782 predicationibus
1121 3711 1159 3766 ad
1178 3710 1257 3766 viam

105 3797 169 3854 vite
182 3796 316 3851 conuerti
328 3794 443 3862 valens,
456 3812 525 3850 cum
542 3795 731 3868 columpnam
749 3813 766 3852 a
785 3814 856 3868 rege
869 3797 963 3852 visam
983 3814 1075 3870 super
1087 3805 1257 3853 sanctorum

104 3899 234 3956 corpora
253 3882 386 3949 vidisset,
403 3883 441 3938 ad
460 3899 585 3955 corpora
603 3892 773 3939 sanctorum
794 3883 1034 3957 appropinquare
1054 3902 1113 3940 non
1134 3885 1258 3955 audens,
1271 3909 1305 3957 40

105 3988 179 4030 cum
199 3968 346 4026 confessis
366 3969 513 4026 sacerdoti
536 3969 665 4043 peccatis
685 3971 749 4028 suis
769 3971 908 4044 baptismi
927 3971 1054 4044 gratiam
1074 3981 1259 4044 consequuta

106 4060 225 4126 fuisset,
244 4057 282 4112 ad
302 4056 399 4112 locum
419 4065 590 4113 sanctorum
607 4076 676 4115 cum
696 4075 805 4131 magna
825 4059 984 4116 deuotione
1002 4060 1199 4132 properabat:
1228 4071 1258 4116 et

105 4148 150 4204 ibi
160 4145 181 4216 ⁷,
194 4145 274 4217 quod
287 4143 410 4214 viderat,
423 4144 522 4216 palam
538 4148 652 4202 cunctis
671 4163 826 4215 enarrans,
839 4148 988 4220 octoginta
1000 4147 1154 4219 utriusque
1166 4163 1259 4204 sexus

139 4259 336 4321 ¹E.perduxit
406 4259 482 4310 ὀπὶ.
542 4259 795 4323 ἰρυά5ὴ.οιιι.ἰιι
807 4261 854 4322 Τ.;
870 4261 901 4311 cf.
917 4261 971 4310 loh.
986 4259 1026 4310 Gl.
1078 4259 1133 4311 ⁴1¹2.
1144 4261 1244 4311 deleret
1252 4278 1260 4324 ;

102 4327 135 4378 T.
150 4325 280 4374 deliniret.
339 4323 395 4375 ⁸E.
406 4325 552 4376 tendentes.
619 4325 676 4376 ⁸13.
689 4335 828 4376 verterent
895 4325 950 4378 τΤ.
965 4325 994 4376 E.
1006 4333 1033 4376 et
1043 4326 1094 4377 vbi.
