3036 4878
71 267 311 336 usmetun]
342 253 417 348 De
439 252 499 343 ἦ.
518 254 735 342 &huillum
758 269 852 358 ligi
875 263 915 342 tt
937 261 1126 360 mutim.
1166 263 1240 350 647

552 459 619 514 Nno
643 458 750 514 domini
776 459 832 514 M0.
855 459 903 515 C⁰.
923 457 1016 530 [inex]
1041 458 1129 531 xviij0.
1153 457 1240 513 voluit

573 541 710 611 gloriosus
721 541 818 596 martir
828 541 996 597 Edmundus
1007 552 1110 598 terrere
1120 558 1241 597 conuen-

73 623 145 668 tum
159 631 244 671 suum
257 627 285 672 et
293 618 395 674 docere
411 631 442 677 nt
454 641 557 695 corpus
568 625 629 680 eius
641 625 817 680 reuerencius
829 634 859 678 et
871 623 1037 694 diligencius
1049 625 1242 680 custodiretur.

75 699 158 752 Erat
181 700 295 769 quidam
314 701 423 772 ligneus
442 707 582 764 tabulatus
603 707 676 762 inter
693 709 823 762 feretrum
843 717 871 762 et
893 723 1026 777 magnum
1045 708 1140 774 altare,
1160 723 1243 776 super

75 798 175 852 quem
189 783 244 838 duo
258 784 332 839 cerei
343 785 471 844 solebant
484 801 559 845 stare
572 801 600 846 et
616 791 730 856 ardere;
751 790 935 859 solebantque
948 788 1041 859 sepius
1054 789 1126 844 cerei
1144 789 1240 853 cereis,
1256 803 1269 853 5

75 864 154 918 noui
174 867 324 934 veteribus,
338 870 456 939 turpiter
471 871 555 928 inseri
570 881 598 928 et
616 871 779 927 indecenter
796 869 934 940 coniungi.
972 873 1062 926 Erant
1079 882 1173 926 autem
1190 871 1241 926 sub

76 948 218 1003 tabulatu
236 949 282 1004 illo
301 953 390 1006 multa
409 957 549 1025 superflua
567 955 698 1025 reposita,
717 964 745 1008 et
763 952 897 1024 quicquid
915 952 1046 1008 veniebat
1065 954 1093 1008 in
1112 953 1242 1008 manibus

77 1032 239 1086 custodum
252 1032 290 1086 ibi
303 1036 508 1103 reponebatur:
527 1039 599 1094 ostio
612 1047 640 1092 et
659 1037 812 1108 parietibus
828 1036 924 1090 ferreis
940 1034 1131 1090 existentibus.
1168 1037 1240 1090 Cum

78 1129 156 1183 ergo
177 1115 330 1171 dormirent
349 1119 479 1174 custodes
496 1131 578 1176 nocte
592 1119 786 1175 translacionis
803 1127 900 1172 sancte
919 1116 1110 1172 Etheldrede:
1131 1116 1239 1182 cecidit,

79 1208 112 1252 vt
123 1197 278 1264 credimus,
289 1215 354 1268 pars
367 1203 439 1256 cerei
453 1202 594 1258 coniuncti
607 1203 664 1258 iam
676 1201 815 1258 combusti
828 1217 911 1270 super
920 1199 1074 1271 predictum
1085 1200 1240 1254 tabulatum
1257 1218 1286 1252 ιο

79 1279 191 1349 pannis
210 1291 346 1350 opertum,
364 1293 392 1338 et
411 1285 485 1355 cepit
501 1284 597 1340 omnia
614 1285 744 1356 proxima
761 1300 816 1354 que
833 1299 916 1353 supra
934 1292 962 1338 et
979 1282 1077 1338 subtus
1096 1293 1175 1337 erant
1195 1299 1240 1336 ac·

80 1362 218 1430 cendone,
244 1363 284 1419 ita
304 1365 381 1435 quod
405 1367 524 1436 parietes
548 1367 651 1422 lerrei²
673 1368 739 1436 igne
761 1366 968 1421 candescerent.
1012 1366 1050 1419 Et
1075 1380 1141 1419 ecce
1165 1365 1241 1418 furor

81 1445 206 1515 domini,
219 1457 261 1502 set
274 1463 331 1501 non
343 1449 404 1502 sine
421 1449 621 1504 misericordia.
657 1449 767 1504 Eadem
786 1449 860 1502 enim
879 1448 949 1502 hora
966 1446 1067 1502 cecidit
1084 1447 1240 1516 orologium

81 1537 156 1583 ante
176 1529 276 1583 horam
294 1531 512 1588 matutinarum:
533 1548 707 1602 surgensque
720 1530 855 1600 magister
867 1529 1000 1597 vestiarii,
1014 1530 1066 1585 bec
1083 1529 1241 1600 percipiens

82 1623 113 1666 et
127 1611 251 1678 intuens,
264 1613 383 1667 cucurrit
395 1629 479 1684 quam
498 1614 588 1670 tocius
606 1624 634 1669 et
652 1630 785 1684 percussa
801 1613 897 1667 tabula
910 1621 1046 1682 tanquam
1058 1629 1109 1682 pro
1120 1620 1239 1677 mortuo,
1257 1630 1284 1680 ¹5

83 1694 203 1750 sublimi
216 1711 284 1750 voce
297 1696 427 1750 clamauit
440 1695 554 1752 dicens:
575 1698 614 1751 ‘F
616 1706 736 1752 eretrum
749 1704 793 1749 est
806 1694 1000 1749 combustum.’
1033 1695 1145 1748 Fratres
1158 1693 1240 1762 igitur

83 1787 277 1846 accurrentes,
290 1777 433 1833 flammam
447 1778 613 1834 inuenerunt
632 1775 832 1834 incredibiliter
849 1775 1010 1843 seuientem,
1024 1785 1052 1830 et
1066 1785 1155 1830 totum
1167 1776 1239 1830 iere·

83 1870 163 1914 trum
176 1860 394 1930 amplectentem
406 1871 433 1916 et
446 1878 505 1916 non
516 1863 600 1931 longe
618 1878 637 1916 a
652 1860 778 1916 trabibus
796 1859 1002 1914 ascendentem.
1040 1860 1159 1913 quenes
1171 1873 1239 1927 ergo

85 1953 205 2014 propter
229 1960 331 2014 aquam
355 1953 498 1999 currentes
518 1943 635 2016 quidam
659 1943 697 1998 ad
721 1951 846 2012 puteum,
864 1940 980 2011 quidam
999 1939 1036 1995 ad
1055 1939 1238 2008 horologium,

86 2026 205 2096 quidam
217 2025 332 2080 cucullis
350 2025 408 2080 suis
426 2025 563 2096 impeturn
583 2025 656 2095 ignis
672 2041 737 2080 cum
753 2040 858 2092 magna
873 2022 1036 2077 difficultate
1055 2022 1238 2088 extinxerunt,
1254 2043 1284 2078 20

86 2119 116 2164 et
136 2107 296 2163 sanctuaria
316 2108 440 2178 quedam
458 2108 534 2179 prius
554 2103 752 2178 diripuerunt⁸.
790 2107 919 2175 Cumque
940 2103 1041 2173 frigida
1060 2121 1133 2175 aqua
1155 2119 1240 2173 super

85 2192 211 2246 frontem
240 2190 333 2245 feretri
363 2191 532 2258 funderetur,
563 2190 723 2245 ceciderunt
747 2185 886 2259 preciosi*
912 2187 1019 2257 lapides
1045 2197 1074 2241 et
1101 2186 1180 2257 quasi
1208 2185 1237 2239 in

86 2273 232 2343 puluerem
243 2272 349 2328 redacti
358 2283 431 2327 sunt.
463 2273 543 2329 Claui
556 2283 650 2328 autem
662 2273 763 2344 quibus
771 2271 875 2326 lamine
887 2279 1019 2340 argentee
1029 2270 1239 2339 configebantur

86 2357 199 2421 feretro,
212 2354 361 2410 exiliebant
378 2373 395 2410 a
413 2355 489 2426 ligno
503 2357 600 2411 subtus
613 2357 759 2411 combusto
771 2355 809 2409 ad
829 2352 1038 2424 spissitudinem
1050 2352 1130 2407 vuius
1148 2351 1237 2422 digiti,

88 2449 118 2492 et
131 2437 294 2507 pendebant
308 2435 437 2508 [lamine]
452 2438 512 2494 sine
525 2439 614 2494 clauis
626 2455 682 2494 vna
695 2455 729 2492 ex
741 2439 836 2492 altera.
871 2438 966 2490 Aurea
978 2437 1092 2506 quidem
1104 2435 1239 2490 maiestas
1254 2456 1283 2506 ²5

89 2521 118 2575 in
137 2520 227 2575 lronte
243 2519 337 2575 feretri
356 2537 420 2575 cum
437 2521 606 2591 quibusdam
625 2519 764 2591 lapidibus
783 2519 916 2574 remansit
935 2521 1015 2574 firma
1033 2529 1061 2574 et
1080 2519 1194 2587 intacta,
1211 2527 1239 2573 et

89 2602 211 2674 pulcrior
227 2612 292 2672 post
310 2603 405 2672 ignem
424 2619 510 2673 quam
528 2614 620 2671 antea,
633 2603 700 2675 quia
717 2612 778 2658 tota
796 2619 881 2658 aurea
899 2602 959 2656 luit.
996 2601 1119 2671 Contigit
1139 2601 1239 2667 eciam,

90 2687 199 2741 volente
212 2685 274 2750 deo,
287 2694 354 2740 tunc
366 2684 499 2755 temporis
512 2702 643 2755 magnam
664 2685 774 2740 trabem
792 2701 846 2756 que
863 2685 971 2740 solebat
986 2701 1049 2738 esse
1066 2685 1137 2738 vltra
1152 2685 1239 2739 altare

91 2768 228 2823 sublatam
249 2765 346 2837 [esse],
365 2777 395 2821 ut
413 2785 488 2822 noua
507 2770 648 2839 sculptura
666 2778 850 2838 repararetur.
896 2766 1023 2836 Contigit
1038 2777 1066 2821 et
1082 2783 1192 2820 crucem
1211 2775 1239 2820 et

93 2851 212 2905 Mariam
222 2860 250 2905 et
260 2850 458 2918 lohannem‚et
466 2851 588 2906 loculum
595 2867 658 2906 cum
668 2849 783 2906 camisia
791 2848 879 2904 sancti
886 2847 1031 2904 Edmundi
1040 2859 1068 2906 et
1076 2847 1238 2918 philacteria
1252 2871 1284 2920 30

92 2949 155 2988 cum
167 2932 297 3003 reliquiis,
305 2949 360 3004 que
368 2934 405 2987 ab
413 2933 513 2988 eadem
525 2935 605 2989 trabe
617 2933 740 3005 pendere
753 2932 890 2998 solebant,
903 2941 931 2986 et
943 2932 999 2986 alia
1011 2930 1169 2986 sanctuaria
1182 2945 1236 3001 que

93 3032 174 3085 super
190 3016 301 3069 trabem
317 3024 460 3084 steterant,
474 3015 570 3070 omnia
588 3015 666 3086 prius
682 3033 744 3070 esse
761 3014 886 3070 sublata:
904 3013 1038 3084 allioquin
1055 3011 1151 3067 omnia
1163 3029 1238 3067 eom·

92 3099 171 3153 busta
188 3107 292 3166 essent,
310 3107 339 3151 vt
360 3098 509 3165 credimus,
528 3099 601 3154 sicut
616 3116 727 3169 pannus
745 3097 873 3168 depictus
890 3097 1052 3152 combustus
1068 3095 1120 3149 fuit
1139 3094 1186 3164 qui
1206 3094 1234 3148 in

94 3180 152 3235 loco
170 3180 256 3234 trabis
268 3180 419 3250 pendebat.
457 3181 506 3236 Set
523 3181 589 3251 quid
610 3182 689 3236 fieret
704 3181 728 3236 si
747 3178 865 3236 ecclesia
881 3189 948 3234 tunc
966 3177 1105 3234 cortinata
1121 3176 1236 3232 luisset!

96 3264 163 3318 Cum
174 3278 241 3330 ergo
258 3263 347 3316 securi
365 3279 490 3318 essemus
507 3262 582 3334 quod
600 3263 674 3333 ignis
691 3263 719 3318 in
736 3263 813 3317 nullo
830 3263 892 3316 loco
909 3261 1074 3332 perforasset
1089 3259 1237 3316 feretrum:
1252 3276 1282 3325 35

95 3345 175 3400 rimas
199 3354 227 3400 et
252 3343 388 3399 foramina
407 3345 430 3400 si
452 3362 508 3416 qua
528 3355 622 3400 essent
646 3345 831 3400 attentissime
856 3343 1065 3414 inuestigantes,
1089 3352 1118 3398 et
1142 3342 1238 3398 omnia

94 3427 190 3496 frigida
207 3443 269 3481 esse
286 3427 481 3497 percipientes,
505 3428 646 3498 mitigatus
663 3438 707 3483 est
725 3429 752 3482 in
769 3437 848 3498 parte
867 3428 947 3482 dolor
965 3436 1067 3482 noster.
1106 3429 1154 3483 Set
1172 3443 1238 3481 ecce

95 3510 278 3565 clamauerunt
302 3508 417 3580 quidam
441 3527 476 3565 ex
499 3511 630 3566 iratribus
655 3527 719 3565 cum
744 3527 846 3580 magno
870 3511 982 3579 eiulatu,
1007 3511 1123 3580 ciphum
1147 3509 1237 3564 sancti

96 3591 231 3647 Edmundi
242 3607 305 3646 esse
312 3593 498 3647 combustum.
527 3595 654 3663 Cumque
667 3594 760 3663 plures
772 3592 839 3647 hinc
851 3601 879 3647 et
892 3592 957 3648 inde
969 3603 1116 3665 quererent
1128 3593 1237 3662 lapides

95 3684 121 3730 et
133 3674 246 3729 bminas
259 3673 331 3728 inter
343 3676 478 3730 carbones
490 3685 518 3730 et
532 3675 654 3732 cineres:
673 3685 848 3731 extraxerunt
864 3676 978 3746 ciphum
992 3675 1106 3730 omnino
1119 3675 1237 3730 inuiola·
1249 3694 1283 3744 40

96 3767 159 3824 tunt,
170 3756 307 3811 iacentem
320 3757 349 3811 in
369 3757 462 3812 medio
479 3775 646 3829 magnorum
665 3759 820 3814 carbonum
840 3759 887 3829 qui
903 3758 961 3813 iam
980 3757 1093 3813 extincti
1106 3767 1193 3826 erant,
1210 3767 1238 3812 et

97 3839 254 3895 inuenerunt
265 3839 386 3895 eundern
399 3839 514 3911 ciphum
527 3841 682 3896 inuolutum
695 3842 724 3896 in
736 3858 830 3911 panno
846 3839 921 3895 lineo
933 3849 976 3896 set
990 3839 1144 3904 semiusto;
1163 3839 1237 3909 pixis

97 3938 156 3977 vero
165 3921 297 3992 quercina
307 3922 335 3976 in
345 3939 401 3994 qua
408 3922 508 3993 ciphus
516 3923 552 3978 de
561 3940 640 3978 more
649 3925 812 3994 ponebatur,
823 3923 968 3977 combusta
976 3932 1036 3977 erat
1046 3922 1074 3976 in
1084 3922 1238 3992 puluerem,

97 4015 122 4060 et
134 4005 187 4059 sole
199 4003 317 4074 ligature
328 4005 417 4060 ferree
432 4015 460 4060 et
474 4022 537 4061 sera
548 4006 638 4062 terrea
654 4005 768 4061 inuento
784 4013 858 4060 sunt.
894 4004 965 4060 Viso
983 4003 1076 4075 itaque
1093 4003 1236 4072 miraculo,

98 4103 186 4142 omnes
199 4085 335 4142 lacrimati
349 4104 444 4143 sumus
457 4105 507 4159 pre
519 4088 630 4158 gaudio.
669 4088 809 4144 Maiorem
826 4103 894 4156 ergo
910 4095 1020 4156 partem
1031 4085 1131 4141 frontis
1142 4086 1235 4141 feretri
1248 4097 1279 4147 45

115 493 179 548 Ex
189 498 308 552 crom'cis
318 497 438 554 Ioceb'ni
444 495 462 554 ¹.

127 4262 136 4292 ¹
150 4260 185 4312 Cf.
197 4261 252 4326 Joc.
263 4261 295 4314 de
306 4261 448 4313 Brnkelond
459 4263 553 4316 Chron.
566 4281 591 4330 p.
604 4265 643 4328 78.
782 4260 792 4290 ¹
808 4260 863 4311 MS.
875 4259 941 4311 lerri.
1041 4217 1045 4227 ¹
1075 4259 1085 4289 ⁸
1103 4259 1157 4311 MS.
1170 4259 1237 4310 diru-

101 4335 201 4394 puerunt.
332 4329 341 4358 ⁴
357 4329 391 4379 al.
406 4345 456 4378 om.
