3044 4878
421 305 495 399 ὒε
519 301 682 394 &abac
708 305 899 406 bonotto.
1188 329 1234 402 37

83 505 176 579 inquit
201 516 389 564 memoratus
413 525 500 581 papa,
518 523 578 581 que
603 509 804 583 redemptoris
824 507 919 566 nostri
945 507 1151 567 misericordia
1169 507 1234 566 suis

83 593 204 652 larnulis
224 595 366 668 dignatur
379 596 527 652 bonorum
547 613 673 653 munera
691 613 864 669 prerogare,
877 596 950 652 illud
963 596 1052 652 etiam
1066 596 1233 653 elementer

81 681 185 738 collata
193 699 251 738 sue
261 682 381 756 pietatis
390 682 594 740 munificentia
603 684 714 753 tribuit,
722 684 861 757 quotiens
870 701 927 757 per
936 683 1235 740 fraternosahectus¹

79 769 274 825 mammam·
285 769 475 827 dilectionem
488 772 617 844 quadam
634 772 884 845 contemplatione
903 771 1046 829 alternis³
1061 769 1233 844 aspectibus

81 865 281 928 representat.
320 857 379 914 Pro
392 858 501 931 quibus
521 858 668 916 maiestati
683 859 749 915 eius
763 859 875 931 gratias
892 859 1099 916 indesinenter
1111 857 1261 931 ex[s]ol-5

79 941 187 1011 umus,
201 961 334 1018 eumque
347 945 424 1002 votis
437 945 623 1019 supplicibus
638 962 799 1002 exoramus
811 954 843 1002 vt
855 955 986 1003 vestram
999 945 1189 1003 dilectionem
1202 944 1233 1002 in

80 1030 286 1102 predicatione
308 1033 455 1105 euangelii
474 1033 678 1090 elaborantem
701 1042 730 1089 et
749 1032 986 1101 fructificantem,
1007 1042 1234 1105 sectantemque

80 1117 215 1190 magistri
243 1129 274 1176 et
299 1119 406 1194 capitis
429 1120 476 1177 sui
502 1122 598 1179 sancti
617 1120 754 1194 Gregorii
775 1121 919 1194 regulam,
938 1120 1056 1194 perpeti
1075 1119 1234 1176 stabilitate

80 1205 238 1263 confirmet
254 1215 285 1264 et
302 1208 340 1262 ad
358 1217 552 1280 augmentum
569 1208 697 1265 ecclesie
712 1225 767 1264 sue
785 1208 902 1280 potiora
923 1225 979 1280 per
998 1208 1090 1264 suos*
1109 1207 1233 1263 suscitet

79 1290 281 1364 incrementa;
292 1303 323 1352 vt
333 1293 393 1351 ilde
404 1304 434 1352 et
443 1313 546 1368 opere,
554 1295 585 1352 in
593 1296 700 1352 timore
709 1296 758 1352 dei
769 1305 798 1352 et
808 1296 960 1364 charitate,
967 1303 1070 1351 vestra
1077 1293 1233 1367 acquisitio
1248 1311 1279 1352 10

79 1378 336 1455 decessorumque
348 1389 527 1454 vestrorum,
546 1400 605 1456 que
625 1399 681 1456 per
702 1381 816 1440 domini
837 1381 974 1455 Gregorii
991 1382 1148 1439 exordium
1167 1382 1233 1455 pul·

80 1465 176 1535 lulat',
202 1470 445 1526 conualescendo
468 1471 599 1543 amplius
623 1471 885 1527 extendatur...'
923 1457 997 1526 Tali
1020 1469 1121 1542 itaque
1144 1469 1233 1524 huius

80 1556 172 1611 sancti
185 1573 268 1628 pape
281 1555 384 1613 fauore
392 1574 426 1612 ac
439 1558 609 1614 testimonio
622 1558 733 1630 liquide
743 1565 825 1630 patet
835 1557 915 1614 hunc
927 1559 1048 1614 beatum
1063 1556 1232 1612 Honorium

80 1644 261 1714 gregoriane
282 1643 477 1701 institutionis
501 1646 690 1719 discipulum,
709 1645 766 1701 hoc
788 1654 834 1701 est
854 1645 1015 1718 apostolice
1034 1644 1095 1702 vite
1113 1653 1143 1701 et
1163 1661 1233 1717 per-

80 1729 215 1788 sectionis
234 1729 363 1804 dignum
381 1731 475 1789 fuisse
494 1733 639 1790 emulum.
678 1733 741 1790 Nec
758 1733 832 1789 illud
846 1732 937 1790 etiam
949 1749 1044 1806 parue
1056 1731 1150 1805 glorie
1163 1747 1232 1805 pre·
1248 1749 1258 1784 ι
1263 1749 1277 1798 5

82 1817 199 1874 conium
219 1820 362 1891 estquod
381 1835 437 1891 per
455 1829 593 1877 sanctum
611 1820 752 1890 Felicem,
765 1838 784 1877 a
799 1837 833 1877 se
849 1820 1020 1876 ordinatum
1034 1819 1232 1876 Orientalium

81 1905 252 1977 Anglorum
273 1906 437 1978 presulem,
457 1907 541 1964 illam
561 1924 681 1981 quoque
706 1909 744 1963 ad
762 1907 916 1965 Christum
935 1906 1082 1964 conuertit
1101 1915 1232 1978 gentem.

83 1991 172 2048 Beato
184 2010 261 2050 vero
272 1993 372 2051 Felice
383 2004 510 2065 mortuo,
523 1995 589 2052 loco
598 1997 663 2051 eius
676 1995 826 2052 ordinauit
833 1994 982 2050 Thomam
991 1994 1149 2050 diaconum
1159 1993 1233 2062 eius,

82 2079 118 2135 de
130 2080 287 2152 prouincia
297 2080 487 2139 Girwiorum.
562 2070 638 2139 Hiis
649 2083 836 2156 temporibus
845 2082 972 2138 turbatis
980 2082 1071 2138 rebus
1083 2080 1233 2136 Northan·

84 2166 289 2234 humbrorum,
314 2178 473 2242 perempto
506 2187 577 2242 rege
604 2169 741 2238 Edwino,
769 2171 875 2226 beatus
901 2168 1053 2235 Paulinus,
1078 2177 1279 2241 assumptam

84 2269 183 2311 secum
210 2255 397 2328 Ethelburga
421 2256 534 2329 regina,
559 2257 646 2314 rediit
666 2256 810 2314 Canciam
836 2255 964 2328 nauigio,
990 2264 1080 2328 atque
1104 2272 1122 2310 a
1146 2255 1234 2312 beato

86 2339 220 2398 Honorio
240 2343 407 2400 honorifice
424 2353 585 2417 susceptus
602 2353 658 2402 est.
698 2345 767 2401 Rex
787 2362 860 2402 vero
881 2344 1034 2400 Edbaldus
1059 2343 1154 2399 sorori
1179 2359 1233 2400 sue

85 2427 267 2504 Ethelburge
289 2431 372 2488 dedit
384 2430 487 2488 villam
502 2431 696 2506 Limming[e]
720 2434 914 2502 nominatam,
931 2430 961 2487 in
979 2448 1039 2504 qua
1051 2429 1117 2503 ipsa
1129 2447 1233 2486 mona-

84 2517 205 2573 sterium
230 2519 409 2586 construxit,
431 2529 461 2575 et
481 2534 499 2576 a
518 2521 605 2577 beato
624 2519 760 2577 Honorio
771 2519 922 2578 velamine
942 2527 1124 2586 consecrata,
1137 2527 1234 2575 mater

86 2603 282 2674 plurimarum
302 2603 453 2678 virginum
478 2615 508 2663 et
526 2607 685 2664 viduamm
709 2607 786 2664 iacta
810 2617 865 2664 est.
911 2607 978 2676 Que
1003 2614 1073 2678 post
1093 2605 1153 2662 vite
1177 2622 1232 2662 sue
1248 2623 1278 2676 ²5

86 2691 192 2748 obitum
206 2693 327 2766 sepulta
344 2701 391 2749 est
409 2693 449 2749 ibi
469 2693 568 2751 idibus
580 2695 759 2752 decembris.
797 2694 955 2751 Paulinum
968 2711 1039 2750 vero
1057 2692 1233 2766 episcopum

87 2779 245 2840 roffensem
266 2780 426 2850 constituit,
441 2780 491 2853 qui
507 2782 618 2838 ibidem
637 2781 730 2839 finem
743 2783 803 2838 vite
816 2781 898 2838 dedit
906 2781 925 2838 ⁸.
963 2781 1013 2838 Sic
1036 2779 1151 2853 [ergo]⁷
1170 2780 1232 2836 dux

88 2875 226 2925 strenuus
252 2885 288 2926 ac
313 2868 440 2941 peruigil
464 2869 616 2928 dominice
644 2869 763 2938 milicie,
787 2869 853 2926 aliis
877 2869 959 2925 velut
986 2867 1017 2924 in
1043 2869 1106 2923 acie
1132 2866 1234 2922 diuina

88 2954 258 3013 cadentibus
280 2955 353 3012 alios
376 2957 540 3029 subrogare
565 2958 707 3027 certabat,
730 2975 769 3014 ne
788 2957 901 3015 scilicet
930 2955 1022 3012 seu0⁸
1044 2954 1123 3010 hosti
1149 2955 1233 3010 locus

90 3040 272 3116 inumpendi
285 3053 410 3116 pateret,
424 3061 463 3102 ne
476 3044 524 3101 leo
537 3045 661 3118 rugiens
675 3053 704 3103 et
719 3061 851 3118 querens
864 3061 954 3116 quem
967 3044 1099 3110 deuoret,
1109 3057 1233 3114 gregem
1248 3061 1280 3111 30

89 3129 196 3186 domini
221 3131 289 3188 sine
317 3129 478 3189 defensore
507 3131 665 3189 inuentum
689 3140 829 3189 vastaret.
868 3131 936 3187 Non
967 3131 1064 3187 solum
1090 3129 1234 3201 [autem]⁸

88 3215 244 3287 altioribus,
258 3235 366 3276 verunt
388 3219 479 3276 etiam
498 3219 689 3278 inferioribus
711 3219 854 3277 custodiis
873 3218 1067 3275 ecclesiarum
1087 3216 1185 3274 fidelis
1204 3226 1234 3274 et

90 3305 220 3375 prudens
244 3307 440 3379 dispensator
470 3307 582 3364 domini
613 3308 823 3382 prospiciebat,
847 3315 878 3363 et
908 3305 1008 3362 omnia
1037 3313 1070 3362 vt
1098 3305 1232 3361 omnium

90 3391 217 3474 solicitus
239 3396 431 3468 procurabat.
480 3395 645 3452 Ordinabat
670 3395 827 3468 parochias
835 3395 856 3426 ¹⁰
878 3401 909 3452 et
933 3402 1032 3450 cetera
1057 3392 1232 3449 clericorum

88 3478 190 3551 officia,
202 3483 319 3539 docens
332 3499 440 3540 omnes
448 3491 482 3540 vt
493 3483 523 3539 in
535 3483 674 3540 omnibus
687 3499 720 3540 se
731 3484 909 3540 exhiberent
921 3483 997 3538 sicut
1009 3480 1057 3538 dei
1071 3481 1232 3549 ministros,
1247 3501 1278 3552 35
1310 3543 1313 3550 ¹

89 3577 117 3622 et
128 3567 247 3640 plebem
260 3569 310 3627 dei
322 3579 384 3626 tam
395 3569 541 3628 suauitate
554 3579 584 3628 et
596 3570 738 3644 patientia
748 3570 902 3627 erudirent
915 3586 1004 3643 quam
1014 3568 1157 3636 doctrina,
1172 3577 1233 3624 tam

91 3654 136 3725 pie
148 3656 389 3716 conuersationis
408 3659 548 3732 exemplo
566 3658 748 3716 illustrarent
761 3675 851 3730 quam
870 3657 1076 3714 exhortatione
1088 3665 1213 3728 patema
1225 3675 1233 3725 ;

89 3746 223 3814 quatinus
235 3755 268 3802 et
288 3745 443 3802 christiani
459 3746 556 3803 adhuc
569 3748 661 3803 tudes
673 3749 703 3802 in
718 3745 786 3816 fide,
800 3755 829 3802 et
842 3755 949 3818 gentes
961 3745 1057 3802 adhuc
1071 3743 1233 3811 incredule,

88 3830 176 3888 diuini
188 3833 302 3890 amoris
315 3832 536 3890 attraherentur
548 3833 715 3903 dulcedine,
728 3851 818 3906 quant
831 3833 955 3890 terroris
964 3829 1143 3890 austeritate.
1182 3830 1233 3887 Sic

90 3919 166 3976 enim
178 3923 254 3978 deus
268 3929 406 3978 sanctum
420 3921 590 3978 Honorium
603 3922 663 3978 fide
678 3921 848 3994 purissima,
860 3921 1087 3977 conuersatione
1103 3917 1232 3988 amabili,
1246 3931 1280 3980 4ο

90 4006 179 4079 signis
190 4018 221 4066 et
230 4007 393 4066 virtutibus
406 4008 508 4066 multis
520 4009 550 4064 in
564 4009 654 4066 terris
666 4007 817 4077 ditauitvt
831 4017 973 4081 tanquam
987 4007 1108 4063 lucerna
1121 4006 1232 4062 ardens

91 4103 119 4150 ct
130 4095 232 4154 lucens
245 4095 315 4152 huic
329 4112 423 4168 regno
433 4095 625 4169 effulserit,vt
638 4113 758 4154 errores
772 4097 883 4153 multos
895 4095 1094 4152 hereticorum
1108 4109 1233 4150 euacua·

120 4232 175 4284 ιαἱ.
189 4235 287 4286 effatus.
342 4233 397 4286 ’Β
411 4235 563 4286 unanimem.
614 4234 669 4285 ¹13.
682 4235 795 4286 alterius.
848 4235 939 4284 ‘Bed
953 4249 1008 4284 vos.
1063 4233 1117 4283 ιΤ.
1129 4233 1234 4295 pululat.

90 4297 229 4352 ‘addrln
239 4301 404 4352 cuiuslocum
416 4302 487 4352 lion.
497 4301 625 4352 ordinauit
634 4301 752 4351 ithamar.
822 4299 876 4351 ⁷¹1⁸.
887 4299 1006 4362 ergo;E.
1015 4299 1100 4361 igitur.
1175 4299 1231 4350 ’Β

92 4377 157 4415 scae.
221 4367 330 4432 ’soT.,
344 4383 392 4418 om.
407 4368 434 4417 in
447 4367 476 4419 F.
544 4366 563 4397 ι’
579 4367 608 4417 Τ.
621 4369 769 4432 parrochias
776 4383 783 4430 ;
801 4366 832 4418 G.
844 4367 1034 4430 parrochianos
