3008 4904
248 247 318 320 232
559 225 690 312 muto
714 220 904 324 mamm
929 221 1081 324 amito.

246 423 358 496 au)tern
371 422 518 480 clamabat
535 423 565 481 in
584 441 654 480 aere
670 421 792 480 dicens:
813 422 869 494 ί(Ο
882 422 1028 479 uiolencia
1046 421 1148 496 quam)
1165 423 1269 496 pacior
1284 423 1324 480 ab
1340 424 1406 482 hoc

247 529 321 568 sene
339 512 507 586 decrepito!
531 510 582 584 (Ο)
602 521 742 568 senectus
761 510 855 567 mala!
879 527 940 567 non
959 511 1012 566 tibi
1030 510 1195 568 sufficiebat
1215 511 1407 584 Heliolpolis

246 598 352 656 ciuitas
370 616 429 672 que
449 597 611 671 quomdam
631 615 698 654 mea
719 597 836 655 suerat?
876 597 1064 668 Maledicltus
1081 598 1145 654 dies
1166 601 1196 654 in
1214 616 1275 671 quo
1294 600 1406 664 michi)

247 686 414 744 contrarius
439 695 526 742 natus
551 703 593 742 es.
632 685 761 741 Domina
786 689 868 756 (mea
891 683 1060 758 Margarita,
1081 685 1165 757 quid)
1187 686 1239 742 tibi
1264 704 1406 759 unquam

220 773 404 838 smaleseci?
440 773 561 844 (Nonne
583 781 613 829 te
632 772 781 846 lapidibus
802 771 962 845 procilosis
984 771 1098 842 ornaui,
1117 791 1189 830 auro
1211 783 1241 829 et
1260 775 1407 847 (argento

248 861 416 918 cumulauil
462 860 530 931 Dic)
557 859 647 917 michi
673 860 703 915 in
728 877 788 941 quo
812 869 842 916 te
867 860 1061 930 contristanti,
1085 869 1115 917 et
1139 861 1191 917 tibi
1216 860 1371 918 satisfacio
1382 867 1406 930 ς)

248 958 364 1006 tantum
386 966 425 1006 ne
449 965 498 1006 me
520 949 653 1018 deseras,
673 965 711 1004 ne
738 947 944 1021 (opprobrium
968 947 1152 1018 christianis)
1176 947 1308 1006 efficiar!
1347 949 1406 1005 llla

249 1045 349 1094 autem
372 1055 405 1094 se
427 1035 568 1109 (signauit
588 1044 618 1092 et
639 1034 669 1092 in
690 1034 854 1104 dia)bolum
876 1035 1055 1093 insufflauit:
1084 1045 1114 1092 et
1136 1037 1236 1093 statim
1256 1037 1406 1104 (euanuit
1495 1085 1496 1120 3

251 1124 307 1182 Die
326 1123 430 1193 tercia)
450 1124 633 1197 pauperibus
655 1122 772 1179 diuiciis
794 1123 856 1179 suis
879 1123 1045 1195 errolgatis
1064 1123 1180 1194 induto)
1199 1123 1293 1182 cilicio
1313 1136 1406 1180 noete
1495 1125 1496 1190 l

206 1211 324 1284 roiugit
343 1220 372 1268 et
397 1211 428 1268 in
450 1215 563 1282 (monte
587 1210 700 1280 oliueti)
726 1211 859 1267 habitum
885 1211 1032 1268 heremite
1054 1211 1215 1284 accipiens,
1237 1212 1279 1284 (in
1305 1229 1407 1285 paura

250 1300 325 1356 cella
347 1299 378 1355 in
400 1300 491 1355 multa
511 1297 709 1369 abstilnencia
728 1298 803 1354 uixit
825 1308 855 1355 et
877 1297 999 1355 fratrem
1021 1298 1173 1372 Pelagium
1195 1317 1228 1356 se
1250 1300 1406 1370 (uocauit).
1495 1301 1496 1308 ’

250 1387 386 1459 Cumque
409 1395 477 1460 post
502 1387 611 1443 multos
636 1403 733 1442 annos
759 1396 877 1443 mortua
900 1395 991 1456 esset,
1012 1386 1148 1443 aduocati
1170 1386 1310 1444 monachi
1332 1403 1405 1442 cum

251 1475 394 1548 episcopo
408 1473 653 1530 ierusalimorum
664 1473 816 1546 Pelagiam
827 1475 866 1530 de
875 1474 951 1530 cella
962 1475 1157 1531 extrahentes
1166 1483 1196 1530 et
1208 1475 1406 1547 sepelientes,

251 1560 394 1619 feminam
407 1562 595 1631 inuenerunt,
609 1571 639 1618 et
657 1561 748 1619 deum
762 1561 813 1634 qui
830 1561 940 1624 multos
953 1562 1055 1634 h‚a(bet
1072 1579 1179 1626 seruos
1196 1562 1405 1627 absconlditos

208 1663 237 1714 15
252 1648 494 1722 glorificabant¹.]
781 1639 783 1644 ¹

441 1859 465 1920 ti
486 1846 540 1920 DE
558 1875 676 1918 sancta
695 1844 823 1917 Osirim
842 1875 967 1918 viamus
986 1875 1024 1916 rr
1043 1857 1207 1916 naarras¹.

314 1971 388 2029 Eata
400 1971 508 2029 Ositha
520 1970 604 2045 virgo
623 1979 653 2027 et
669 1979 793 2044 martyr,
806 1987 845 2028 er
858 1971 1054 2029 nobilissimis
1067 1970 1236 2044 Anglorum
1253 1973 1406 2030 natalibus
1495 1945 1496 2008 Ῑ

348 2059 495 2132 originem
517 2057 608 2115 duxit.
646 2058 718 2115 Erat
742 2068 842 2115 autem
867 2059 929 2116 filia
951 2058 1143 2116 Frithewaldi
1166 2059 1257 2132 regis,
1278 2068 1310 2116 et
1331 2060 1406 2116 Wil·
1495 2109 1496 2114 ,

254 2147 360 2220 burge,
370 2147 431 2202 filie
451 2146 531 2219 regis
550 2145 654 2203 Pende
674 2145 864 2204 Merciorum.
901 2145 1062 2203 ⁸Traditur
1076 2155 1178 2203 autem
1194 2146 1281 2220 virgo
1298 2147 1407 2204 Ositha

253 2233 341 2290 bonis
364 2232 556 2290 informanda
577 2233 712 2290 moribus
735 2241 838 2290 sancte
860 2232 1043 2290 Modwenne
1062 2233 1221 2301 abbatisse,
1241 2251 1302 2307 que
1322 2236 1408 2292 iuxta

209 2337 241 2375 ao
256 2321 364 2379 siluam
383 2338 442 2394 que
462 2321 603 2377 Arderna
621 2320 730 2377 dicitur
747 2320 806 2377 duo
825 2330 1034 2378 construxerat
1052 2321 1243 2387 monasteria,
1260 2339 1357 2379 vnurn
1376 2323 1406 2378 in
1495 2345 1496 2348 ¹

254 2407 321 2465 loco
342 2409 393 2482 qui
420 2407 635 2468 Pollesworth⁴
657 2408 773 2477 dicitur,
792 2407 873 2464 aliud
894 2407 924 2464 in
944 2409 1100 2465 mansione
1124 2426 1184 2482 que
1206 2408 1408 2468 Sneneshal⁸

256 2504 452 2568 nuncupatur.
491 2495 609 2552 Horum
621 2494 749 2551 alterum
762 2495 819 2552 sibi
831 2495 921 2568 elegit
930 2495 1112 2552 orationibus
1121 2495 1244 2563 intenta,
1254 2497 1407 2571 reliquum

256 2583 405 2640 concessit
423 2584 510 2640 beate
530 2582 648 2652 Edithe,
665 2581 761 2638 sorori
785 2582 866 2655 regis
885 2582 1003 2654 Aliridi,
1020 2584 1059 2638 ob
1078 2583 1244 2641 sanctitatis
1263 2584 1406 2642 meritum

256 2669 314 2728 sibi
338 2670 523 2728 familiariter
544 2670 661 2738 dilecte,
680 2688 738 2742 que
761 2669 792 2725 in
812 2670 1042 2743 congregatione
1064 2679 1234 2727 sanctarum
1255 2671 1408 2744 virginum

211 2775 240 2825 ²5
257 2767 353 2815 mater
370 2767 400 2816 et
420 2765 521 2815 custos
541 2758 647 2814 effecta
668 2766 723 2814 est.
761 2757 840 2813 Huic
860 2757 1042 2830 aliquamdiu
1062 2757 1209 2815 herebat·
1230 2759 1409 2816 adolescen-

256 2845 318 2902 tula
329 2846 378 2903 dei
390 2845 498 2902 ancilla
510 2844 625 2914 Ositha,
638 2861 656 2901 a
668 2853 771 2902 sancta
785 2843 967 2901 Modwenna
980 2845 1172 2916 (abbatissa)⁷
1190 2844 1240 2917 [ei]
1254 2863 1411 2903 commen-

256 2933 335 2990 data
371 2933 447 2990 Cum
472 2932 572 3006 itaque
597 2932 724 2990 hiberno
747 2940 884 3004 tempore
909 2931 1094 3004 contingeret
1120 2933 1239 2989 beatam
1266 2933 1409 2990 Editham
1495 2957 1496 3008 q

256 3021 412 3078 cuiusdam
437 3019 548 3078 codicis
575 3018 753 3092 inspectioni
777 3036 894 3089 vacare,
918 3018 1065 3092 disposuit
1095 3029 1198 3076 sancte
1224 3019 1411 3078 Modwenne

257 3107 503 3180 com[m]unicare
516 3124 552 3163 ea
564 3124 623 3179 que
636 3106 756 3164 lectioni
764 3107 774 3136 ¹¹
783 3106 865 3163 vtilia
877 3106 909 3163 in
922 3125 959 3163 eo
969 3107 1147 3164 aduerterat
1184 3105 1294 3176 ‘Vade‚
1303 3107 1411 3181 inquit,

212 3211 244 3259 30
259 3196 374 3263 Ositha,
395 3204 425 3253 et
449 3194 534 3252 deser
555 3195 697 3252 volumen
722 3195 801 3252 istud
826 3195 863 3251 ad
888 3193 1040 3250 dominam
1065 3203 1096 3250 et
1120 3201 1247 3250 matrem
1272 3207 1410 3252 nostram

260 3283 489 3341 Modwennam:
509 3283 541 3339 in
558 3300 595 3338 eo
612 3282 689 3339 sorte
706 3281 826 3355 aliquod
842 3292 946 3339 sancte
963 3280 1222 3354 contemplationis
1240 3291 1271 3338 et
1289 3282 1411 3340 edifica·

290 3396 299 3426 ¹
316 3396 416 3446 Collect
428 3397 453 3445 iu
465 3397 510 3448 T.:

291 3465 355 3527 Aue
373 3483 447 3536 pater
463 3475 584 3537 gloriose,
602 3474 661 3538 [aue
678 3475 750 3523 sidus
767 3474 816 3522 iam
833 3472 949 3536 celeste]‚
961 3474 1087 3522 decorans
1101 3472 1222 3534 Odulphe
1236 3475 1334 3524 celum:
1352 3473 1412 3524 Nos
1495 3489 1496 3510 ³

258 3542 383 3656 ῧυϋὸτηα,
400 3541 489 3589 uisens
509 3542 619 3602 humum,
638 3555 692 3603 quo,
707 3540 815 3592 letemur
832 3540 1027 3601 triurnphantes,
1046 3547 1072 3588 te
1089 3547 1227 3602 patronum
1243 3549 1412 3591 uenerantes

283 3645 289 3659 .
333 3621 428 3668 repro.

295 3673 373 3736 Deus
389 3685 428 3735 cui
448 3684 538 3733 beatus
558 3683 694 3746 Odulphus
713 3681 847 3731 consessor
867 3689 926 3731 tuus
948 3682 983 3731 ita
1003 3681 1145 3731 sanctitatis
1165 3682 1250 3744 gracia
1273 3684 1413 3733 decoratus

260 3751 444 3816 complac(uit),
466 3758 494 3799 ut
512 3757 615 3798 tuorum
635 3749 794 3797 consorcium
814 3749 841 3796 in
861 3748 923 3796 celis
944 3756 1134 3809 promereretur
1152 3756 1307 3807 sanctorum,
1327 3749 1414 3798 tnbue

262 3818 329 3883 (MS.
347 3825 402 3875 tue)
420 3831 570 3879 quesumus,
591 3816 646 3863 eius
667 3814 815 3862 interuentu
835 3821 984 3876 perpetuam
1005 3814 1129 3876 consequi
1149 3813 1290 3877 let(itiam),
1307 3815 1414 3877 deposi-

260 3883 343 3935 cionis
354 3883 421 3932 diem
432 3881 581 3946 gratulando
592 3881 785 3943 celebra(ntes),
798 3895 852 3944 por.

293 3947 304 3978 ¹
321 3949 367 3998 Ed.
383 3949 409 3998 in
422 3949 513 3996 Surius
524 3947 585 4012 (and
596 3945 627 3996 A.
641 3945 689 3994 SS.
702 3944 768 3993 Boll.
782 3960 795 4008 7
808 3945 865 3994 Oct
881 3943 927 3993 111.
939 3960 963 4006 p.
977 3945 1054 4006 942);
1070 3944 1194 4005 abridged
1208 3944 1334 4006 probably
1345 3944 1413 3994 from

262 4016 307 4064 tbe
319 4016 369 4064 lost
382 4013 436 4062 Life
448 4014 483 4074 by
496 4013 536 4060 De
547 4011 624 4070 Vere,
637 4027 721 4059 canon
734 4011 764 4059 os
772 4011 811 4059 St.
825 4009 917 4072 Osyth‚
930 4010 1066 4059 described
1082 4011 1109 4058 in
1122 4010 1219 4058 Leland
1233 4009 1289 4058 ltin.
1302 4011 1355 4058 viii.
1366 4025 1412 4071 41,

262 4081 350 4129 which
367 4081 410 4128 lile
427 4094 513 4128 seems
531 4077 635 4126 derived
653 4076 718 4124 from
734 4078 789 4124 that
807 4076 833 4124 in
852 4075 906 4124 MS.
926 4075 1001 4124 Bodl.
1019 4077 1076 4136 285,
1091 4074 1108 4126 l.
1123 4089 1183 4134 1a13
1200 4076 1264 4124 with
1281 4075 1414 4125 additions

263 4146 328 4195 from
346 4145 469 4206 Geoffrey
487 4146 520 4193 de
539 4141 660 4191 Burton¹s
677 4141 737 4190 Vita
755 4142 920 4190 Modwenne.
954 4141 1019 4189 Two
1035 4141 1115 4189 saints
1132 4155 1204 4190 seem
1221 4149 1248 4188 to
1266 4142 1332 4190 have
1344 4143 1413 4190 been

263 4211 435 4261 consounded.
517 4209 527 4238 ⁸
544 4209 584 4258 Ex
595 4208 656 4257 Vita
669 4207 835 4257 Modwenne.
918 4205 928 4234 ⁴
945 4205 974 4256 E.
990 4206 1170 4268 pollesworch.
1242 4209 1253 4238 ⁵
1270 4205 1300 4256 E.
1312 4213 1414 4256 streue·

263 4277 327 4327 shal.
393 4275 403 4303 ⁶
420 4277 478 4324 Sur.
490 4275 599 4324 adhesit.
667 4270 743 4322 'om
755 4273 782 4321 in
794 4272 823 4323 T.
892 4272 901 4300 ⁸
918 4272 945 4321 S.
957 4271 1062 4335 legenti.
