3032 4882
408 298 672 403 pabtuto
697 300 894 408 tumltu
1162 317 1234 398 313

81 511 188 584 (beato)
203 511 214 546 ¹
226 511 364 576 Paulino,
378 510 520 584 suscepit
557 509 702 568 Edwinus
715 509 805 583 igitur
816 525 871 566 rex
883 524 952 565 cum
969 505 1067 581 gentis
1080 523 1135 563 sue
1147 513 1234 579 parte

80 615 187 672 magna
206 599 386 674 predicante
404 601 491 656 beato
511 599 635 656 Paulino
653 598 745 655 fidem
765 595 876 654 Christi
895 595 1027 669 suscepit
1047 611 1126 651 anno
1147 593 1233 666 regni

79 685 122 742 sui
134 687 310 758 undecimo,
323 697 354 745 et
371 686 583 744 incarnationis
602 685 751 743 dominice
770 684 991 743 sexcentesimo
1003 681 1147 740 vicesimo
1165 698 1234 754 sep·

78 773 159 843 timo,
172 777 213 832 ab
232 777 365 832 aduentu
377 791 451 832 vero
464 773 633 848 Anglorum
649 775 680 830 in
699 771 883 830 Britanniam
899 788 980 828 anno
998 769 1117 827 circiter
1133 777 1233 825 cente·

79 862 156 918 simo
174 862 392 936 octuagesimo.
433 862 467 919 In
486 861 621 919 Eboraco
633 877 706 919 vero
720 860 833 918 doctori
845 875 901 917 suo
915 857 1038 916 Paulino
1051 858 1156 915 sedem
1169 855 1232 930 epi·
1247 863 1261 913 5

78 959 225 1022 scopahrs
237 949 367 1018 donauit,
381 949 538 1007 ecclesiam
557 949 589 1006 in
608 950 722 1006 honore
738 947 817 1006 beati
835 945 916 1004 Petri
934 945 1061 1020 apostoli
1076 946 1115 1001 de
1133 943 1234 1017 lapide

78 1037 223 1094 edificare
242 1038 340 1110 cepit;
363 1038 425 1107 sed,
446 1037 622 1110 priusquam
641 1043 910 1103 consummaretur,
928 1033 1046 1091 occisus
1064 1041 1111 1089 est
1119 1031 1137 1102 ¹,
1156 1045 1234 1105 opus

78 1125 252 1182 successori
265 1143 320 1182 suo
333 1125 476 1182 Oswaldo
489 1125 707 1198 perficiendum
720 1123 846 1196 reliquit.
878 1121 1020 1179 Paulinus
1032 1129 1132 1177 autern
1145 1137 1184 1176 ex
1197 1135 1234 1175 eo

78 1221 221 1286 tempore
230 1229 287 1270 sex
297 1215 385 1270 annis
395 1211 552 1284 continuis,
562 1229 658 1286 vsque
671 1213 709 1268 ad
719 1221 848 1268 mortem
858 1209 996 1266 videlicet
1006 1208 1096 1282 regis,
1105 1209 1233 1265 verbum

79 1301 138 1369 dei,
156 1309 314 1357 annuente
332 1318 367 1358 ac
386 1301 506 1358 fauente
524 1302 632 1359 eodem
651 1317 732 1374 rege,
751 1299 781 1357 in
801 1299 850 1356 illa
867 1297 1023 1373 prouincia
1041 1296 1280 1370 predicabat;10

79 1389 307 1462 credebantque
324 1397 355 1446 et
373 1389 598 1462 baptizabantur
613 1396 758 1462 quotquot
777 1397 863 1445 erant
882 1385 1067 1460 preordinati
1085 1385 1124 1441 ad
1142 1384 1234 1441 vitam

80 1487 230 1534 eternam.
254 1475 370 1534 Tantus
382 1485 483 1534 autem
496 1477 591 1534 fertur
601 1485 673 1534 tunc
686 1475 778 1533 fuisse
789 1475 892 1533 feruor
903 1474 973 1532 fidei
986 1471 1039 1530 ac¹
1049 1471 1232 1530 desiderium

79 1563 215 1622 lauachri
244 1565 383 1622 salutaris
405 1564 488 1639 genti
520 1565 865 1633 Northanhumbrorum,
886 1571 918 1620 vt
942 1562 1073 1635 quodam
1096 1568 1234 1632 tempore

81 1651 230 1708 Paulinus
241 1651 369 1709 veniens
382 1670 450 1709 cum
464 1671 536 1726 rege
553 1661 583 1710 et
599 1653 704 1726 regina
716 1654 747 1708 in
760 1651 860 1708 villam
874 1649 987 1724 regiam
1001 1666 1059 1722 que
1071 1649 1234 1705 vocabatur

80 1739 243 1812 Adgebrin
254 1738 273 1809 ¹,
285 1739 406 1812 triginta
423 1757 479 1798 sex
494 1741 602 1798 diebus
618 1740 730 1798 ibidem
742 1756 811 1797 cum
829 1739 874 1796 eis
889 1736 1094 1795 cathezizandi
1113 1744 1143 1792 et
1160 1735 1233 1807 bap·
1250 1750 1279 1801 ¹5

81 1824 195 1883 tizandi
209 1825 308 1883 officio
320 1828 439 1884 deditus
450 1837 626 1897 moraretur,
634 1827 753 1902 illisque
763 1828 869 1884 diebus
882 1823 997 1883 cunctis
1009 1842 1028 1881 a
1040 1841 1129 1880 mane
1138 1838 1234 1894 vsque

80 1915 118 1970 ad
137 1931 302 1987 vesperam
323 1914 397 1971 nihil
417 1915 497 1972 aliud
519 1925 622 1989 ageret
640 1933 731 1990 quam
750 1915 954 1973 confluentem
972 1911 1041 1969 illuc
1060 1912 1099 1967 de
1117 1909 1233 1966 cunctis

80 2001 189 2060 victilis
211 2018 247 2058 ac
268 2001 343 2059 locis
365 2003 486 2076 plebem
512 2003 625 2062 Christi
647 2005 742 2062 verbo
766 2003 871 2061 salutis
895 2002 1054 2070 instruere,
1074 2007 1164 2071 atque
1188 1996 1234 2053 in·

81 2099 231 2147 stmctam
252 2089 283 2146 in
301 2089 393 2148 fluuio
413 2091 529 2164 Gleni⁸,
547 2097 598 2166 qul
618 2092 776 2166 proximus
794 2099 867 2160 erat,
886 2088 1027 2146 lauachro
1046 2085 1234 2143 remissionis

81 2179 215 2236 abluere.
253 2177 320 2235 Hec
332 2179 402 2236 villa
419 2189 556 2254 tempore
575 2181 766 2253 sequentium
785 2195 892 2253 regum
912 2179 1040 2244 deserta,
1053 2184 1083 2231 et
1101 2173 1159 2230 alia
1177 2189 1233 2246 pro
1250 2191 1281 2228 ιο

82 2266 131 2322 illa
146 2275 196 2324 est
215 2265 293 2324 facta
307 2267 339 2322 in
354 2267 419 2324 loco
432 2268 483 2341 qui
495 2277 619 2325 vocatur
639 2268 784 2326 Melmin:
804 2277 835 2325 et
853 2266 943 2324 estin
957 2263 1111 2339 prouincia
1129 2261 1235 2318 berni·

82 2356 209 2410 ciorum.
247 2353 310 2412 Sed
323 2363 354 2411 et
369 2357 401 2411 in
413 2356 569 2429 prouincia
582 2355 750 2424 Deirorum,
763 2355 813 2413 vbi
829 2354 932 2428 sepius
946 2369 1068 2410 manere
1081 2367 1149 2407 cum
1163 2365 1234 2422 rege

82 2443 209 2513 solebat,
223 2441 393 2515 baptizabat
410 2443 441 2499 in
460 2443 552 2500 fluuio
571 2443 710 2514 Swalwa,
729 2443 760 2499 id
779 2451 825 2501 est
841 2443 949 2510 Swala,
961 2439 1013 2515 qui
1029 2439 1128 2496 vicum
1148 2438 1235 2494 Cata·

83 2529 287 2588 ractam⁸-id
316 2538 363 2586 est
390 2529 726 2606 Keterilr-preterlluit.
764 2531 906 2588 Nondum
931 2528 1013 2586 enim
1039 2525 1167 2583 oratoria
1185 2525 1235 2581 vel

82 2615 261 2691 baptisteria
281 2615 313 2673 in
333 2617 400 2691 ipso
419 2618 543 2675 exordio
565 2619 716 2677 nascentis
736 2619 777 2675 ibi
797 2617 923 2676 ecclesie
938 2625 1075 2690 poterant
1094 2613 1234 2673 edificari.
1250 2633 1280 2684 ²5

80 2706 233 2763 Attamen
245 2703 276 2761 in
290 2703 500 2779 Campodono
508 2705 528 2777 ¹,
540 2707 590 2764 vbi
603 2717 674 2764 tunc
687 2707 777 2764 etiam
789 2706 860 2764 villa
872 2707 953 2780 regia
966 2714 1039 2770 erat,
1052 2703 1122 2760 fecit
1134 2701 1235 2759 basili·

82 2809 159 2864 cam,
182 2807 275 2865 quarn
300 2795 494 2865 postmodum
512 2795 622 2868 pagani
641 2795 787 2869 aquibus
812 2811 867 2852 rex
886 2792 1028 2851 Oswinus
1048 2791 1164 2849 occisus
1188 2799 1236 2847 est

81 2897 151 2938 cum
165 2889 230 2937 tota
243 2880 350 2938 eadem
362 2881 432 2938 villa
445 2883 682 2954 succenderunt;
701 2901 757 2958 pro
770 2900 829 2956 qua
841 2899 929 2955 reges
942 2880 1125 2954 posteriores
1137 2877 1235 2935 secere

82 2970 139 3027 sibi
159 2969 265 3027 villam
290 2969 322 3025 in
346 2971 470 3043 regione
491 2987 551 3044 que
570 2981 694 3029 vocatur
717 2971 849 3029 Loidis¹.
887 2970 990 3028 Euasit
1011 2978 1111 3026 autem
1133 2969 1235 3040 ignem

82 3059 189 3124 altare,
206 3057 278 3130 quia
296 3057 448 3131 lapideum
465 3069 537 3130 erat,
551 3061 769 3133 seruaturque¹
786 3060 818 3116 in
835 3057 1018 3116 monasterio
1037 3057 1118 3130 quod
1137 3065 1184 3112 est
1204 3056 1234 3112 in
1251 3073 1283 3124 30

82 3147 160 3203 silua
175 3145 305 3202 Elmete.
379 3134 559 3204 Predicabat
577 3156 678 3205 autem
698 3147 840 3205 Paulinus
857 3147 985 3205 verbum
1002 3145 1063 3201 vite
1081 3141 1235 3217 prouincie

83 3233 260 3300 Lindeseie,
280 3232 505 3307 prefectumque
527 3233 691 3306 Lincolnie,
711 3235 758 3292 cui
779 3252 889 3292 nomen
912 3243 976 3291 erat
998 3233 1107 3290 Blecca
1119 3231 1149 3302 ¹⁰,
1167 3247 1236 3288 cum

82 3323 176 3378 domo
196 3337 254 3376 sua
269 3320 365 3394 primo
383 3321 532 3379 conuertit
550 3324 588 3380 ad
607 3323 771 3381 dominum.
810 3323 844 3380 ln
863 3339 922 3397 qua
940 3321 1059 3380 ciuitate
1078 3319 1236 3377 ecclesiam

82 3408 189 3483 operis
202 3407 317 3482 egregii
331 3409 369 3466 de
382 3409 481 3482 lapide
493 3409 578 3482 iecit;
598 3413 683 3468 cuius
695 3419 774 3469 tecto
785 3411 835 3469 vel
848 3411 936 3484 longa
949 3408 1063 3466 incuria
1074 3408 1123 3465 vel
1137 3407 1236 3464 hostili

83 3513 176 3554 manu
198 3495 325 3565 deiecto,
344 3497 476 3571 parietes
497 3497 642 3556 hactenus
666 3508 747 3556 stare
768 3499 916 3569 videntur,
937 3508 967 3556 et
989 3497 1130 3554 omnibus
1148 3494 1236 3552 annis
1251 3515 1281 3565 35

83 3585 185 3659 aliqua
197 3585 360 3640 sanitatum
373 3584 516 3642 miracula
531 3585 562 3641 in
579 3587 687 3643 eodem
705 3587 769 3644 loco
789 3587 886 3644 solent
904 3587 943 3643 ad
955 3585 1112 3643 utilitatem
1130 3599 1235 3641 eorum

83 3673 134 3746 qui
152 3670 287 3728 fideliter
302 3680 432 3745 querunt
447 3673 574 3730 ostendi
614 3673 649 3730 ln
661 3691 721 3748 qua
737 3674 825 3732 etiam
841 3675 993 3742 Paulinus,
1006 3681 1181 3730 transeunte
1199 3672 1236 3727 ad

85 3759 243 3817 Christum
267 3757 358 3827 lusto,
378 3758 549 3818 Honorium
567 3778 624 3835 pro
643 3779 680 3818 eo
698 3763 885 3821 consecrauit
903 3761 1087 3836 episcopum.
1126 3759 1237 3816 Multos

85 3847 215 3920 insuper
233 3846 264 3901 in
283 3845 375 3903 fluuio
390 3847 503 3905 Trenta
522 3849 645 3906 adeum
664 3849 702 3907 de
720 3850 874 3924 prouincia
892 3848 943 3907 illa
961 3848 1148 3907 confluentes
1166 3848 1236 3919 bap·

86 3934 196 3992 tizauit.
236 3932 307 3990 Erat
319 3941 420 3991 autem
434 3934 577 3993 Paulinus
589 3937 636 3994 vir
645 3936 665 3970 ¹¹
678 3938 767 4012 longe
785 3947 907 4007 stature,
919 3938 1072 4011 paululum
1086 3937 1236 4004 incuruus,
1250 3951 1283 4002 40

117 4049 126 4078 ¹
144 4063 196 4098 om.
208 4047 236 4096 in
248 4047 278 4098 T.
363 4045 440 4098 'om
453 4049 479 4098 in
492 4049 556 4100 Bed.
633 4049 644 4080 ¹
661 4049 690 4102 E.
705 4053 747 4103 ad.
823 4051 834 4083 ¹
852 4051 882 4104 B.
894 4051 1029 4115 Adgelrin,
1042 4065 1103 4100 now
1113 4049 1236 4099 Yeverin.

88 4115 117 4164 ln
135 4115 165 4164 T.
183 4113 304 4164 follows:
321 4115 399 4164 modo
415 4115 506 4178 agbrig
522 4116 622 4179 dicitur,
634 4117 680 4167 but
696 4119 771 4168 these
786 4119 875 4170 words
891 4134 936 4167 are
952 4117 1058 4167 crossed
1076 4123 1121 4166 out
1137 4116 1163 4164 in
1182 4116 1235 4164 red.

92 4180 103 4210 ⁸
120 4179 150 4230 E.
163 4179 242 4230 Gleui
249 4180 335 4242 ;=thc
346 4179 423 4242 Glen,
435 4196 450 4229 a
462 4182 535 4230 small
547 4181 614 4231 river
623 4183 711 4233 which
722 4183 779 4234 falls
791 4185 846 4234 into
858 4184 903 4234 the
914 4183 971 4233 Till.
1082 4183 1093 4213 ⁸
1108 4181 1138 4233 E.
1151 4180 1235 4230 catha·

86 4255 191 4296 netem.
357 4243 367 4273 ¹
385 4245 500 4297 Cemden
511 4260 639 4310 supposes
650 4249 818 4316 Almonbury‚
832 4249 897 4300 Gale
908 4245 1034 4306 Tanlield,
1046 4247 1078 4298 al.
1094 4247 1238 4298 Doncaster

87 4309 290 4374 (Ambeeologia
301 4309 322 4360 1.
334 4311 404 4370 aar).
504 4312 566 4364 'At
577 4314 755 4380 Oswinthorp.
858 4313 936 4379 ¹que
947 4329 998 4364 om.
1010 4313 1036 4362 in
1048 4313 1077 4364 T.
1169 4313 1188 4342 ¹⁰
1206 4313 1236 4362 E.

85 4377 177 4430 blacta
245 4379 262 4408 ¹¹
280 4391 311 4428 so
321 4376 370 4441 T.;
387 4377 416 4428 E.
430 4377 509 4442 longe
519 4385 617 4430 stature
628 4395 676 4433 vu.
