3046 4902
112 289 332 357 assatas]
362 274 436 366 me
455 272 514 363 b.
533 274 749 368 uomunm
774 289 868 378 teuc
891 281 930 362 et
953 281 1146 380 matuta
1187 285 1258 374 645

110 474 220 531 calidas
232 475 374 546 ingressus
385 485 429 532 est
441 493 530 547 aquas
544 475 571 530 in
589 476 729 532 anxietate
741 493 799 532 sua
836 477 875 532 Et
887 477 985 533 noxius
997 477 1098 534 humor
1109 478 1260 549 ydropicus

109 559 184 614 adeo
195 568 286 614 totum
299 577 399 630 corpus
410 559 471 614 eius
484 559 624 627 infecerat,
633 560 708 630 quod
718 560 916 630 cuiuscumque
926 560 978 616 sihi
989 563 1097 616 medele
1106 561 1261 618 remedium

110 641 226 697 vlterius
246 642 420 712 desperabat.
458 642 509 697 Cui
531 644 567 698 de
587 643 692 697 funeris
713 643 920 698 acceleracione
939 644 1067 712 sollicito,
1086 645 1186 700 beatus
1209 663 1263 715 ap-·

110 725 203 794 paruit
223 726 392 781 Edmundus
416 724 445 780 in
470 737 588 780 venusta
612 725 706 795 specie
729 726 874 796 formaque
898 728 1068 797 precellenti,
1089 737 1261 798 extensaque

110 825 195 862 manu
208 808 333 864 exhibuit
346 808 471 878 gladium
481 809 573 864 aureis
586 819 615 862 vt
628 808 776 864 videbatur
786 809 884 865 litteris
899 811 953 866 hiis
965 811 1059 866 verbis
1076 810 1259 881 inscriptum:
1274 821 1287 871 5

111 891 193 946 ‘Hec
221 903 264 948 est
288 892 405 948 victoria
430 910 487 964 qua
513 892 649 946 mundum
673 892 739 947 vicit
769 891 955 947 Edmundus.¹
995 895 1123 965 Cumque
1148 895 1260 965 legisset

110 974 233 1030 martiris
252 975 367 1046 imperio
389 977 464 1046 quod
485 975 513 1029 in
535 975 647 1030 militari
666 976 739 1030 lerro
761 974 858 1030 diuina
874 977 976 1031 virtute
997 976 1180 1046 resplenduit,
1198 978 1261 1032 loca

111 1057 234 1128 corporis
247 1057 399 1113 infirmiora
411 1057 549 1128 regalibus
562 1057 659 1127 digitis
669 1059 800 1128 princeps
809 1058 928 1128 insignis
938 1057 1085 1128 diligenter
1094 1059 1261 1115 attrectauit·

111 1142 150 1196 Et
169 1141 264 1196 statim
282 1159 316 1196 ex
333 1139 467 1196 membris
485 1142 615 1196 omnibus
637 1141 789 1196 toxicatum
810 1141 886 1196 uirus
906 1141 980 1212 cepit
1000 1141 1119 1208 effluere,
1138 1143 1210 1198 adeo
1231 1152 1261 1198 ut

110 1234 256 1294 tamquam
269 1224 297 1278 in
310 1234 453 1279 momento
466 1234 541 1280 totus
553 1224 694 1280 videretur
709 1241 809 1295 sospes
825 1233 854 1280 et
868 1225 1026 1293 incolumis,
1039 1224 1086 1295 qui
1098 1228 1182 1295 paulo
1194 1234 1260 1280 ante
1275 1236 1306 1272 10

110 1318 171 1363 tam
193 1307 288 1362 densis
310 1307 430 1362 afflictus
450 1307 627 1379 quatiebatur
646 1309 793 1378 pressuris,
811 1317 840 1362 et
860 1309 937 1378 apud
961 1309 1090 1364 homines
1114 1308 1262 1364 uidebatur

112 1390 278 1445 incurabilis.
315 1389 410 1445 Valuit
428 1390 454 1444 ei
472 1391 566 1461 sepius
590 1391 766 1461 frequentata
785 1391 956 1447 sanctissimi
975 1391 1096 1447 nominis
1117 1391 1261 1447 Edmundi

110 1473 256 1541 memoria,
269 1474 470 1544 propterquod
488 1473 513 1528 ei
531 1474 663 1543 dignatus
679 1483 722 1528 est
738 1484 797 1530 tam
812 1475 964 1530 clementer
980 1473 1121 1542 assistere,
1133 1485 1161 1530 et
1173 1484 1215 1529 tot
1226 1491 1262 1530 ac

111 1556 198 1612 tantis
210 1555 359 1625 fatigatum
372 1555 539 1612 cruciatibus
553 1557 664 1612 celestis
676 1573 760 1627 opere
773 1557 929 1612 curacionis
942 1558 1075 1612 releuare.
1107 1559 1154 1614 Sic
1167 1557 1260 1629 itaque

110 1649 224 1709 recepta
241 1638 376 1710 sospitate
394 1655 474 1693 suam
492 1645 625 1710 properat
642 1638 790 1694 ecclesiam
808 1649 920 1694 curatus
938 1639 1074 1694 hillariter
1091 1640 1220 1706 reuisere,
1232 1650 1261 1697 et
1275 1650 1305 1700 Ι5

110 1733 245 1793 quamam
264 1722 293 1776 in
312 1721 359 1776 illo
378 1721 415 1776 sit
430 1732 563 1793 operatus
580 1721 808 1790 misericordiam,
822 1722 945 1778 lacrimis
962 1722 1159 1778 attestantibus
1174 1734 1260 1794 atque

109 1805 246 1876 suspiriis,
260 1803 386 1859 veritatis
399 1815 427 1860 et
440 1804 504 1859 fidei
518 1805 657 1860 relacione
669 1805 823 1876 propalare.

129 1953 179 2006 Da
198 1953 362 2008 Ganunsm
379 1964 536 2008 nouncno
549 1963 758 2008 cnunrncnusr
777 1965 797 2006 a
817 1963 969 2008 unsarans
987 1963 1169 2016 Quanraurs
1187 1964 1249 2006 aaa

264 2046 468 2090 nornmounu
487 2049 530 2090 nu
548 2047 644 2090 erano
663 2041 773 2090 snucrt
793 2035 950 2091 Enuuunr
971 2047 1106 2091 cunano.

148 2185 281 2240 osbertus
332 2145 548 2272 Monachus
573 2147 687 2217 quidam
712 2145 899 2202 cluniacensis
920 2147 1033 2202 nomine
1052 2147 1212 2213 Geruasius‚
1231 2145 1260 2200 in

281 2226 288 2240 '
439 2240 579 2286 conuentu
587 2230 678 2284 sancti
687 2231 840 2286 Saluatoris
853 2231 1043 2286 transflumen
1054 2227 1106 2301 [in]
1116 2228 1261 2285 Londonie

109 2311 242 2366 suburbio
254 2328 362 2369 moram
376 2315 498 2381 trahens,
512 2313 655 2384 quartanis
668 2313 791 2369 febribus
805 2314 877 2369 adeo
890 2313 1068 2369 cruciabatur
1084 2311 1132 2367 ut¹
1145 2323 1218 2369 totus
1231 2314 1260 2367 in
1275 2323 1305 2359 ²0

109 2411 140 2450 se
158 2411 231 2464 pene
249 2395 388 2463 deficeret,
400 2407 428 2452 et
446 2397 575 2452 vltimum
588 2397 646 2452 iere
663 2396 790 2467 spiritum
808 2397 939 2452 exalaret.
977 2398 1071 2452 Mater
1089 2395 1172 2466 igitur
1187 2396 1260 2452 illius

108 2477 137 2531 in
157 2477 270 2533 ciuitate
288 2480 414 2549 predicta
432 2496 622 2548 commanens
640 2497 657 2534 a
675 2479 798 2551 quodam
816 2479 905 2535 milite
924 2479 1060 2535 didicerat
1076 2480 1234 2534 antidotum
1241 2477 1260 2548 ⁹,

109 2560 217 2614 diurnis
229 2560 533 2633 incom[m]oditatibus
551 2562 609 2618 suis
622 2563 744 2618 velocius
757 2563 938 2633 profuturum.
975 2563 1033 2617 Hic
1044 2561 1120 2618 enim
1132 2562 1212 2617 miles
1224 2562 1261 2618 de

109 2642 193 2712 cipho
212 2644 300 2700 sancti
321 2645 464 2700 Edmundi
484 2645 556 2714 regis
576 2655 603 2700 et
621 2645 742 2700 martiris
761 2645 849 2700 semel
867 2645 984 2714 biberat,
1003 2645 1078 2700 vnde
1099 2663 1118 2700 a
1135 2645 1260 2700 febribus

108 2743 175 2780 mox
199 2727 341 2782 conualuit
367 2727 474 2797 integre
498 2727 623 2783 redditus
649 2725 785 2798 sospitati.
834 2729 996 2798 Religiosus
1026 2728 1109 2797 igitur
1132 2728 1175 2783 vir
1198 2745 1260 2798 pre·
1275 2739 1304 2788 ²5

108 2809 269 2865 monicione
280 2811 378 2868 matris
391 2812 428 2866 ad
440 2811 588 2866 ecclesiam
606 2811 695 2867 sancti
711 2811 834 2866 martiris
850 2811 902 2866 iter
918 2813 1064 2866 accelerat.
1100 2812 1147 2866 Ad
1166 2821 1259 2881 pater·

108 2909 178 2947 num
196 2910 262 2964 ergo
281 2895 397 2950 veniens
415 2912 488 2966 equo
507 2895 682 2950 subuehente
700 2894 842 2964 quoddam
860 2895 998 2964 predium,
1018 2893 1046 2949 in
1065 2891 1165 2948 itinere
1182 2894 1259 2949 aliud

107 2976 262 3030 maximum
274 2977 318 3032 sui
330 2979 452 3048 corporis
466 2978 580 3033 incurrit
591 2978 799 3033 detrimentum.
837 2978 979 3031 Humores
995 2991 1118 3047 namque
1133 2975 1208 3030 noxii
1221 2976 1259 3031 ad

108 3076 191 3114 renes
204 3060 401 3130 confluxerant,
414 3071 441 3118 et
456 3077 622 3131 compagem
635 3060 725 3116 tocius
739 3059 864 3130 corporis
876 3076 931 3113 vno
949 3057 1144 3114 miserabiliter
1156 3058 1184 3112 in
1196 3059 1259 3114 loco

107 3142 312 3213 deprimebant.
351 3145 417 3198 Hiis
439 3145 532 3215 itaque
554 3143 673 3214 geminis
694 3143 814 3198 afflictus
835 3143 863 3197 in
885 3152 1003 3212 paterna
1022 3142 1107 3196 domo
1125 3141 1259 3197 molestiis
1273 3156 1304 3205 30

104 3225 193 3282 ‘trium
210 3225 433 3282 ebdomadarum
448 3227 545 3298 implet
560 3227 736 3293 curriculum,
749 3227 851 3281 baculo
867 3235 1028 3281 sustentans
1047 3224 1139 3280 debile
1156 3241 1259 3295 corpus

106 3319 150 3366 tot
170 3309 357 3366 anxietatibus
378 3311 534 3381 fatigatum.
570 3310 824 3381 appropinquante
844 3319 938 3365 autern
963 3309 1087 3379 gloriosa
1110 3307 1260 3364 lestiuitate

107 3391 198 3448 sancti
220 3393 372 3460 Edmundi,
388 3395 473 3450 frater
491 3393 640 3463 languidus
658 3393 731 3464 patri
750 3409 801 3448 suo
820 3391 999 3465 conqueritur
1017 3393 1053 3447 de
1072 3391 1185 3446 miseria
1204 3409 1260 3463 qua

106 3475 250 3547 premitur,
258 3485 287 3531 et
299 3477 375 3547 quod
388 3487 465 3533 tante
474 3476 618 3532 iestiuitati
631 3493 689 3530 non
702 3475 811 3532 intersit
824 3476 934 3546 magnis
945 3475 1071 3546 suspiriis
1080 3476 1259 3530 lamentatur.

108 3559 255 3614 Deliberat
267 3577 335 3629 ergo
347 3577 433 3630 penes
447 3577 487 3628 se,
499 3569 548 3616 aut
561 3577 642 3614 curru
656 3569 752 3614 uectus
765 3568 812 3614 aut
825 3576 939 3631 quoquo
951 3560 1036 3615 modo
1049 3559 1072 3614 si
1085 3559 1143 3614 lieri
1157 3560 1259 3628 ualeat,
1273 3571 1303 3620 35

105 3659 181 3713 equo
193 3641 317 3698 suauiter
329 3643 484 3712 incedente,
497 3643 534 3697 ad
548 3643 623 3698 diem
639 3643 825 3712 sollempnem
839 3643 925 3698 cicius
942 3659 1099 3712 properare.
1135 3642 1260 3697 Veniens

106 3725 192 3797 igitur
203 3726 241 3780 ad
257 3726 456 3782 monasterium
475 3726 565 3781 sancti
581 3725 734 3790 Edmundi,
747 3725 775 3779 in
793 3726 881 3781 sacris
899 3743 917 3780 a
934 3725 1092 3780 senioribus
1110 3725 1259 3795 suscipitur

104 3809 217 3880 vigiliis,
227 3819 256 3865 et
267 3809 305 3864 ad
314 3811 411 3865 cellam
422 3809 594 3864 infirmorum
605 3811 792 3881 subportatus,
806 3819 893 3865 strato
906 3807 958 3863 sibi
972 3808 1108 3874 cubiculo,
1119 3807 1147 3861 in
1157 3807 1258 3862 eodem

105 3894 267 3949 collocatur.
301 3894 348 3948 Ad
365 3892 514 3948 ecclesiam
532 3893 663 3964 progredi
679 3909 737 3948 non
754 3892 852 3962 potuit,
865 3901 907 3948 set
922 3891 951 3945 in
970 3891 1041 3946 cella
1057 3891 1165 3961 prelata
1181 3889 1257 3944 beati

104 3976 180 4046 regis
193 3974 375 4032 clemenciam
387 3976 568 4047 exspectauit.
592 3976 768 4031 Recordatus
780 3985 874 4030 autern
886 3973 995 4043 negocii
1007 3990 1058 4043 pro
1070 3989 1126 4043 quo
1134 3981 1257 4040 venerat,
1271 3982 1304 4030 40

104 4059 249 4132 propinari
273 4058 327 4114 sibi
351 4059 533 4114 testinancius
558 4060 690 4115 haustum
710 4058 747 4114 de
767 4058 850 4128 cipho
871 4055 1044 4128 inpreciabili
1067 4055 1156 4112 sancti
1181 4055 1257 4125 regis

105 4146 252 4204 Edmundi
274 4146 392 4202 deuotus
411 4147 551 4218 implorat.
588 4149 653 4216 Quo
671 4145 777 4215 audito,
796 4146 920 4200 seniores
938 4144 1052 4217 ciphum
1070 4145 1106 4199 de
1124 4144 1257 4198 thesauro

103 4231 209 4303 regalis
225 4229 357 4286 domicilii
373 4230 509 4298 deserunt,
522 4248 641 4303 eumque
658 4231 760 4285 haustu
775 4229 879 4285 salubri
894 4238 1022 4300 potatum
1039 4243 1090 4300 spe
1106 4227 1171 4284 fidei
1189 4244 1258 4284 sane

388 4348 398 4378 ²
415 4349 472 4400 MS.
483 4357 517 4400 et.
714 4347 725 4378 ¹
740 4347 795 4400 MS.
807 4348 964 4401 antidodunr.
