3052 4896
89 305 326 372 MS.Bod1.⁹40·]
443 289 518 383 DC
542 287 602 378 ᾖ.
619 289 897 378 wlhlssdlssw·
1170 312 1242 388 559

15 524 30 555 -,
91 507 150 562 que
169 489 198 546 in
219 489 331 563 pascuis
351 491 513 548 acciderant
533 491 608 548 vxori
629 509 678 548 sue
699 493 842 549 referebat.
880 493 947 548 Post
969 502 1078 563 septem
1097 509 1163 547 vero
1184 489 1244 548 dies

14 611 25 640 ¹.
91 590 222 629 unacum
233 575 377 640 infantulo,
385 575 571 632 nouoChristi
581 575 828 646 milite,quendam
836 575 1072 645 angelicumadiit
1080 575 1244 646 magistrum

16 691 24 700 -
90 657 209 713 nomine
229 658 375 714 Budocum
393 659 562 729 cognomine
580 660 718 728 Arduum,
730 659 854 716 sciencia
870 659 1020 730 preditum,
1036 657 1146 715 iusticia
1165 675 1245 728 egre·

14 781 20 812 ·.
91 739 183 811 glum,
195 757 279 812 quem
292 742 375 798 velud
387 743 530 814 quoddam
541 743 755 799 fundamentum
768 743 1003 814 columpnamque
1015 740 1133 799 ecclesie
1146 740 1245 796 firmis·

14 863 25 896 r
92 823 197 880 simam
216 825 292 880 cunti
305 824 410 898 pariter
421 836 488 881 tunc
500 825 635 897 temporis
648 827 808 882 credebant
853 828 931 882 Dum
949 836 1043 882 autern
1064 825 1116 882 iter
1129 834 1244 896 agerent
1257 833 1272 886 5

17 973 25 980 ,
91 909 133 966 ad
145 907 265 964 insulam
277 925 332 980 que
350 910 459 964 Laurea
476 909 640 980 appellatur,
653 909 699 966 vbi
718 910 765 965 lux
784 909 848 965 fidei
865 906 1011 980 predicta¹
1024 909 1157 980 fulgebat,
1169 919 1245 964 totus

91 991 214 1061 caligine
234 992 315 1064 polus
333 991 500 1062 obuoluitur,
520 1003 594 1048 terra
615 993 718 1062 tremit,
737 1010 787 1048 aer
810 993 966 1061 choruscat,
989 991 1059 1048 freta
1080 991 1197 1060 feruent,
1216 1001 1244 1049 et

91 1084 186 1130 toturn
207 1074 317 1131 turbine
338 1085 367 1132 et
387 1074 451 1146 igne
476 1086 503 1132 et
528 1093 592 1130 cum
610 1075 676 1132 niue
700 1077 837 1146 grandine
856 1076 944 1131 mixto
968 1076 1096 1131 turbatur
1118 1075 1244 1148 pelagus,

13 1209 14 1212 ,
91 1167 239 1230 totamque
259 1159 334 1214 circa
351 1157 476 1214 tenuisse
494 1168 598 1214 terram
617 1169 738 1230 putatur.
783 1160 867 1214 Pater
885 1169 980 1214 autern
998 1167 1077 1214 tanta
1095 1177 1127 1214 se
1147 1158 1245 1215 videns

15 1279 21 1286 -
92 1241 262 1298 circumdari
282 1242 412 1313 procella,
426 1242 552 1308 ‘Timeq
570 1243 669 1314 inquit,
686 1242 789 1298 dilecte
809 1244 872 1310 deo,
892 1259 928 1298 ne
948 1243 999 1298 iter
1017 1253 1143 1298 nostrum
1159 1241 1245 1297 hodie
1261 1261 1291 1298 ro

12 1363 22 1398 ;
92 1325 281 1396 impediatur!
319 1326 416 1381 Infans
429 1342 495 1381 vero
508 1327 565 1382 icto
583 1325 679 1383 animo
695 1327 839 1382 exultans:
860 1326 941 1393 ‘Cur‚
955 1325 1052 1396 inquit,
1064 1336 1144 1397 pater
1156 1343 1244 1396 meus,

12 1453 14 1482 3
91 1408 219 1464 vereris?
258 1411 323 1480 lpse
342 1420 533 1464 creaturarum
550 1420 648 1465 auctor
664 1409 711 1480 qui
730 1419 815 1464 cuma
831 1427 895 1464 cum
914 1425 972 1464 non
990 1419 1085 1465 essent
1104 1408 1178 1478 fecit,
1196 1410 1245 1482 qui

92 1493 186 1548 celum
206 1492 342 1548 sideribus
364 1492 474 1561 ditauit,
494 1503 598 1548 terram
617 1493 684 1548 flore
702 1491 823 1562 ornauit,
841 1491 911 1548 mari
933 1491 1085 1548 terminum
1106 1492 1244 1563 inposuit:

13 1645 14 1650 ἵ
91 1575 167 1632 aeris
179 1593 291 1647 quoque
309 1575 438 1631 iniuriam
453 1577 561 1642 sedare,
573 1593 637 1631 cum
650 1575 727 1646 velit,
745 1585 773 1632 et
789 1576 867 1646 ponti
885 1585 978 1646 potest
996 1575 1124 1646 mitigare
1135 1576 1244 1632 fluctus.

11 1702 16 1736 7
93 1660 172 1714 Nam
184 1659 271 1713 nichil
283 1658 445 1714 timentibus
457 1676 522 1714 eum
534 1657 631 1714 deerit.
665 1661 758 1714 Vnum
771 1657 1289 1732 ergoestnecessarium,vttotam15

93 1741 123 1797 in
140 1741 189 1796 illo
205 1759 285 1812 spem
302 1743 468 1810 habeamus,
480 1753 509 1798 et
525 1741 555 1796 in
571 1743 631 1798 eius
650 1759 763 1813 semper
778 1742 929 1798 dilectione
945 1759 1119 1810 maneamus,
1131 1741 1198 1814 quia
1215 1752 1244 1798 et

12 1873 13 1876 ,
93 1824 156 1896 ipse
176 1827 254 1895 prius
275 1825 371 1881 dilexit
392 1827 459 1880 nos!
497 1827 561 1881 Hec
582 1835 610 1881 et
632 1825 689 1882 alia
707 1826 797 1880 multa
818 1825 941 1881 dictante
962 1842 1056 1896 puero,
1077 1834 1158 1896 patre
1177 1842 1244 1881 vero

93 1925 154 1963 rem
176 1908 204 1963 in
226 1909 311 1963 corde
330 1925 381 1964 suo
404 1908 487 1964 tacite
509 1908 705 1963 considerante
727 1908 809 1964 simul
828 1919 856 1964 et
875 1907 1053 1964 admirante:
1081 1925 1148 1963 ecce
1168 1917 1244 1964 totus

92 1991 189 2046 subito
202 1993 260 2047 sole
276 2000 428 2062 apparente
443 1991 490 2061 qui
504 1989 673 2046 velaniensis
690 1989 794 2046 dicitur
811 2007 901 2060 pagus
919 1989 1030 2059 eliirlsit,
1043 1999 1072 2045 et
1090 1989 1152 2046 dies
1170 2007 1244 2046 sere-

10 2125 12 2156 :
92 2073 312 2146 nissimavsque
330 2074 367 2129 ad
380 2090 527 2144 vesperam
546 2073 640 2129 illuxit
678 2073 743 2129 Sole
763 2073 845 2143 igitur
862 2073 977 2128 tandem
996 2089 1046 2143 per
1063 2073 1176 2128 climata
1191 2074 1242 2130 oeli
1258 2095 1290 2132 ro

92 2157 202 2212 deuexa
213 2167 346 2227 vergente
359 2157 396 2212 ad
409 2157 550 2224 australia,
563 2157 686 2228 prefatus
698 2155 741 2213 vir
751 2156 881 2212 familiari
894 2173 958 2212 cum
971 2156 1027 2212 iam
1039 2155 1116 2212 dicto
1128 2156 1243 2213 doctore

92 2257 161 2296 vsus
178 2241 308 2312 alloquio,
325 2258 438 2296 omnem
455 2239 562 2295 itineris
580 2241 624 2296 sui
642 2258 757 2296 causam
775 2241 902 2310 exposuit
919 2251 948 2298 et
966 2239 1169 2295 difficultatem.
1204 2241 1243 2296 At

92 2323 194 2378 doctor
217 2324 344 2394 egregius
368 2325 454 2379 verba
482 2324 622 2380 narrantis
651 2323 758 2380 intento
786 2321 917 2380 hauriens
947 2322 1067 2394 ingenio,
1092 2340 1243 2394 secumque

93 2407 192 2462 audita
211 2425 363 2479 parumper
382 2418 546 2474 retractans,
565 2407 712 2480 paruulum
734 2407 789 2463 sibi
810 2407 894 2463 acciri
914 2407 1039 2478 precipit.
1077 2407 1128 2462 Ille
1149 2416 1243 2462 autem

92 2501 194 2546 sancto
212 2491 343 2547 incitatus
362 2491 470 2562 spiritu,
482 2507 534 2547 nec
550 2507 630 2546 mora
645 2491 774 2547 concitus
791 2507 826 2546 ac
843 2490 866 2546 si
882 2489 1008 2563 plurimis
1026 2489 1140 2546 inbutus
1153 2490 1243 2557 annis,
1258 2505 1287 2557 ²⁵

91 2573 207 2629 nemine
228 2576 346 2631 docente
366 2585 426 2630 toto
448 2575 476 2630 in
497 2586 600 2632 terram
620 2585 776 2646 prostratus
795 2592 912 2645 corpore
931 2574 970 2629 ad
993 2584 1103 2629 tanturn
1123 2573 1244 2630 accessit

90 2669 252 2729 patronum.
295 2661 376 2714 Tunc
395 2675 461 2714 vero
481 2658 623 2728 magister,
644 2658 740 2714 diuino
761 2659 894 2729 prouidus
914 2657 1021 2729 spiritu,
1043 2659 1110 2714 talia
1129 2674 1244 2713 exorsus

92 2741 136 2798 sic
154 2751 260 2813 patrem
277 2741 355 2814 pium
369 2740 518 2813 alloquitur
534 2741 646 2798 diceus:
667 2743 806 2798 ‘Puerum
820 2759 904 2814 quem
921 2742 1006 2797 michi
1025 2739 1243 2812 com[m]endas,

91 2824 178 2882 video
194 2825 319 2882 moribus
333 2826 532 2882 transcendere
548 2834 663 2894 etatem,
675 2835 704 2881 et
717 2824 814 2896 puerili
833 2825 861 2882 in
878 2826 970 2882 forma
986 2827 1160 2895 grandeuum
1178 2841 1242 2880 con·

92 2909 183 2980 spicio
195 2910 285 2965 virum
296 2918 325 2965 et
339 2909 442 2980 ingenii
453 2909 606 2978 sagacitate
618 2908 715 2964 diuina
727 2909 784 2964 iam
796 2909 923 2965 sollerter
930 2908 1073 2979 sapiencia
1085 2907 1241 2963 eruditum'
1257 2923 1289 2975 30

93 2992 161 3048 Hiis
173 3003 201 3048 et
213 2992 276 3048 aliis
289 2993 360 3048 inter
376 3011 407 3049 se
422 2991 567 3060 condictis,
580 2990 706 3048 eiusdem
718 3004 799 3062 pater
810 2993 978 3064 paruuli—si
992 2991 1035 3046 fas
1048 3001 1091 3046 est
1103 2991 1159 3046 dici
1179 3007 1242 3062 par·

91 3076 190 3132 uulum
210 3076 257 3148 qui
279 3075 323 3132 dei
346 3077 535 3147 contemplatu
554 3075 610 3132 iam
628 3075 798 3146 conspicitur
815 3091 1052 3146 magnus-mane
1070 3091 1243 3144 consurgens

92 3169 212 3230 accepta
233 3159 284 3215 viri
304 3159 350 3215 dei
372 3157 571 3215 benediccione
593 3175 643 3229 per
663 3157 738 3213 viam
760 3176 816 3230 qua
837 3168 952 3214 venerat
972 3174 1105 3229 prospere
1127 3159 1242 3212 domum

92 3259 222 3299 reuersus
234 3251 285 3298 est.
323 3244 397 3299 Puer
413 3252 510 3298 autem
526 3243 625 3298 beatus
642 3241 771 3313 quamuis
787 3242 881 3297 adhuc
900 3241 1053 3298 infantulus
1069 3250 1152 3310 esset,
1165 3241 1243 3296 nullo

92 3337 190 3382 tamen
209 3326 301 3397 primo
321 3325 447 3398 parentis
467 3323 534 3382 tedii
556 3326 684 3396 pulsatus
703 3342 812 3381 merore
833 3323 905 3381 sicut
925 3325 1040 3396 quidam
1065 3325 1156 3381 solent
1177 3342 1241 3395 par-
1256 3339 1287 3392 35

92 3410 223 3466 uulorurn
244 3427 309 3464 curn
330 3409 359 3464 in
378 3409 463 3464 scolis
480 3427 498 3465 a
518 3409 680 3479 parentibus
700 3408 838 3479 segregati
858 3409 1012 3478 mittuntur,
1033 3426 1097 3464 cum
1116 3408 1242 3480 predicto

92 3493 230 3563 magistro
250 3493 359 3550 stabilis
381 3492 535 3563 permansit
555 3493 584 3547 in
609 3493 788 3548 monasterio.
835 3492 993 3564 Statimque
1013 3494 1066 3549 sub
1084 3493 1166 3549 vuius
1186 3491 1242 3548 diei

92 3577 230 3634 curriculo
249 3587 349 3632 cumas
367 3577 457 3632 tocius
475 3575 652 3632 abbecedarii
671 3577 789 3647 pleniter
805 3576 933 3632 ediscens
946 3588 1038 3643 notas,
1057 3595 1091 3632 ac
1109 3575 1173 3648 si[c]
1192 3576 1243 3631 de-

92 3659 170 3730 hinc,
181 3671 326 3716 crescente
338 3660 367 3714 in
380 3661 427 3716 illo
438 3677 577 3716 annorum
588 3677 713 3728 numero,
725 3660 863 3715 donorum
874 3660 974 3730 gratia,
987 3661 1130 3716 uniuersos
1142 3659 1242 3716 veteris

91 3761 128 3800 ac
146 3759 219 3799 noue
236 3742 306 3813 legis
326 3760 390 3799 curn
411 3743 595 3798 sacramentis
616 3741 673 3798 suis
693 3742 722 3798 in
738 3743 823 3799 corde
844 3760 896 3798 suo
914 3743 1070 3799 recondens
1089 3760 1242 3811 sermones,
1256 3764 1288 3815 4⁰

91 3838 255 3886 sanctarum
272 3826 391 3884 eximius
408 3826 498 3882 factus
516 3836 561 3882 est
580 3826 682 3882 sciolus
701 3826 837 3897 perscitor
855 3826 1061 3896 scripturarum.
1099 3827 1166 3881 Post
1185 3843 1242 3882 non

92 3913 209 3982 longum
228 3919 340 3982 tempus
362 3910 488 3982 predicto
507 3919 586 3981 patre
607 3909 741 3980 spirituali
765 3909 803 3964 ad
827 3909 968 3980 quendam
986 3911 1077 3965 locum
1102 3909 1242 3965 oracionis

91 3994 188 4065 gracia
205 4000 377 4061 transeunte,
393 3990 558 4064 discipulis²
574 4003 669 4050 autem
689 3991 719 4048 in
739 3992 830 4048 insula
847 3993 959 4062 relictis,
974 3992 1100 4063 magistri
1119 3992 1241 4049 obtesta-

91 4079 222 4136 cionibus
241 4077 416 4134 constrictis:
434 4094 506 4134 vnus
525 4094 622 4133 eorum
643 4075 740 4149 puerili
761 4076 855 4132 adhuc
872 4077 974 4133 florens
991 4087 1074 4146 etate,
1092 4093 1143 4147 per
1158 4077 1242 4147 plana

91 4161 252 4218 discurrens
276 4177 341 4216 cum
365 4160 533 4232 quibusdam
558 4159 708 4216 leuioribus
731 4159 891 4216 ludentibus
915 4170 943 4216 et
971 4160 1046 4216 senis
1076 4161 1240 4216 mandatum
1254 4169 1285 4221 4⁵

92 4243 333 4313 obliuiscentibus,
358 4261 437 4300 crure
461 4243 599 4315 perfracto
626 4259 730 4314 magno
759 4242 905 4299 confestim
932 4261 999 4300 casu
1028 4243 1149 4300 afflictus
1178 4255 1240 4312 est:

291 4356 299 4387 ¹
317 4355 373 4406 MS.
388 4355 510 4419 predicte.
799 4353 810 4384 ¹
827 4353 883 4406 MS.
896 4355 1044 4419 discipulus.
