3008 4904
287 311 359 379 206
597 304 728 393 noua
752 299 944 406 [tumba
967 301 1121 406 flnfflit.

285 521 395 562 sereno
411 503 496 578 virgo
513 513 617 562 sancta
630 503 802 578 respondit:
822 503 952 561 ‘Potens
968 514 1015 561 est
1030 505 1106 561 deus
1122 512 1226 560 noster
1241 502 1332 560 etiarn
1352 521 1442 560 nunc

285 591 409 648 vitulum
424 601 559 650 nostrum
574 609 680 650 eruere
698 593 737 648 de
754 592 894 648 dentibus
910 592 1058 664 luporum,
1077 591 1128 664 qui
1147 592 1299 664 quondam
1317 590 1351 647 in
1369 592 1443 648 lacu

287 677 444 736 Danielem
466 679 576 752 eripuit
601 681 639 736 de
660 697 712 736 ore
734 680 864 736 leonum.
902 679 1066 752 Expectate
1092 679 1190 742 mmo,
1210 678 1315 751 inquit,
1333 696 1441 752 vsque

285 783 368 824 cras:
395 778 425 824 et
450 767 589 824 dominus
613 784 683 824 eum
708 768 794 824 nobis
818 766 945 824 sortasse
970 767 1113 824 intactum
1137 767 1282 834 restituet,
1306 775 1340 823 vt
1365 783 1443 822 cum

258 855 450 923 5viderimus
480 855 644 928 potentiam
674 854 740 912 eius
769 857 801 910 in
832 855 973 922 minimis,
1003 853 1148 912 maiorem
1179 853 1210 910 in
1241 854 1291 910 illo
1320 853 1442 910 habere

285 943 425 1000 fiduciam
456 944 627 1000 erudiamur
657 942 688 999 in
719 942 854 1016 magnis)
892 942 931 998 Et
958 959 1029 999 ecce
1057 942 1106 998 die
1137 941 1266 1000 crastina
1293 941 1357 1014 lupi
1386 942 1442 1014 qui
1497 981 1498 1028 ἶ

285 1029 408 1088 vitulum
434 1039 605 1104 rapuerant,
626 1031 789 1087 redeuntes
813 1031 852 1088 de
877 1029 962 1086 siluis
983 1029 1095 1102 ipsum,
1115 1029 1230 1086 cunctis
1250 1029 1440 1098 videntibus,

284 1119 323 1174 ad
336 1135 440 1191 agrurn
456 1119 649 1187 reduxerunt,
662 1127 693 1174 et
704 1116 786 1174 velut
798 1118 877 1174 bene
889 1117 1069 1174 custoditum
1084 1118 1122 1173 ad
1137 1133 1249 1190 pascua
1265 1125 1296 1173 et
1313 1116 1440 1173 illesum
1497 1159 1498 1164 κ

285 1205 485 1263 restituerunt.
558 1193 642 1264 Cum
662 1222 749 1261 soror
769 1205 898 1278 quedam
920 1203 1044 1276 virginis
1062 1215 1164 1260 sancte
1183 1203 1303 1260 cuidam
1325 1205 1438 1260 ancille
1497 1243 1498 1264 r

242 1311 273 1348 ιο
285 1291 333 1348 dei
345 1291 482 1350 victualia
494 1294 643 1362 deserens,
656 1309 674 1348 a
686 1293 850 1349 latronibus
866 1293 993 1365 spoliata
1009 1292 1127 1360 rediret,
1143 1291 1326 1348 Modwenna
1339 1292 1439 1348 dixit:
1497 1355 1498 1360 η

286 1379 371 1435 ‘Noli
391 1379 517 1437 timere:
537 1380 667 1436 latrones
688 1381 772 1436 cibos
794 1395 961 1452 pauperum
980 1397 1040 1435 non
1059 1379 1226 1448 comedent,
1247 1379 1304 1436 sed
1327 1393 1441 1436 cuncta
1497 1365 1498 1436 Ῠ

285 1467 372 1524 nobis
384 1475 452 1540 post
464 1468 545 1523 diem
557 1467 687 1536 tertium,
704 1468 761 1524 deo
778 1467 916 1540 propitio,
933 1467 1049 1539 integre
1068 1475 1244 1522 conseruata
1258 1467 1440 1524 restituent’
1497 1481 1498 1540 ξ

287 1553 325 1610 Et
337 1571 408 1612 ecce
421 1553 511 1623 sures,
524 1554 620 1612 tribus
632 1555 737 1612 diebus
749 1555 798 1612 dei
810 1555 947 1628 percussi
963 1554 1067 1610 iuditio
1080 1571 1135 1627 per
1147 1554 1235 1611 deuia
1246 1555 1441 1622 oberrantes,

284 1642 334 1699 vbi
353 1652 438 1700 erant
455 1642 574 1714 penitus
595 1643 778 1715 ignorabant.
817 1643 946 1700 Reatum
967 1642 1090 1698 tandem
1114 1657 1202 1698 suum
1222 1653 1440 1714 agnoscentes,
1497 1713 1498 1718 ἵ

242 1747 271 1798 ¹5
285 1731 411 1803 genibus
440 1731 479 1787 ad
509 1739 620 1787 terram
650 1730 798 1787 inclinatis
832 1730 1058 1788 exclamabant:
1090 1728 1292 1785 ‘Modwenna
1327 1731 1442 1786 ancilla
1497 1719 1498 1724 ἵ

286 1817 406 1886 Christi,
421 1819 447 1874 si
464 1835 535 1875 vera
551 1827 621 1874 sunt
639 1835 698 1891 que
716 1819 754 1874 de
771 1827 800 1875 te
817 1817 994 1886 audiuimus,
1008 1833 1149 1874 succurre
1162 1815 1194 1872 in
1207 1815 1345 1888 periculo
1362 1835 1440 1874 con·
1497 1893 1498 1896 Ἴ

285 1907 402 1976 stitutis,
415 1916 446 1962 et
458 1906 552 1962 redde
565 1905 651 1962 nobis
664 1906 765 1962 oculos
778 1915 905 1974 nostros,
917 1915 950 1962 vt
963 1905 1001 1961 ad
1019 1913 1049 1960 te
1065 1904 1243 1976 gradientes,
1256 1921 1315 1976 per
1327 1921 1439 1978 preces
1497 1947 1498 1960 2

284 1993 515 2052 tuasadomino
526 1993 645 2050 veniam
661 1995 898 2066 consequamur!
937 1991 975 2048 Et
991 1991 1149 2049 confestim
1166 1991 1265 2048 ablato
1283 1993 1322 2048 ab
1340 1993 1439 2050 oculis
1497 1981 1498 2054 ζ

284 2099 390 2138 eorum
402 2082 561 2149 velamine,
574 2080 728 2154 regionem
741 2089 963 2152 cognouerunt:
983 2089 1013 2136 et
1029 2097 1098 2136 cum
1114 2079 1233 2136 cibariis
1245 2080 1284 2136 ad
1297 2089 1438 2136 sanctam
1497 2087 1498 2122 f

242 2193 274 2228 so
284 2169 432 2242 virginem
450 2179 620 2242 pergentes,
639 2177 669 2226 et
694 2177 811 2225 reatum
835 2167 1023 2234 confitentes,
1044 2167 1166 2223 veniam
1188 2167 1439 2226 lachrimabiliter

285 2256 425 2331 prostrati
452 2256 660 2329 implorabant.
697 2256 781 2327 Quos
806 2255 856 2312 illa
883 2255 1013 2328 benigne
1040 2255 1164 2310 audiens
1191 2263 1221 2312 et
1248 2254 1438 2324 confortans,
1497 2271 1498 2282 ³

285 2343 413 2402 refectos
437 2344 503 2401 cibo
533 2343 643 2400 carnali
672 2353 702 2400 et
729 2343 874 2416 spirituali
904 2360 974 2400 cum
1003 2343 1211 2399 benedictione
1241 2342 1280 2397 ad
1312 2343 1440 2417 propria

285 2431 405 2488 dimisit.
476 2420 642 2500 Aluredus,
661 2430 740 2486 filius
758 2430 892 2504 Adulphi
910 2430 990 2503 regis
1003 2429 1250 2492 westsaxonum,
1268 2429 1320 2501 qui
1340 2432 1440 2488 maxi·
1497 2459 1498 2496 2

286 2535 367 2575 mam
388 2519 584 2590 egritudinem
602 2537 620 2576 a
639 2519 739 2575 multis
757 2518 865 2574 diebus
882 2526 1078 2587 contraxerat,
1098 2517 1136 2572 de
1158 2529 1215 2589 qua
1238 2517 1343 2575 nullus
1366 2535 1440 2576 eum

242 2629 271 2679 ²⁵
286 2607 421 2663 medicus
448 2624 554 2663 sanare
581 2615 714 2679 poterat;
740 2606 840 2664 audita
865 2605 1099 2677 huiusvirginis
1121 2605 1300 2672 sarnacum
1324 2623 1441 2680 magno

286 2694 425 2753 conritatu
446 2711 529 2750 mare
552 2694 678 2763 transiit,
697 2693 804 2766 virgini
824 2703 929 2750 sancte
949 2691 1176 2764 [egritudinis]¹'
1189 2691 1365 2749 molestiam
1388 2711 1441 2750 ex·
1497 2751 1498 2760 ,

285 2782 393 2855 posuit,
406 2791 435 2840 et
446 2791 477 2838 vt
494 2799 601 2855 preces
614 2782 651 2837 ad
664 2781 754 2838 deum
772 2799 828 2854 pro
846 2780 913 2854 ipso
930 2779 1076 2847 funderet,
1093 2779 1272 2852 suppliciter
1289 2782 1442 2838 exorauit
1497 2775 1498 2782 '

287 2869 341 2926 llla
361 2887 433 2928 vero
455 2871 546 2926 fidem
569 2869 634 2926 eius
655 2869 858 2937 considerans,
879 2885 935 2940 pro
954 2868 1051 2924 salute
1070 2885 1126 2924 sua
1143 2868 1234 2923 deum
1254 2868 1386 2939 rogauit,
1409 2878 1440 2926 et
1497 2929 1498 2946 ἶ

285 2958 404 3014 sanitati
416 2957 562 3026 restituit;
581 2965 611 3014 et
624 2973 680 3013 nec
693 2956 786 3014 multo
799 2965 867 3029 post
879 2965 962 3011 muto
973 2955 1122 3028 loquelam
1136 2953 1272 3030 reddidit.
1308 2943 1442 3014 Ablatis
1497 2953 1498 2958 ’

240 3065 273 3116 go
285 3063 341 3119 per
358 3046 509 3119 quendam
525 3045 674 3101 tirannum
692 3044 836 3101 armentis
850 3043 975 3113 virginis
988 3053 1101 3110 sancte,
1118 3041 1208 3115 elegit
1224 3059 1329 3098 secum
1352 3041 1440 3116 Luge

285 3133 442 3206 virginem,
457 3133 618 3205 Brigidam,
631 3141 661 3189 et
673 3131 812 3189 Atheam.
849 3131 916 3202 Que
932 3147 1001 3187 cum
1013 3129 1169 3186 venissent
1181 3131 1220 3186 ad
1233 3129 1315 3186 littus
1332 3131 1441 3201 maris,

285 3230 316 3278 et
340 3221 381 3277 ibi
404 3237 498 3277 naues
519 3229 639 3293 paratas
658 3237 718 3276 non
738 3219 941 3288 inuenissent3
962 3217 1117 3274 confidens
1135 3217 1165 3272 in
1184 3216 1307 3274 domino
1325 3219 1439 3275 macilla

286 3308 399 3365 Christi
423 3307 576 3365 sororibus
594 3308 651 3364 ait:
678 3307 835 3377 ‘Oremus,
854 3305 959 3379 inquit,
977 3306 1142 3375 dominum,
1160 3314 1192 3380 ut
1211 3303 1298 3361 nobis
1316 3305 1440 3362 ancillis

286 3395 350 3452 suis
379 3395 522 3452 auxilium
553 3395 707 3468 adaperiat
736 3393 964 3451 transfretandi.¹
1003 3393 1140 3465 Cumque
1164 3400 1316 3464 prostrate
1343 3391 1439 3450 flexis

241 3504 271 3555 ³5
287 3483 413 3556 genibus
424 3500 532 3557 preces
543 3485 579 3540 ad
593 3484 683 3540 deum
700 3482 856 3551 fudissent,
874 3481 1000 3554 angelus
1018 3479 1131 3536 domini
1148 3479 1305 3535 descendit
1316 3480 1354 3534 de
1369 3481 1439 3536 celo

287 3579 317 3628 et
337 3580 452 3645 partem
473 3580 553 3628 terre
573 3571 603 3627 in
625 3571 748 3628 circuitu
767 3569 884 3626 illarum
902 3567 1108 3626 circumcinxit
1132 3576 1220 3638 atque
1244 3565 1386 3638 signauit,
1407 3579 1439 3624 et

287 3659 372 3732 quasi
397 3658 524 3715 insulam
546 3675 670 3731 paruam
692 3659 877 3715 constituens
898 3675 932 3714 ac
960 3655 1085 3712 marinis
1109 3655 1196 3727 aquis
1216 3654 1348 3727 vndique
1378 3656 1439 3712 cir-

286 3747 462 3804 cumluens²
479 3747 588 3804 virtute
608 3745 774 3803 admirabili
793 3763 810 3801 a
828 3745 917 3802 terris
936 3743 1046 3801 ceteris
1067 3741 1227 3816 separauit,
1246 3743 1439 3816 eandemque

286 3835 414 3892 insulam
428 3836 576 3907 stupenda
588 3834 758 3890 fortitudine
771 3833 886 3889 deloco
902 3831 1027 3905 proprio
1042 3829 1161 3900 leuauit,
1174 3839 1204 3886 et
1216 3830 1297 3886 velut
1309 3830 1341 3886 in
1353 3832 1437 3901 naui,

240 3949 273 3997 40
287 3923 410 3980 dilectas
420 3923 496 3980 deo³
506 3922 640 3996 virgines
649 3939 705 3994 per
712 3921 876 3978 immensos
884 3920 992 3976 ssuctus
1002 3934 1107 3975 secure
1116 3917 1148 3974 in
1158 3934 1194 3973 ea
1203 3917 1437 3976 transfretantes

286 4013 325 4068 de
339 4011 486 4070 Hibemia
497 4027 592 4084 vsque
606 4011 636 4067 in
652 4009 836 4066 Britanniam
854 4007 1073 4081 transportauit.
1111 4005 1248 4062 Eandem
1266 4015 1368 4062 autem
1391 4006 1438 4063 in-

287 4100 383 4157 sulam
402 4101 440 4156 de
461 4099 601 4157 lluctibus
620 4099 756 4155 eductam
775 4098 858 4170 apud
873 4105 1014 4166 castrum,
1035 4093 1180 4167 Daganno
1199 4095 1330 4163 nomine,
1352 4093 1438 4151 iuxta

287 4187 367 4244 littus
392 4186 485 4243 mar-is
507 4186 633 4259 angelus
656 4185 804 4244 firmauit:
831 4201 890 4257 que
913 4199 1009 4256 vsque
1034 4181 1065 4238 in
1089 4189 1261 4254 presentem
1287 4181 1370 4238 diem
1397 4183 1437 4238 ibi

352 4366 361 4396 ¹
377 4368 406 4417 T.
418 4367 586 4430 egritudinis;
604 4367 633 4418 E.
647 4367 808 4418 infirmitatis.
873 4365 883 4394 ¹
900 4366 930 4416 E.
943 4365 1129 4416 circumfluens.
1195 4361 1206 4392 ¹
1222 4361 1252 4412 E.
1264 4363 1291 4412 in
1304 4363 1363 4412 deo
