3054 4904
291 313 358 388 Ι72
596 294 942 400 mosellatenus
968 295 1120 399 fianta

287 495 390 569 inquit,
402 495 482 554 diem
496 506 621 572 propter
632 499 813 556 dominicam
825 517 885 574 que
896 499 928 556 in
941 517 978 556 eo
991 499 1067 556 iacta
1079 508 1126 556 est
1138 499 1405 556 resurrectionem
1420 499 1449 555 in

288 585 497 642 veneratione¹
511 587 667 657 habemus,
680 588 732 644 vt²
749 587 780 644 in
800 605 837 644 eo
850 587 969 644 seruilia
981 605 1074 661 opera
1086 588 1144 644 iam
1161 604 1222 643 non
1240 586 1406 655 faciamus,
1420 587 1450 642 in

288 688 348 743 quo
362 689 418 729 nos
430 691 448 729 a
461 669 610 730 seruitute
618 675 727 731 diaboli
744 676 918 748 redemptos
930 675 1079 731 nouimus.
1116 674 1183 730 Hoc
1196 682 1226 730 et
1238 675 1350 731 beatus
1366 693 1451 748 papa

289 757 451 832 Gregorius
476 759 614 828 affirmat,
635 763 758 820 dicens:
788 762 972 820 “Dominico
992 762 1041 820 die
1062 780 1081 819 a
1102 763 1203 819 labore
1227 771 1356 819 terreno
1381 781 1451 819 ces-

260 849 417 916 ,tsandum
438 857 493 918 est,
512 859 601 922 atque
623 850 796 907 omnimodo
821 851 1006 907 orationibus
1030 849 1249 916 insistendum
1268 858 1302 906 vt
1320 850 1350 906 si
1374 851 1450 924 quid

289 935 470 1008 negligentie
489 953 546 1008 per
570 953 625 994 sex
645 937 712 994 dies
732 937 838 1010 agitur,
860 955 915 1010 per
936 937 1017 994 diem
1038 936 1265 993 resurrectionis
1287 937 1450 993 dominice

288 1023 428 1094 precibus
445 1025 610 1097 expietur.'’
648 1024 731 1082 Idem
745 1043 864 1099 quoque
877 1033 963 1098 pater
976 1024 1138 1097 Gregorius
1150 1026 1300 1096 quendam
1313 1033 1450 1098 propter

288 1127 365 1182 opus
389 1119 542 1168 terrenum
565 1113 645 1185 quod
669 1113 718 1170 die
743 1113 910 1169 dominico³
935 1112 1053 1182 fecerat,
1074 1112 1209 1170 districta
1233 1112 1449 1184 increpatione

288 1196 409 1268 seriens,
427 1217 480 1256 eos
502 1217 628 1272 quorum
653 1201 709 1258 hoc
729 1201 863 1258 consiliis
881 1209 992 1272 egerat,
1011 1200 1128 1257 duobus
1147 1200 1301 1256 mensibus
1318 1217 1449 1256 excom-

246 1304 277 1340 ιο
291 1287 457 1343 municatos
475 1305 544 1344 esse
563 1289 714 1346 decreuit!
752 1289 821 1345 Hiis
840 1288 1006 1346 rationibus
1025 1287 1129 1361 regine
1148 1287 1296 1344 contraire
1314 1305 1383 1343 non
1399 1305 1449 1343 rra-

290 1373 387 1431 lentes
398 1375 417 1442 ⁴,
430 1375 471 1430 ita
484 1374 564 1433 diem
578 1376 761 1432 dominicum
781 1376 924 1449 deinceps
943 1377 1153 1443 obseruabant,
1165 1385 1197 1432 vt
1209 1375 1448 1448 necquicquam

290 1459 320 1516 in
331 1462 495 1534 cooperari
506 1464 660 1520 auderent.
724 1452 831 1521 Illicita
841 1464 931 1520 etiam
941 1479 1138 1520 nouercamm
1149 1463 1292 1535 coniugia,
1302 1463 1450 1519 similiter

290 1557 320 1606 et
333 1567 457 1606 vxorem
475 1549 573 1608 fratris
589 1549 720 1608 defuncti
734 1552 856 1610 fratrem
869 1551 1062 1624 superstitem
1075 1552 1277 1624 ducere-que
1294 1549 1335 1606 ibi
1352 1561 1448 1606 antea
1509 1583 1510 1590 κ

291 1635 410 1704 fiebant,
424 1637 514 1695 nimis
531 1639 661 1696 ostendit
678 1639 848 1696 execranda
865 1647 895 1696 et
910 1656 929 1695 a
945 1638 1086 1695 fidelibus
1098 1639 1179 1696 velut
1196 1637 1292 1711 ipsam
1310 1647 1448 1694 mortem
1509 1697 1510 1712 ,

249 1725 459 1792 15deuitanda.
498 1725 590 1782 Multa
610 1743 728 1800 quoque
749 1727 807 1783 alia
828 1735 932 1783 contra
956 1743 1072 1784 morem
1093 1727 1221 1784 ecclesie
1243 1725 1447 1788 inoteuerant,

290 1829 350 1884 que
360 1812 389 1869 in
399 1813 507 1870 eodem
516 1813 838 1888 concilio⁶dampnans
848 1815 886 1872 de
896 1814 981 1887 regni
992 1815 1103 1870 finibus
1112 1801 1445 1886 extirpatum-Cum
1509 1835 1510 1876 t

292 1900 372 1957 enim
391 1901 429 1958 de
439 1901 534 1958 salute
550 1901 650 1958 anime
667 1901 832 1959 consessori
848 1920 903 1959 suo
911 1901 931 1972 ⁸,
944 1911 974 1959 et
989 1903 1027 1958 de
1045 1900 1447 1974 perennisviteloqueretur
1509 1969 1510 1972 Ἴ

291 1988 458 2056 dulcedine,
481 1990 575 2046 verba
598 1990 698 2047 omnis
725 1990 820 2062 gratie
844 1991 933 2063 plena
958 1989 1138 2062 proferebat,
1162 1997 1337 2060 tantumque
1363 1990 1446 2046 inter

292 2076 476 2149 loquendum
486 2079 750 2150 compungebatur,
758 2087 790 2134 vt
802 2086 864 2134 tota
876 2077 907 2134 in
918 2078 1076 2135 lachrimas
1086 2076 1266 2133 resoluenda
1275 2085 1445 2148 putaretur.

250 2185 280 2222 ao
294 2163 328 2220 ln
342 2165 468 2222 ecclesia
483 2181 572 2221 nemo
588 2165 639 2221 illa
655 2165 771 2222 silendo
784 2165 920 2238 quietior,
932 2166 1046 2221 orando
1059 2181 1149 2220 nemo
1161 2164 1263 2220 aderat
1280 2163 1444 2232 intention
1509 2169 1510 2172 ’

293 2252 365 2308 nihil
383 2269 515 2326 vnquam
533 2251 564 2309 in
581 2253 671 2309 domo
688 2252 736 2309 dei
755 2253 892 2309 seculare
910 2252 999 2325 loqui,
1012 2251 1085 2308 nihil
1099 2261 1251 2308 terrenum
1269 2267 1371 2322 agere,
1390 2251 1445 2308 sed

292 2348 406 2396 tanturn
430 2349 627 2397 consueuerat
647 2357 745 2407 orare,
765 2357 856 2396 orans
868 2339 1038 2411 ¹lachrimas
1063 2339 1198 2396 sundere.
1236 2338 1295 2396 Per
1315 2338 1444 2395 nimiam

293 2444 365 2484 vero
374 2428 585 2484 abstinentiam
594 2427 772 2500 grauissime
783 2427 964 2484 infirmitatis
974 2426 1142 2485 molestiam
1153 2427 1332 2482 incurrebat
1361 2425 1444 2496 Quid

295 2514 436 2588 [autem]⁷
450 2515 529 2572 illius
542 2524 664 2588 pectore
677 2515 863 2584 clementius,
871 2515 943 2587 quid
954 2532 1025 2587 erga
1036 2531 1150 2587 egenos
1162 2513 1341 2586 benignius?
1373 2514 1445 2569 Non

250 2621 280 2672 ²⁵
294 2603 392 2660 solum
415 2619 477 2672 sua,
499 2603 666 2660 sedetiam
689 2602 832 2676 seipsam,
851 2602 876 2658 si
901 2602 1013 2672 liceret,
1033 2601 1214 2674 pauperibus
1239 2601 1369 2658 libenter
1392 2604 1445 2658 im-

296 2689 461 2764 pendisset.
490 2689 640 2747 Omnibus
656 2689 719 2746 suis
735 2689 919 2763 pauperibus
937 2699 1002 2746 erat
1020 2690 1088 2762 ipsa
1104 2689 1280 2762 pauperior:
1300 2688 1343 2744 illi
1360 2690 1445 2746 enim

226 2821 234 2830 .
297 2794 357 2834 non
376 2779 522 2834 habentes
540 2778 652 2834 habere
671 2776 840 2850 cupiebant,
854 2777 905 2832 illa
916 2794 988 2835 vero
1006 2794 1064 2850 que
1082 2777 1228 2833 habebat⁸
1240 2777 1444 2849 dispergebat.

296 2865 373 2923 Cum
391 2875 491 2923 autem
510 2864 541 2922 in
561 2866 712 2937 publicum
732 2865 917 2937 procederet,
933 2865 1121 2932 miserorum,
1133 2864 1348 2936 orphanorum,
1360 2864 1444 2920 vidu-

270 2959 273 2966 ’
296 2971 380 3011 arum
397 2970 506 3026 greges
519 2953 603 3026 quasi
621 2955 659 3009 ad
676 2963 802 3009 matrem
816 2951 982 3025 piissimam
996 2951 1215 3020 confluxerunt,
1226 2967 1356 3023 quorum
1370 2949 1444 3006 nulli
1509 2969 1510 2986 ³

251 3060 282 3108 30
296 3042 334 3098 ab
353 3059 389 3098 ea
407 3041 473 3098 sine
493 3041 696 3097 consolatione
714 3041 926 3098 abscesserunt
936 3040 954 3095 ⁹.
990 3039 1155 3108 Interdum,
1167 3037 1342 3110 quicquid¹⁰
1354 3047 1444 3105 esset,
1509 3051 1510 3074 ¹

298 3129 378 3201 regis
395 3129 550 3202 proprium
569 3127 674 3202 egenis
687 3127 887 3200 errogandum
900 3126 982 3184 tulit:
1002 3143 1093 3199 quam
1107 3144 1163 3182 rex
1174 3125 1294 3197 pietatis
1307 3127 1445 3198 rapinam

296 3215 420 3272 omnino
436 3227 589 3289 acceptam
608 3233 731 3289 semper
748 3225 779 3270 et
796 3225 911 3287 gratam
928 3213 1038 3282 habuit,
1051 3223 1081 3270 et
1098 3231 1131 3270 se
1149 3213 1267 3270 nescire
1284 3211 1446 3270 simulauit.

299 3303 366 3358 Non
377 3305 473 3360 solum
484 3304 589 3377 egenis
601 3303 760 3377 indigenis,
769 3320 873 3359 verum
883 3302 972 3358 etiam
982 3302 1021 3359 de
1033 3302 1173 3358 omnibus
1186 3317 1266 3373 pene
1275 3300 1446 3358 nationibus
1509 3299 1510 3358 ἶ

299 3409 385 3448 suam
398 3392 634 3450 munificentiam
646 3392 816 3449 exhibebat.
851 3390 1093 3448 Innumerabiles
1111 3389 1245 3461 captiuos
1258 3389 1329 3444 dato
1345 3389 1446 3462 precio
1509 3407 1510 3452 l

253 3497 283 3547 ³⁵
297 3479 425 3536 libertati
442 3480 569 3538 restituit
581 3497 658 3554 quos
670 3482 708 3537 de
720 3489 810 3552 gente
822 3478 991 3551 Anglorum
1004 3477 1144 3535 violentia
1156 3475 1273 3533 hostilis
1286 3475 1446 3533 Scotorum
1509 3471 1510 3474 ’

299 3568 330 3624 in
347 3585 454 3625 seruos
473 3569 648 3640 redegerat;
674 3567 805 3625 occultos
821 3565 1028 3640 exploratores
1044 3583 1100 3638 per
1118 3563 1289 3638 prouincias
1306 3564 1399 3634 misit,
1417 3573 1446 3620 ut
1509 3579 1510 3588 ¹

298 3655 350 3730 qui
371 3655 484 3712 duriori
509 3665 720 3728 premerentur
743 3653 890 3712 seruitute
911 3663 940 3711 et
965 3653 1127 3710 inhumane
1151 3660 1361 3722 tractarentur,
1383 3652 1446 3710 eius
1509 3665 1510 3730 ζ

298 3744 475 3802 liberalitate
500 3744 608 3801 redimi
631 3751 763 3816 possent
806 3741 980 3799 Heremitas
1004 3751 1034 3798 et
1058 3740 1204 3814 separatis
1229 3739 1314 3796 cellis
1338 3741 1447 3813 ubique
1509 3741 1510 3816 ]

298 3833 432 3892 inclusos
446 3831 567 3890 Christo
579 3831 745 3888 seruientes
757 3829 903 3898 venerari,
915 3831 1048 3902 diligere,
1061 3846 1116 3886 suo
1128 3830 1260 3884 aduentu
1272 3835 1303 3885 et
1319 3828 1446 3902 alloquio
1509 3865 1510 3870 κ

252 3943 285 3995 4ο
299 3921 433 3980 crebrius
451 3920 572 3978 visitare
591 3918 754 3988 consueuit,
769 3925 800 3975 et
819 3917 937 3975 illorum
956 3916 1096 3990 precibus
1115 3933 1148 3974 se
1167 3914 1402 3984 commendauit,
1421 3923 1447 3972 et

298 4009 438 4084 quicquid
452 4009 593 4082 petebant
605 4008 714 4064 deuota
725 4005 869 4079 impleuit
930 3993 1014 4064 Cum
1026 4003 1173 4078 principio
1185 4002 1282 4059 noctis
1293 4005 1447 4075 paululum
1509 3985 1510 4008 ¹

299 4098 473 4172 quieuisset,
484 4094 642 4153 ecclesiam
651 4093 796 4168 ingressa,
806 4092 966 4150 matutinas
972 4093 1011 4150 de
1023 4091 1149 4165 [saneta]
1158 4091 1176 4122 ¹¹
1187 4089 1330 4161 trinitate,
1338 4093 1447 4150 deinde

333 4233 386 4281 ¹T.
399 4231 428 4282 E.
441 4230 644 4281 venerationem.
727 4227 805 4278 'Via
817 4228 956 4277 habeamus
967 4233 1002 4276 et.
1100 4223 1156 4273 ⁸12.
1168 4224 1302 4275 dominica.
1395 4225 1447 4274 ¹13.
1509 4255 1510 4258 =

300 4297 427 4348 volentes.
504 4297 561 4348 ⁶13.
575 4295 692 4348 consilio.
774 4293 850 4344 'Vit
864 4294 933 4343 mihi.
1016 4290 1072 4342 ll.
1085 4291 1115 4342 E.
1125 4291 1200 4340 enim.
1283 4289 1340 4338 ⁸T.
1353 4289 1446 4343 habuit.

300 4365 311 4396 ¹
328 4363 357 4415 E.
369 4365 544 4414 abcmoerunt.
612 4361 631 4394 ¹⁰
647 4361 698 4412 vn„
711 4361 890 4426 quodcumque
899 4359 961 4410 illud
971 4365 1048 4410 esset.
1115 4356 1133 4387 ²¹
1145 4371 1176 4408 so
1187 4355 1235 4416 T.;
1251 4371 1301 4406 om.
1316 4356 1345 4405 in
1358 4357 1388 4410 E.
