3046 4902
129 270 355 338 assonare-r
389 252 777 348 nen-cummis
794 271 888 360 tete
905 263 1150 361 amatote.
1202 267 1274 353 623

504 521 529 582 ll
548 523 598 576 Da
615 535 735 578 nuntio
754 535 900 579 runniro.

456 635 485 688 lr
504 635 618 705 quidam
639 653 703 689 cum
723 635 849 704 coniuge,
869 647 899 691 vt
916 635 998 691 nobis
1018 636 1107 692 sancti
1127 637 1272 693 Edmundi

488 718 581 773 retulit
598 718 719 785 edituus,
736 719 773 772 ad
793 729 921 773 sanctum
943 719 1127 774 Edmundum
1146 732 1276 776 oraturus

127 795 252 851 aduenit.
288 798 343 853 Vbi
372 810 533 855 reuerenter
562 811 641 855 stans
666 811 696 856 et
723 817 825 856 orans:
855 819 970 856 manum
994 803 1111 872 apponit
1135 821 1274 868 crumene‚

127 877 269 947 queritans
290 879 320 934 in
338 899 373 936 ea
394 883 462 954 quid
482 883 581 938 offerat
603 883 695 952 digne.
733 884 793 938 lliic
817 884 892 938 enim
916 895 1049 956 posuerat
1072 903 1218 941 nummum
1242 903 1276 942 ex

126 958 288 1017 iustissimis
299 982 392 1020 rerum
411 983 523 1021 suarum
539 967 675 1032 semotim,
688 967 742 1020 deo
758 977 787 1021 et
807 977 905 1022 sancto
922 967 1075 1022 Edmundo
1094 967 1303 1039 offerendum

127 1045 222 1111 Quem
243 1063 300 1100 non
325 1047 479 1116 inueniens,
503 1049 592 1104 nescit
616 1049 684 1120 quid
706 1060 781 1118 agat,
803 1060 830 1104 et
852 1049 937 1104 alium
960 1049 1058 1104 offerre
1077 1051 1201 1115 dubitat:
1227 1051 1274 1106 vbi

126 1127 279 1196 perdiderit
298 1131 427 1201 stupidus
452 1131 565 1200 cogitat,
590 1132 686 1204 sicque
706 1132 822 1187 vocibus
846 1131 987 1204 querulis⁸
1006 1144 1103 1188 sancto
1123 1134 1275 1189 Edmundo

127 1211 269 1268 clamitat:
301 1213 344 1268 ‘0
374 1213 488 1269 domine
516 1225 543 1270 et
572 1225 668 1270 sancte
697 1215 857 1282 Edmunde,
886 1231 952 1270 ecce
981 1215 1089 1286 perdidi
1118 1217 1193 1286 quod
1217 1216 1275 1270 dis·

126 1310 278 1363 posueram
300 1297 350 1352 tibi
369 1297 484 1362 offerre'
502 1307 530 1352 et
550 1296 654 1352 abinde
675 1298 778 1367 pedem
797 1314 954 1365 remouens,
972 1299 1035 1352 loca
1053 1298 1152 1368 repetit
1173 1298 1276 1368 quibus

125 1375 206 1446 prius
223 1377 335 1434 stetisse
353 1397 383 1435 se
400 1379 536 1434 meminit.
574 1380 790 1450 Ingrediensque
809 1381 900 1436 iorum
919 1381 1030 1452 respicit
1049 1382 1275 1453 circumquaque,
1290 1410 1321 1446 10

126 1469 155 1514 et
172 1471 257 1516 cunta
273 1462 334 1516 loca
346 1463 422 1518 videt
438 1464 589 1518 multorum
607 1463 679 1532 pede
696 1464 876 1520 conculcata:
906 1475 948 1520 set
965 1464 1066 1519 mirum
1085 1464 1170 1531 dictu,
1183 1463 1275 1520 subito

126 1543 205 1598 uidet
223 1561 368 1600 nummum
384 1546 529 1616 splendere
541 1545 570 1600 in
583 1547 682 1602 eodem
695 1563 751 1618 quo
769 1546 891 1616 perdidit
907 1548 977 1614 loco,
990 1547 1108 1617 pedibus
1125 1548 1275 1602 multorum

126 1625 281 1682 deculcato.
317 1629 441 1684 Acclinis
461 1627 556 1701 itaque
575 1639 648 1684 terre
669 1629 792 1700 speciem
813 1630 920 1684 nummi
944 1629 1137 1699 recognoscit3
1163 1629 1275 1700 accipit,

125 1721 154 1765 et
167 1710 238 1765 redit
250 1712 356 1767 biliaris
367 1713 405 1767 ad
417 1713 556 1780 feretrum,
569 1721 597 1767 et
610 1712 718 1766 nummi
734 1711 836 1782 perditi
853 1711 984 1781 patefecit
1003 1713 1135 1766 omnibus
1153 1711 1274 1766 miracu·

125 1794 216 1849 losam
233 1794 436 1858 inuencionem,
453 1794 556 1850 deinde
571 1811 717 1850 nummum
735 1794 815 1849 offert
830 1794 940 1863 gracias
957 1810 1045 1863 agens
1063 1794 1117 1848 deo
1134 1803 1161 1848 et
1177 1803 1318 1867 sanct015

125 1893 179 1931 suo
192 1877 345 1933 Edmundo
357 1875 462 1932 martiri
473 1877 602 1947 glorioso.

163 674 375 732 Hermannus1.

525 2004 549 2063 ti
569 2005 620 2059 Du
638 2017 759 2060 rurum
779 2016 877 2059 nuru.

161 2155 348 2209 Hermum
392 2109 507 2236 ALio
521 2120 654 2180 tempore,
667 2109 762 2178 vigilia
779 2119 939 2163 sanctorum
956 2107 993 2178 vij
1006 2107 1132 2176 fratrum,
1145 2109 1221 2164 venit
1236 2110 1273 2165 ab

492 2192 621 2246 Estsexia
633 2209 696 2246 cum
707 2191 853 2246 oblacione
864 2200 948 2261 atque
960 2189 1077 2245 candela
1090 2190 1193 2246 deuota
1205 2209 1273 2262 que·

125 2275 192 2330 dam
209 2285 336 2330 matrona
354 2293 438 2331 orans
458 2275 494 2330 ad
511 2274 601 2330 sancti
616 2273 736 2329 martiris
755 2290 863 2343 corpus,
882 2290 945 2327 cum
960 2289 1011 2327 sua
1029 2271 1199 2344 pedissequa
1217 2275 1273 2329 iam

125 2359 182 2414 iarn
195 2357 314 2414 triennio
330 2369 415 2414 muta
453 2361 515 2428 Que
531 2357 641 2427 longius
657 2357 795 2412 recubans
809 2373 895 2427 quarn
912 2355 1026 2410 domina
1041 2355 1120 2426 quasi
1137 2373 1221 2412 orans
1235 2358 1273 2412 ad
1287 2380 1319 2416 ro

125 2451 306 2496 sacrosancta
314 2441 438 2512 pignora,
447 2440 628 2510 diuinumque
641 2440 770 2495 senciens
782 2436 964 2506 antidotum⁸,
975 2438 1073 2508 surgit,
1084 2457 1134 2495 sue
1144 2439 1273 2512 inquiens

125 2524 261 2579 domine:
292 2525 389 2579 ‘Bene
417 2523 512 2588 michi,
540 2523 665 2592 domina,
693 2523 766 2576 bene
797 2521 902 2589 micbi;
939 2538 1006 2576 ecce
1034 2521 1109 2592 loqui
1138 2523 1272 2593 possum!

126 2606 248 2663 Miratur
276 2618 412 2670 matrona,
442 2605 537 2660 laudat
567 2615 595 2658 et
625 2605 709 2659 deum
734 2621 804 2658 voce
834 2604 1002 2659 dulcissima
1040 2605 1124 2673 Quod
1156 2623 1273 2662 cernens

124 2690 241 2746 ecclesie
258 2701 360 2756 custos,
379 2687 420 2743 vir
438 2687 582 2757 religiosus
601 2685 714 2742 nomine
730 2687 847 2742 Tolinus
866 2689 1030 2756 monachus,
1048 2705 1082 2742 ex
1100 2689 1198 2744 ordine
1216 2689 1271 2744 ira·

123 2773 213 2827 tribus
231 2772 372 2828 reuelauit.
1287 2793 1316 2843 ²5

529 2851 554 2912 ‘t
573 2853 623 2907 Dr
641 2863 764 2908 rusum
783 2863 869 2906 caen.

458 2955 565 3011 ldimus
578 2956 606 3010 in
621 2956 768 3011 natiuitate
782 2955 900 3024 gloriose
913 2955 1029 3024 virginis
1044 2955 1134 3011 Marie
1149 2958 1269 3026 puellam

491 3040 635 3110 quandam
654 3037 797 3109 sospitatis
813 3036 904 3092 visum
923 3037 1071 3108 recepisse,
1090 3055 1174 3110 quam
1193 3050 1272 3110 pater

122 3123 184 3178 eius
203 3123 361 3178 Willelmus
385 3122 506 3190 nomine,
521 3121 671 3178 Colcestrie
690 3120 867 3186 inhabitator,
884 3119 996 3174 miserat
1014 3120 1052 3175 ad
1071 3130 1198 3176 sanctum
1211 3123 1271 3178 Ed·

123 3206 260 3260 mundum
275 3223 339 3260 cum
353 3206 469 3262 nutrice.
507 3205 595 3276 igitur
611 3207 648 3259 ad
661 3205 788 3260 tumbam
801 3203 889 3258 sancti
904 3202 1005 3269 delata,
1017 3203 1046 3257 in
1059 3203 1104 3258 die
1116 3203 1271 3260 natiuitatis

123 3289 205 3343 beate
229 3288 320 3344 Marie
338 3288 429 3343 visum
447 3287 559 3358 recepit
596 3287 707 3342 Deinde
725 3304 777 3357 pro
795 3284 954 3341 testimonio
975 3285 1080 3341 sistitur
1101 3285 1129 3341 in
1148 3288 1271 3342 medium
1285 3307 1317 3358 30

123 3371 161 3424 ad
179 3387 259 3425 sacra
272 3371 437 3442 sollempnia
449 3371 598 3426 missarum
609 3387 616 3438 ;
635 3371 786 3426 decantant
797 3368 928 3424 monachi
941 3367 999 3424 ‘Te
1012 3369 1097 3424 deum
1108 3371 1272 3440 laudamus,’

122 3453 320 3523 magnificatur
343 3472 361 3510 a
383 3455 487 3525 populo
511 3454 582 3508 deus
605 3470 639 3508 ac
663 3451 782 3524 genitrix
805 3451 874 3520 eius,
898 3469 1007 3507 necnon
1034 3463 1150 3510 sauctus
1175 3455 1272 3510 martir

123 3537 300 3592 Edmundus.

159 2997 355 3052 Hermannus.

418 3629 468 3682 Du
485 3639 622 3692 Quanam
641 3638 825 3683 couraacra
844 3635 977 3681 conara

468 3743 541 3800 Uius
554 3742 666 3812 gloriosi
679 3740 768 3797 sancti
780 3739 887 3796 meritis
896 3741 1017 3811 quedam
1029 3750 1144 3796 sanatur
1151 3758 1269 3811 pauper·

502 3827 566 3880 cula
585 3825 613 3880 in
635 3825 707 3881 iesto
727 3823 817 3879 sancti
840 3822 972 3877 Iohannis
994 3823 1127 3892 Baptiste.
1164 3821 1269 3894 Requi·
1283 3841 1314 3893 ³⁵

123 3907 208 3962 sierat
221 3907 295 3960 enim
307 3917 438 3962 sanctum
452 3908 635 3963 Edmundum
650 3924 714 3963 cum
727 3903 991 3978 [co]habitatoribus
1004 3905 1069 3970 suis,
1083 3905 1192 3961 duobus
1209 3923 1268 3961 sus-

122 3999 230 4046 tentata
248 3989 366 4044 baculis.
403 3991 467 4045 Hec
484 4001 546 4060 post
559 3991 719 4045 oracionem
733 4004 811 4056 sana,
825 3989 884 4041 sine
897 3986 998 4040 baculo
1011 3987 1118 4042 sistitur
1128 3988 1156 4042 in
1175 3991 1269 4046 medio

123 4089 174 4143 pro
188 4072 355 4127 testimonio.
380 4075 481 4129 Testes
492 4073 583 4128 eciam
597 4084 694 4128 assunt
703 4073 751 4144 qui
761 4087 825 4126 eam
833 4078 1004 4124 contractam
1013 4069 1155 4127 sevidisse
1164 4071 1269 4128 dicunt

157 3787 353 3842 Hermannus.

230 4223 819 4344 llhenulmimquiilffiultlllm
954 4223 1029 4275 ’MS
1049 4225 1171 4292 querulus.
