3046 4902
78 335 145 386 ns.
160 335 232 386 aa.
244 335 311 403 ...1
356 302 431 395 Da
447 299 743 394 §.danuam
759 317 854 407 rent
871 311 1115 408 amatura.
1169 329 1238 407 595

74 504 183 572 stricti,
195 505 285 560 sancti
310 505 471 561 Theodredi
483 506 653 562 elmanensis
665 507 799 578 episcopi,
812 508 858 579 qui
872 508 986 564 ‘bonus'
1000 509 1160 576 vocabatur,
1173 523 1240 563 con-

76 587 199 643 sistorio
241 597 444 658 presentantur.
498 588 553 657 Qui
582 589 813 660 inpremeditatus
844 591 1015 647 sentenciam
1045 590 1124 646 dedit
1156 607 1240 662 quam

77 687 117 726 se
140 669 254 725 dedisse
275 671 352 726 omni
374 682 499 742 tempore
519 672 575 728 vite
600 690 650 728 sue
680 673 808 743 penituit,
835 690 902 729 nam
927 691 1025 729 omnes
1053 673 1135 728 simul
1160 672 1240 728 iussit

77 753 164 822 affigi
177 752 319 822 patibulis,
327 771 361 810 eo
369 754 447 825 quod
455 754 517 810 ausi
526 755 644 810 luissent
653 756 755 810 atrium
768 756 856 812 sancti
869 756 989 812 martiris
998 757 1099 812 furtiue
1113 756 1219 826 ingredi
1232 775 1240 822 ;

78 852 143 890 non
165 837 302 891 reducens
321 838 358 892 ad
383 838 547 892 memoriam
568 839 644 909 quod
669 838 801 894 dominus
825 856 875 909 per
898 841 1064 910 prophetam
1088 849 1268 913 ammonet,5

78 919 201 974 dicens:
230 920 296 974 ‘eos
320 919 367 990 qui
397 921 536 976 ducuntur
562 921 600 975 ad
623 931 751 989 mortem,
777 939 874 976 eruere
897 939 956 976 non
980 922 1108 989 cesses3'
1134 922 1240 977 lactum

79 1019 199 1073 quoque
218 1001 327 1057 Helisei
351 1005 494 1074 prophete,
514 1004 562 1074 qui
585 1005 757 1060 latrunculos
781 1005 818 1059 de
841 1004 976 1072 Samaria,
996 1015 1093 1075 pastos
1117 1021 1190 1074 pane
1211 1015 1239 1060 et

78 1102 160 1155 aqua
179 1085 286 1140 remisit
308 1086 344 1140 ad
365 1085 485 1156 propria,
506 1087 603 1141 dicens
629 1087 689 1156 regi
713 1086 816 1142 volenti
837 1105 886 1142 eos
911 1097 1064 1156 percutere,
1086 1087 1162 1157 quod
1182 1103 1238 1140 non

80 1167 207 1238 cepisset
224 1186 272 1223 eos
290 1168 318 1222 in
331 1169 424 1238 gladio
438 1179 466 1224 et
478 1187 545 1224 arcu
562 1187 630 1238 suo:
650 1171 780 1241 Apostoli
793 1170 883 1224 eciam
892 1170 1143 1241 preceptum,quod
1155 1169 1239 1224 dicit:

81 1251 248 1305 ‘Secularia
266 1251 384 1321 negocia
402 1251 425 1308 si
450 1252 613 1321 habueritis,
640 1253 864 1324 contemptibiles
888 1253 936 1324 qui
969 1261 1034 1307 sunt
1059 1252 1086 1306 in
1113 1253 1239 1320 ecclesia,
1255 1276 1285 1312 rr.

81 1333 102 1387 i.
117 1333 191 1388 viros
208 1336 355 1404 seculares,
371 1335 531 1392 constituite
545 1336 582 1390 ad
600 1335 798 1391 iudicandum.¹
836 1338 966 1391 Canones
982 1335 1073 1391 eciam
1092 1334 1240 1405 prohibent

82 1433 122 1471 ne
134 1415 198 1487 quis
211 1418 358 1487 episcopus
370 1428 418 1472 aut
431 1417 548 1490 quilibet
560 1419 595 1473 de
608 1419 682 1472 clero
694 1418 825 1474 delatoris
837 1419 970 1486 iungatur
980 1417 1088 1472 officio:
1107 1419 1240 1489 quoniam

81 1499 154 1553 satis
174 1499 292 1555 dedecet
311 1499 453 1555 ministros
473 1500 528 1555 vite
551 1501 669 1569 celestis,
688 1518 837 1556 assensum
858 1502 974 1572 prebere
990 1501 1018 1556 in
1040 1512 1158 1556 mortem
1180 1502 1239 1557 eius

82 1597 137 1651 pro
159 1598 214 1652 quo
236 1581 363 1638 Christus
382 1593 509 1638 mortuus
531 1593 582 1638 est.
620 1585 811 1652 Quamobrem
834 1585 976 1654 predictus
993 1583 1142 1654 episcopus
1161 1584 1189 1638 in
1209 1603 1240 1640 se

82 1682 216 1719 reuersus
236 1665 364 1732 grauiter
394 1665 522 1734 indoluit,
546 1677 574 1722 et
604 1666 658 1722 sibi
689 1667 877 1737 penitenciam
902 1668 1028 1722 indicens
1052 1667 1081 1722 in
1106 1668 1240 1737 grauibus
1255 1688 1284 1738 ¹5

82 1747 217 1804 lamentis
237 1747 347 1803 diucius
369 1766 399 1803 se
421 1749 516 1803 dedit:
548 1767 581 1804 ac
606 1748 709 1804 deinde
730 1751 848 1820 populos
874 1767 923 1804 sue
948 1749 1067 1804 diocesis
1094 1761 1240 1818 conuocat,

84 1829 251 1901 suppliciter
266 1832 439 1901 persuadens
456 1841 485 1886 vt
498 1849 515 1886 a
528 1849 558 1887 se
573 1832 702 1886 triduano
719 1832 822 1887 ieiunio
838 1832 933 1887 diuine
948 1830 1153 1902 indignacionis
1170 1832 1240 1888 iram

82 1923 224 1979 auertant,
243 1913 374 1984 quatinus
397 1914 532 1969 sacrificio
553 1913 667 1985 spiritus
689 1915 867 1969 contribulati
892 1916 1017 1984 placatus
1044 1915 1174 1969 dominus
1202 1915 1240 1970 illi

83 2013 168 2051 suam
188 1997 312 2066 graciam
333 1997 508 2064 concederet,
528 2014 584 2067 qua
603 2015 705 2068 corpus
724 1998 798 2052 beati
820 1998 942 2052 martiris
962 2007 1076 2066 tangere
1095 2009 1124 2052 et
1145 1999 1241 2052 lauare

83 2080 211 2146 auderet,
234 2090 263 2136 et
288 2080 441 2135 honestiori
465 2081 566 2136 locello
591 2091 746 2151 reponeret.
794 2080 869 2149 Quia
892 2082 957 2136 licet
981 2080 1067 2135 tantis
1093 2081 1239 2136 virtutibus
1254 2109 1286 2144 20

83 2162 198 2217 floreret
216 2161 244 2216 in
263 2163 377 2228 mundo,
390 2163 506 2234 indigno
523 2173 616 2218 tamen
635 2174 663 2219 et
681 2163 856 2219 insufficienti
875 2163 1071 2219 continebatur
1088 2166 1239 2220 mauseolo.

86 2247 194 2300 Pacata
214 2255 243 2299 ut
262 2245 380 2301 credidit
402 2245 442 2301 ira
461 2245 506 2301 dei
520 2263 604 2316 quam
625 2247 661 2301 de
679 2257 767 2302 morte
787 2247 878 2301 iurum
896 2257 1101 2316 promeruerat:
1120 2248 1240 2302 accessit

84 2337 116 2382 vt
136 2339 266 2382 sanctum
285 2345 378 2397 regem
398 2339 425 2384 et
445 2328 587 2384 martirem
607 2329 792 2384 Edmundum
804 2328 917 2400 dignius
937 2329 1081 2399 sepeliret:
1100 2339 1127 2384 et
1142 2339 1239 2399 aperto

85 2411 187 2465 locello
199 2410 268 2466 vidit
285 2422 313 2466 et
332 2409 454 2481 repperit
475 2411 543 2465 illud
564 2428 666 2482 corpus
687 2411 904 2478 sanctissimum,
922 2421 987 2467 ante
1006 2412 1188 2466 dilaceratum
1212 2422 1240 2467 et

84 2503 218 2548 truncum
232 2493 369 2564 passionis
383 2503 519 2564 tempore,
533 2493 588 2549 iarn
601 2495 748 2564 integrum,
761 2494 879 2562 unitum,
891 2505 919 2550 et
933 2495 1130 2564 incorruptum.
1153 2495 1239 2565 Vidit,
1256 2523 1285 2569 ²5

85 2576 211 2646 inquam,
225 2587 252 2631 et
269 2576 383 2646 gauisus
400 2586 443 2631 est
455 2596 462 2642 3
481 2576 580 2646 tetigit,
593 2577 671 2646 lauit,
684 2590 711 2632 et
725 2595 833 2632 rursum
850 2577 932 2632 nouis
948 2589 976 2633 et
988 2577 1102 2648 optimis
1115 2579 1241 2633 vestibus

85 2659 225 2728 indutum,
243 2659 337 2729 ligneo
354 2671 382 2714 et
402 2676 476 2714 nouo
497 2659 654 2715 recondidit
666 2659 773 2728 loculo;
794 2659 889 2730 sicque
905 2660 985 2716 testis
1006 2669 1067 2715 erat
1086 2661 1122 2714 ad
1142 2679 1241 2717 omnes

85 2743 123 2798 de
135 2742 247 2812 gloriosi
260 2742 384 2814 corporis
397 2740 564 2812 integritate,
573 2743 647 2813 quod
667 2743 755 2798 oculis
769 2753 950 2812 conspexerat
960 2753 988 2798 et
1000 2743 1129 2798 manibus
1141 2753 1240 2799 attrec-

85 2829 304 2880 tauerat.—llec
320 2837 416 2881 autern
439 2825 592 2896 prescripta
612 2825 747 2880 miracula
768 2823 905 2895 passionis
925 2825 1038 2880 historie
1057 2835 1120 2880 sunt
1140 2825 1240 2882 innexa

86 2907 124 2963 ad
147 2907 364 2978 incorruptionis
386 2909 600 2976 probamentum
619 2925 703 2978 quam
730 2909 765 2962 de
789 2907 954 2976 virginitatis
976 2909 1076 2962 merito
1100 2909 1240 2964 credimus
1253 2933 1286 2980 30

86 2999 185 3046 sancto
200 2991 338 3044 indultam
352 2991 507 3046 Edmundo
518 3000 585 3046 ante
597 2990 672 3045 diem
689 3007 791 3058 magne
807 2988 1046 3060 resur[r]eccionis
1059 3001 1088 3046 et
1103 2992 1240 3059 generalis

87 3073 313 3143 incorrupcionis.
351 3072 429 3128 Sicut
445 3090 513 3144 ergo
529 3074 566 3127 de
582 3073 665 3129 beato
681 3074 807 3127 iohanne
820 3075 947 3142 apostolo
960 3073 1066 3142 legitur,
1081 3074 1142 3143 ipsa
1157 3075 1239 3130 docet

87 3156 265 3228 incorrupcio
289 3156 381 3212 carnis
404 3173 490 3227 quarn
514 3157 623 3211 alienus
645 3155 741 3210 martir
760 3155 880 3210 extiterit
900 3157 937 3212 ab
957 3155 1033 3210 omni
1058 3156 1239 3227 corrupcione

87 3239 199 3294 mentis.
249 3241 315 3295 Non
340 3239 417 3312 quod
442 3239 570 3294 omnibus
595 3237 767 3310 virginibus¹
795 3240 933 3294 indultum
964 3239 999 3293 sit
1030 3250 1094 3309 post
1120 3251 1239 3295 mortem

86 3322 265 3394 priuilegium
290 3322 443 3393 incorrupti
468 3322 607 3392 corporis:
635 3321 700 3392 quia
722 3339 792 3393 quos
817 3321 844 3376 in
868 3323 997 3391 angelica
1021 3321 1240 3392 incorrupcionis
1255 3340 1285 3389 35

86 3406 211 3478 gaudere
230 3406 319 3476 gloria
337 3403 534 3476 conspicimus,
551 3422 648 3460 omnes
668 3404 789 3474 virgines
805 3405 891 3460 luisse
908 3423 963 3459 non
978 3405 1149 3460 dubitamus.
1187 3407 1240 3460 Le·

85 3489 180 3560 gimus
192 3489 305 3560 quidem
319 3489 433 3544 beatum
446 3489 564 3543 Paulum
576 3487 742 3558 virginitatis
760 3488 931 3543 beatitudine
944 3488 1072 3543 floridum
1084 3488 1240 3544 martirium

88 3571 254 3639 celebrasse,
275 3588 328 3626 nec
349 3584 445 3626 tamen
466 3571 589 3642 corporis
612 3571 851 3642 incorrupcionem
877 3570 1070 3641 promeruisse.
1109 3572 1240 3642 Legimus

87 3665 116 3710 et
133 3654 246 3710 tratrem
262 3655 366 3709 domini
385 3655 520 3710 iacobum
533 3653 669 3724 virginem
686 3664 715 3708 et
731 3655 873 3708 martirem
891 3654 1023 3720 extitisse,
1038 3671 1089 3708 nec
1105 3654 1199 3710 minus
1211 3654 1239 3709 in

87 3751 161 3795 terre
175 3738 319 3807 puluerem
338 3739 489 3793 resolutum
510 3753 579 3791 esse.
616 3738 678 3792 Nec
701 3737 765 3791 ideo
783 3737 836 3790 bec
857 3736 976 3790 dicimus
990 3747 1019 3790 vt
1037 3747 1135 3791 sancto
1152 3737 1240 3791 Paulo
1254 3757 1286 3804 ⁴0

87 3823 131 3876 vel
155 3819 233 3876 iratri
260 3820 364 3876 domini
390 3822 560 3891 preieramus
581 3818 610 3873 in
635 3819 734 3873 merito
758 3819 901 3873 martirem
927 3820 1117 3884 Edmundum,
1142 3827 1185 3874 set
1210 3831 1239 3873 ut

61 3913 68 3926 '
87 3903 269 3974 designemus
282 3921 367 3975 quam
384 3914 501 3972 accepta
517 3902 553 3956 sit
570 3903 624 3956 deo
641 3902 668 3956 in
688 3919 753 3970 rege
772 3901 914 3956 humilitas
929 3913 957 3955 et
970 3901 997 3954 in
1011 3910 1104 3956 mente
1117 3901 1241 3966 castitas,

88 3989 118 4043 in
142 3999 307 4058 prepotente
328 3973 467 4042 socialitas
492 3985 569 4040 etin
592 3983 748 4055 principum
769 3983 867 4052 spiritu
889 3983 1003 4052 spiritus
1027 3995 1186 4053 paupertas,
1211 3985 1239 4038 in

87 4069 194 4126 deliciis
209 4072 275 4140 fuga
291 4071 462 4138 deliciarum,
477 4069 506 4124 in
522 4066 669 4123 affluencia
691 4083 783 4121 rerum
803 4065 998 4136 temporalium
1017 4083 1095 4120 amor
1114 4065 1240 4134 martirii,

86 4155 161 4208 inter
171 4163 310 4208 tormenta
319 4155 439 4223 longeua
449 4149 619 4214 constancia,
629 4159 656 4204 et
666 4148 779 4219 spiritus
793 4149 917 4204 suauitas
930 4148 1002 4203 inter
1014 4148 1112 4203 crebra
1122 4149 1239 4204 telorum
1255 4172 1287 4222 45

87 4235 212 4290 vulnera.
251 4237 288 4290 Et
301 4235 367 4306 quia
384 4235 412 4290 in
430 4234 484 4290 biis
503 4234 576 4290 etin
596 4233 658 4288 aliis
677 4231 772 4286 multis
790 4232 905 4286 viriliter
924 4231 980 4301 egit
1000 4231 1086 4286 virilis
1103 4231 1241 4300 agonista,

513 4360 523 4390 ¹
540 4361 594 4412 MS.
606 4360 683 4412 adds:
701 4369 737 4410 set
749 4361 816 4411 solia

627 4465 647 4518 Q
660 4469 679 4524 ‘l
692 4467 707 4508 ²
