3036 4878
258 271 328 364 728
676 264 877 368 upptttntr
906 265 979 340 111.

255 477 371 548 insignis
384 478 546 533 baberetur:
560 477 651 534 uisum
662 487 703 534 est
716 477 824 548 spiritui
837 487 935 532 sancto
946 487 1057 547 tempus
1070 473 1143 528 illius
1155 481 1184 527 et
1195 470 1334 541 templum
1347 483 1413 539 pre·

254 563 342 617 latum
353 561 442 616 sancti
457 561 539 628 Petri,
548 561 592 616 cui
607 562 720 632 speciali
734 579 801 616 cura
813 572 929 630 preerat,
943 559 1092 614 celestibus
1105 557 1243 610 illustrare
1255 553 1413 616 miraculis,

254 655 282 700 et
300 643 452 700 beatissimi
473 644 622 713 Ragenarii
641 643 762 700 martiris
780 644 920 713 reliquias,
933 641 979 714 qui
998 642 1027 696 in
1043 639 1170 695 eiusdem
1188 637 1310 693 ecclesie
1329 635 1412 706 pani·

254 739 350 782 mento
363 729 492 782 humatus
505 727 621 793 iacebat,
634 727 860 783 multisreuelare
872 725 1043 781 mortalibus.
1081 723 1164 792 Quod
1174 721 1295 792 qualiter
1303 721 1410 774 lactum

226 831 240 880 5
255 808 299 876 sit,
313 827 432 881 sequens
446 827 537 864 sermo
550 811 711 866 declarabit.
810 808 954 864 Predictus
968 809 1061 878 itaque
1074 805 1211 877 presbiter
1223 804 1298 858 inter
1310 819 1410 873 quarn·

253 894 389 964 plurimos
402 909 498 948 seruos
517 910 582 948 suos
595 911 680 949 vnum
695 891 818 948 babebat
837 895 862 946 N
867 908 1043 961 ortveganum
1061 906 1171 960 genere,
1188 887 1258 942 mire
1273 885 1409 956 simplici·

254 977 321 1032 tatis
344 985 373 1031 et
393 976 531 1047 pacientie
555 975 653 1032 uirum.
692 977 767 1032 Huic
791 975 868 1032 uenit
891 975 1042 1046 aliquando
1060 974 1089 1028 in
1114 983 1238 1026 mentem
1257 981 1288 1024 ut
1307 969 1408 1025 orandi

254 1059 350 1130 gracia
374 1069 501 1129 pergeret
523 1061 651 1126 Romam,
670 1070 699 1114 et
720 1069 849 1115 sanctum
870 1061 982 1114 Petrum
1000 1055 1161 1128 requireret,
1182 1071 1266 1125 quem
1292 1053 1409 1124 speciali

254 1142 403 1198 deuotione
426 1143 538 1213 propria
558 1153 587 1198 et
607 1143 705 1199 natiua
721 1143 816 1212 lingua
836 1159 917 1198 suum
939 1140 1113 1207 ‘drotinum’
1135 1138 1164 1192 id
1184 1147 1227 1192 est
1248 1137 1409 1204 dominum,

212 1251 243 1290 10
255 1226 383 1280 uocabat.
413 1224 514 1281 Petiuit
526 1243 592 1296 ergo
605 1226 747 1281 adomino
760 1243 809 1281 suo
821 1225 966 1280 licenciam
978 1223 1081 1292 eundi;
1095 1233 1136 1278 set
1151 1222 1216 1292 quia
1228 1221 1408 1275 necessarius

253 1319 282 1365 et
294 1308 368 1364 utilis
380 1308 405 1362 ei
418 1321 485 1377 erat,
498 1309 574 1382 quod
587 1309 700 1379 petebat
716 1309 865 1379 impetrare
880 1324 937 1362 non
956 1317 1073 1378 poterat.
1111 1307 1205 1360 Plures
1222 1321 1344 1376 quoque,
1358 1305 1408 1376 qui

253 1409 317 1448 cum
335 1401 478 1458 nouerant,
492 1392 608 1446 nimiam
626 1391 685 1446 eius
704 1392 910 1462 simplicitatem
929 1391 1091 1456 irridebant,
1103 1399 1131 1444 et
1149 1388 1220 1443 illius
1239 1387 1408 1458 petitionem

252 1492 286 1529 ex
306 1473 429 1544 quadam
448 1474 550 1528 stolida
571 1475 735 1543 rusticitate,
756 1492 842 1546 quam
865 1493 900 1529 ex
923 1474 1045 1528 discreta
1062 1472 1212 1528 deuotione
1230 1472 1408 1526 descendere

253 1557 391 1612 dicebant.
430 1557 507 1611 Inter
523 1557 575 1614 hec
592 1567 699 1628 perstat
716 1559 761 1613 ille
777 1556 806 1614 in
822 1557 959 1627 precibus,
972 1567 1000 1612 et
1018 1573 1048 1611 se
1063 1556 1139 1610 nullo
1155 1555 1239 1609 modo
1258 1571 1408 1610 remanere

211 1661 240 1711 ¹5
253 1656 337 1710 posse
362 1639 587 1696 constantissime
609 1642 772 1696 testabatur.
807 1641 937 1696 Tandem
957 1639 1085 1695 dominus
1109 1638 1176 1706 eius,
1196 1639 1407 1694 communicato

254 1741 317 1778 cum
330 1723 429 1778 amicis
441 1723 567 1792 consilio,
580 1725 678 1780 annuit
690 1724 782 1779 eidem
795 1725 871 1794 quod
888 1723 1008 1794 petebat.
1045 1725 1170 1792 Accepta
1182 1721 1264 1790 igitur
1276 1721 1406 1792 licencia,

253 1807 325 1862 letus
343 1806 440 1876 arripit
459 1805 520 1874 iter,
539 1817 567 1862 et
586 1823 651 1864 cum
668 1807 745 1862 omni
764 1807 909 1862 alacritate
928 1815 1066 1877 properat.
1105 1807 1165 1860 lam
1183 1821 1250 1858 uero
1268 1805 1407 1860 consectis

252 1891 359 1960 aliquot
371 1889 399 1944 in
413 1889 511 1945 itinere
524 1889 640 1945 diebus:
660 1891 782 1961 quadam
795 1901 878 1945 nocte
891 1887 1043 1960 quiescenti
1056 1887 1145 1944 astitit
1157 1888 1182 1943 ei
1199 1905 1249 1958 per
1265 1886 1407 1943 uisionem

253 1973 373 2044 quedam
395 1972 561 2028 uenerabilis
579 1990 706 2044 persona,
725 1975 841 2029 hortans
863 1989 927 2028 eum
949 1983 976 2027 et
995 1973 1093 2026 sedulo
1111 1987 1229 2026 monens
1247 1981 1277 2024 ut
1295 1971 1408 2042 absque

209 2072 241 2110 ro
253 2056 329 2111 omni
349 2056 483 2110 dilatione
508 2058 623 2112 domurn
644 2057 755 2124 redeat;
778 2057 876 2111 dicens
896 2055 972 2126 quod
993 2055 1031 2110 ibi
1050 2055 1194 2110 dominum
1216 2071 1296 2108 suum
1317 2071 1406 2125 quem

252 2156 368 2210 querere
387 2140 497 2195 uolebat
515 2139 621 2211 absque
633 2141 688 2194 ulla
706 2140 883 2194 cunctatione
900 2149 1057 2208 reperturus
1076 2147 1159 2193 esset
1196 2137 1251 2205 Qui
1271 2137 1293 2192 si
1310 2138 1407 2194 redire

252 2223 346 2291 nollet,
369 2222 451 2278 sciret
472 2222 526 2278 sibi
548 2222 798 2293 peregrinationem
818 2223 893 2277 illam
919 2239 1082 2292 prosperam
1106 2237 1162 2275 non
1184 2238 1246 2275 esse
1269 2221 1406 2276 suturam.

253 2305 399 2376 Euigilans
411 2314 505 2362 autem
518 2315 546 2362 et
558 2305 694 2362 uisionem
706 2317 801 2362 mente
818 2303 974 2371 reuoluens,
988 2303 1186 2358 nichilominus
1202 2313 1284 2374 cepto
1302 2303 1406 2362 itinere

253 2389 394 2458 pergebat
433 2391 567 2464 Sequenti
589 2407 699 2462 quoque
718 2401 799 2445 nocte
823 2389 940 2461 repetita
960 2387 1076 2455 uisione,
1097 2387 1222 2442 seuerius
1240 2398 1270 2442 ut
1289 2387 1405 2455 rediret,

208 2486 237 2536 ²⁵
252 2471 423 2525 ammonitus
439 2482 500 2540 est;
521 2481 548 2527 et
566 2489 618 2528 nec
636 2473 802 2544 sicquidem
815 2472 996 2546 adquiescere
1012 2471 1108 2538 uoluit,
1120 2470 1250 2525 desiderii
1270 2470 1406 2527 uidelicet

251 2553 442 2622 magnitudine
466 2555 564 2610 victus.
610 2557 690 2610 Tunc
715 2555 817 2611 deinde
841 2555 937 2626 paucis
962 2553 1131 2624 interpositis
1156 2554 1256 2609 diebus
1280 2571 1344 2609 cum
1371 2571 1405 2611 se

252 2635 345 2706 sopori
359 2635 492 2704 dedisset,
505 2647 580 2692 astat
592 2639 693 2694 eadem
705 2639 871 2696 uenerabilis
884 2655 1069 2710 personaque
1082 2638 1158 2708 prius
1170 2637 1209 2693 illi
1222 2649 1405 2708 apparuerat,

251 2736 372 2789 arguens
385 2729 412 2775 et
425 2721 543 2776 multum
563 2721 711 2793 increpans
730 2739 794 2777 eum
813 2739 897 2793 quare
916 2721 1053 2792 prioribus
1070 2719 1222 2776 uisionibus
1241 2721 1404 2778 incredulus

251 2812 278 2858 et
297 2803 461 2859 inobediens
477 2803 629 2872 extitisset3
648 2805 812 2876 addiditque
830 2805 897 2878 quia
908 2803 962 2860 ni'si
981 2805 1037 2859 iam
1050 2804 1186 2859 maturius
1202 2804 1240 2859 ad
1254 2805 1404 2860 dominum

207 2901 239 2950 30
252 2903 332 2941 suum
354 2888 458 2953 redeat,
479 2887 645 2957 grauissima
665 2905 729 2944 mox
753 2905 826 2958 pena
851 2887 1014 2958 plectendus
1038 2886 1143 2942 luisset.
1182 2889 1250 2942 Mox
1275 2887 1358 2957 igitur
1384 2907 1403 2944 a

252 2985 369 3040 sompno
382 2987 498 3040 surgens
511 2980 610 3026 ettam
618 2971 775 3026 minacibus
788 2971 880 3026 uerbis
893 2988 978 3041 quam
991 2971 1085 3025 celesti
1099 2970 1205 3026 uisione
1218 2973 1402 3041 perterritus:
1448 3030 1453 3040 ,

250 3052 336 3107 nichil
345 3053 465 3124 amplius
474 3054 599 3109 hesitans
609 3051 661 3109 ad¹
671 3054 816 3120 dominum
830 3071 911 3108 suurn
921 3053 1010 3108 redire
1023 3054 1190 3124 properauit.
1221 3055 1295 3109 Cum
1304 3066 1403 3110 autem

250 3152 379 3190 reuersus
397 3137 504 3202 suisset,
516 3147 575 3192 tam
594 3136 723 3192 dominus
736 3136 796 3192 eius
815 3154 899 3208 quam
912 3136 1005 3192 cuncti
1024 3137 1070 3207 qui
1089 3137 1165 3208 prius
1184 3154 1248 3192 eum
1262 3149 1403 3195 nouerant

250 3229 279 3274 et
297 3219 369 3274 illius
387 3219 641 3290 peregrinationem
658 3219 778 3276 stulticie
797 3221 1010 3291 deputauerant,
1029 3220 1085 3274 iam
1104 3221 1191 3276 multo
1210 3221 1314 3276 certius
1335 3239 1401 3276 eum

206 3315 237 3367 35
251 3302 366 3356 stultum
388 3320 452 3359 esse
471 3304 623 3359 credebant
645 3313 672 3358 et
692 3304 832 3370 dicebant,
852 3302 998 3360 illudentes
1019 3303 1044 3359 ei
1063 3304 1140 3374 quod
1158 3315 1216 3358 tam
1236 3304 1403 3374 insipienter

249 3395 366 3454 accepta
378 3385 603 3456 peregrinatione
612 3386 748 3443 rediisset.
780 3387 911 3456 Quesitus
924 3397 1018 3442 tamen
1027 3405 1112 3458 quare
1123 3387 1162 3442 sic
1172 3387 1263 3442 redire
1273 3389 1402 3456 uoluerit,

249 3467 296 3522 ille
311 3467 426 3522 modum
443 3479 471 3525 et
488 3470 615 3525 ordinem
632 3471 716 3526 triam
733 3471 872 3527 uisionum
884 3470 1007 3542 exponit,
1021 3470 1049 3525 in
1062 3471 1161 3525 eodem
1177 3472 1239 3526 loco
1256 3487 1288 3525 se
1303 3473 1400 3542 procul

249 3551 335 3606 dubio
349 3550 520 3606 ‘drotinum'
534 3565 706 3624 reperturum
720 3554 826 3610 asserit.
864 3553 973 3622 Quibus
990 3553 1100 3622 auditis,
1114 3554 1288 3608 mirabantur
1300 3571 1399 3610 ornnes

249 3646 277 3690 et
299 3633 431 3691 dicebant
451 3637 488 3691 ad
509 3635 646 3692 inuicem:
674 3636 834 3707 ‘Quidnam
854 3636 909 3692 hoc
930 3638 990 3692 uult
1010 3636 1109 3692 essei'
1154 3638 1241 3691 Porro
1265 3638 1399 3694 dominus

204 3743 236 3792 40
249 3718 317 3787 eius,
331 3718 415 3773 fidem
433 3718 506 3774 illius
524 3730 552 3774 et
571 3718 678 3775 uerba’
689 3720 881 3788 considerans,
894 3719 1035 3776 seruitutis
1052 3719 1131 3774 illum
1149 3720 1214 3790 iugo
1231 3721 1354 3776 absoluit
1370 3733 1400 3777 et

248 3802 366 3857 liberum
384 3801 547 3857 omnimodo
565 3802 639 3858 fecit.
677 3803 786 3859 Potitus
804 3820 870 3872 ergo
889 3803 1024 3869 libertate,
1036 3803 1170 3858 continuo
1186 3819 1217 3859 se
1233 3804 1309 3859 beati
1323 3805 1398 3860 Petri

248 3885 367 3955 apostoli
392 3885 509 3941 seruicio
530 3886 700 3957 mancipauit
725 3897 758 3941 et=
777 3902 833 3941 non
854 3886 1019 3942 discedebat
1038 3886 1075 3941 de
1097 3885 1259 3957 supradicta
1279 3889 1399 3944 ecclesia

248 3968 317 4036 eius,
337 3967 449 4023 ieiuniis
467 3980 495 4024 et
513 3968 754 4025 obsecrationibus
772 3968 896 4027 seruiens
914 3980 998 4025 nocte
1016 3987 1050 4042 ac
1068 3969 1122 4026 die.
1160 3971 1279 4026 Petebat
1303 3981 1397 4026 autem

248 4061 276 4106 et
301 4051 408 4106 intente
427 4052 525 4108 orabat
545 4063 575 4108 ut
594 4054 664 4109 deus
683 4053 961 4123 omnipotenssicnt
986 4053 1012 4108 ei
1037 4070 1087 4124 per
1110 4053 1202 4109 uisum
1225 4055 1396 4125 promissum

202 4155 234 4205 45
247 4134 344 4201 fuerat,
365 4133 537 4189 ‘drotinurn'
558 4153 640 4190 suurn
662 4136 811 4192 ostendere
832 4136 1001 4206 dignaretur.
1048 4138 1147 4207 ltaque
1168 4148 1268 4192 exacto
1289 4137 1397 4194 circiter

246 4229 322 4268 anno
345 4224 374 4270 et
399 4215 531 4273 dimidio:
560 4219 627 4274 dum
652 4219 681 4274 in
705 4219 806 4276 eadem
829 4219 948 4275 ecclesia
972 4219 1120 4292 completis
1145 4220 1234 4276 solitis
1258 4221 1394 4291 precibus,

607 4313 615 4344 ¹
632 4313 718 4366 Mar.
817 4312 830 4348 ⁸
846 4314 901 4368 MS.
914 4317 1024 4368 uerbera.
