3044 4894
416 302 491 397 De
515 300 682 393 &tutta
706 302 871 404 {bilma-
1176 326 1218 401 15

68 504 220 574 dentibus,
239 521 317 560 vnus
341 503 464 560 tandem
486 501 719 576 Asclepiodotus
743 503 875 574 nomine,
894 505 956 560 dux
978 503 1137 572 Cornubie‚
1158 501 1221 560 Ro·

68 609 191 648 manum
214 591 367 664 quendam
387 591 539 648 Allectum
564 590 693 656 nomine,
715 591 766 664 qui
791 599 862 648 tunc
888 591 977 666 regni
997 592 1053 648 sub
1073 591 1221 648 Romanis

67 681 253 753 gubernator
265 679 329 748 suit,
339 678 436 751 prelio
446 677 524 748 vicit,
535 687 564 736 et
578 679 663 752 regni
673 678 810 736 diadema
823 679 880 736 sibi
893 679 1042 753 imposuit
1081 678 1116 736 In
1129 695 1220 752 quem

69 767 183 824 scilicet
200 767 446 840 Asclepiodotum
465 764 599 839 prelatus
618 765 728 836 Cloel²,
745 777 831 839 pater
848 776 952 824 sancte
972 767 1092 823 Helene
1110 775 1140 823 et
1159 768 1221 823 dux

69 854 360 924 Colcestrie,s01·tius
372 853 542 927 insurgens,
555 863 695 911 conserto
708 855 803 926 prelio
813 853 913 928 ipsum
925 853 1061 927 peremit,
1075 853 1220 926 regnique
1235 873 1249 924 5

69 943 240 1000 diademate
275 959 345 1000 sese
379 941 540 1014 insigniuit
590 941 683 998 Cuius
712 950 814 999 tamen
844 941 1030 1014 temporibus
1060 940 1220 999 vtmultum

69 1031 202 1087 extincta
217 1037 264 1086 est
281 1030 312 1086 in
332 1046 427 1102 regno
445 1028 598 1086 Britannie
617 1029 694 1086 fides
712 1029 873 1086 catholica:
892 1030 922 1086 A
934 1039 1072 1102 tempore
1091 1045 1221 1101 namque

69 1117 196 1190 predicti
222 1117 306 1174 Lucii
330 1117 382 1190 qui
412 1116 529 1189 primus
553 1115 648 1174 suerat
678 1115 757 1174 inter
782 1116 922 1174 Britones
952 1133 1007 1174 rex
1032 1115 1221 1186 christianus,

70 1222 198 1278 regnum
224 1204 422 1262 britannicum
442 1220 538 1276 vsque
558 1204 596 1260 ad
622 1203 770 1276 prelatum
791 1205 1038 1277 Asclepiodotum
1065 1204 1220 1273 Romanis,

70 1293 122 1365 qui
135 1292 263 1366 gentiles
272 1300 359 1349 erant
368 1301 398 1350 et
410 1291 527 1364 pagani,
535 1307 590 1363 pro
600 1291 706 1348 maiori
718 1301 802 1365 parte
815 1291 910 1349 suerat
923 1292 1100 1350 subiectum.
1127 1291 1221 1347 Porro
1239 1311 1268 1348 ιο

70 1382 137 1454 ipso
147 1380 359 1454 Asclepiodoto
372 1381 415 1450 (vt
429 1379 571 1447 diximus)
585 1395 604 1436 a
617 1379 719 1436 Cloele
732 1389 899 1452 perempto,
913 1397 982 1438 cum
1000 1378 1147 1436 eiusmodi
1159 1377 1222 1436 vic·

69 1471 147 1526 toria
158 1467 275 1526 senatui
288 1483 412 1524 romano
425 1467 563 1524 nunciata
575 1466 689 1536 fuisset,
701 1467 822 1539 garrisus
835 1476 881 1524 est
890 1467 978 1524 valde
990 1475 1114 1540 propter
1126 1466 1222 1540 ipsius

69 1556 278 1629 Asclepiodoti
297 1565 435 1624 mortem,
452 1554 503 1627 qui
523 1555 554 1611 in
572 1555 633 1612 vita
652 1571 706 1611 sua
726 1571 880 1611 romanam
901 1571 1024 1627 semper
1049 1555 1222 1611 turbauerat

70 1653 260 1717 potestatem.
298 1642 480 1700 Recolentes
501 1659 620 1715 quoque
645 1643 811 1715 dampnum
834 1643 913 1715 quod
939 1642 978 1698 de
995 1641 1108 1698 amisso
1127 1658 1221 1715 regno

70 1733 248 1800 habuerant,
260 1731 437 1803 legauerunt
454 1730 522 1785 illuc
538 1729 751 1788 Constancium
768 1739 948 1798 senatorem,
967 1729 1018 1802 qui
1039 1728 1220 1802 Hispaniam
1238 1745 1247 1782 ι
1253 1747 1267 1798 5

69 1818 146 1893 ipsis
159 1818 341 1882 subdiderat,
348 1817 446 1874 virum
456 1817 558 1890 vtique
566 1817 734 1890 sapientem
746 1826 777 1873 et
786 1818 939 1884 audacem,
950 1825 980 1874 et
990 1816 1040 1890 qui
1049 1833 1103 1890 pre
1112 1815 1221 1872 ceteris

70 1923 138 1964 rem
146 1906 297 1979 publicam
306 1922 416 1978 augere
425 1905 620 1963 laborauerat.
641 1904 735 1960 Porro
743 1904 825 1961 Cloel
834 1903 991 1960 Britonum
1000 1921 1055 1960 rex
1063 1913 1093 1960 et
1102 1902 1221 1960 Helene

69 2003 167 2067 pater,
184 2010 254 2050 curn
273 1993 370 2066 ipsius
388 1994 552 2050 aduentum
572 1991 779 2064 comperisset,
797 1991 894 2048 timuit
912 1991 941 2047 ei
960 1991 1054 2063 prelia
1072 1991 1221 2063 ingerere,

70 2089 200 2154 propter
212 2080 277 2138 eius
291 2079 454 2138 maximam
468 2080 615 2152 preliandi
630 2078 739 2136 samam
760 2077 998 2150 multiplicesque
1009 2078 1157 2135 victorias.
1181 2078 1222 2134 Vt

70 2168 164 2242 igitur
175 2167 253 2224 intra
270 2167 400 2224 insulam
415 2165 613 2224 Constancius
631 2166 783 2239 applicuit,
796 2165 906 2222 direxit
919 2165 1002 2222 Cloel
1020 2165 1134 2238 legatos
1148 2181 1222 2222 suos
1239 2183 1269 2220 ro

70 2257 111 2312 ad
135 2255 228 2322 illum,
249 2254 412 2328 petiuitque
436 2271 541 2327 pacem
567 2263 597 2310 et
618 2252 835 2310 subiectionem
860 2252 1006 2326 promisit,
1025 2270 1062 2310 eo
1086 2261 1173 2325 pacto
1191 2262 1223 2309 vt

71 2361 201 2417 regnum
216 2343 369 2400 Britannie
387 2342 564 2415 possideret,
577 2341 710 2414 nihilque
729 2341 809 2397 aliud
822 2349 924 2414 preter
942 2341 1061 2398 solitum
1078 2340 1223 2398 tributum

71 2449 198 2490 romane
216 2431 352 2504 dignitati
371 2431 511 2488 solueret.
550 2429 616 2486 Hoc
636 2429 734 2502 itaque
752 2428 900 2496 nunciato,
913 2429 1061 2501 acquieuit
1075 2429 1223 2486 Constan-

71 2519 148 2588 cius,
168 2536 333 2592 pacemque
358 2517 487 2590 receptis
512 2516 667 2574 obsidibus
691 2517 953 2573 confirmauerunt.
999 2515 1116 2573 Deinde
1134 2516 1223 2588 paulo

72 2617 144 2680 post
162 2606 342 2680 grauissima
359 2605 518 2662 infirmitas
536 2603 693 2677 occupauit
711 2604 853 2672 Cloelem,
865 2605 1026 2678 ipsumque
1044 2604 1140 2660 intra²
1158 2604 1223 2661 dies
1239 2623 1268 2673 ³5

73 2703 141 2752 octo
166 2703 263 2751 morte
287 2693 392 2751 affecit.
430 2693 497 2762 Quo
518 2691 659 2749 defuncto
684 2691 838 2764 insigniuit
863 2709 896 2748 se
916 2691 1114 2748 Constancius
1139 2690 1225 2764 regni

73 2783 253 2848 diademate,
268 2782 413 2854 duxitque
433 2780 525 2837 filiam
538 2779 657 2847 cloelis,
675 2778 773 2851 ipsam
790 2779 828 2834 de
845 2795 904 2851 qua
922 2779 1070 2852 loquimur
1088 2787 1223 2835 sanctam

75 2869 235 2937 Helenam,
259 2867 344 2925 cuius
367 2867 527 2940 singularis
556 2866 748 2941 pulchritudo
773 2865 971 2938 prouinciales
995 2866 1109 2938 puellas
1140 2865 1225 2922 facile

74 2957 258 3030 superabat;
285 2974 341 3014 nec
361 2956 480 3028 vspiam
500 2953 708 3027 reperiebatur
728 2954 821 3011 altera
837 2971 896 3026 que
915 2953 947 3009 in
973 2953 1095 3010 musicis
1115 2953 1225 3010 instru-

74 3044 187 3101 mentis
206 3043 291 3102 siue⁸
303 3044 334 3100 in
353 3043 527 3100 liberalibus
546 3042 660 3099 artibus
678 3041 727 3098 illa
745 3040 859 3098 doctior
876 3041 1045 3098 haberetur.
1081 3041 1225 3098 caruerat
1239 3060 1271 3110 ³0

74 3132 157 3188 enim
171 3140 257 3205 pater
269 3131 361 3188 altera
374 3130 476 3188 sobole
488 3147 547 3203 que
566 3129 651 3203 regni
671 3129 746 3186 solio
763 3130 931 3202 potiretur;
951 3131 1031 3186 vnde
1051 3138 1080 3186 et
1100 3145 1167 3186 eam
1185 3128 1226 3185 ita

74 3221 263 3276 laborauerat
284 3220 400 3288 docere,
423 3227 453 3274 et
477 3217 612 3274 moribus
636 3226 726 3290 atque
745 3217 905 3274 virtutibus
930 3233 1082 3287 exercere,
1105 3225 1136 3273 vt
1158 3225 1226 3290 post

74 3307 169 3382 patris
194 3307 307 3364 obitum
335 3323 460 3380 regnum
486 3305 600 3362 facilius
619 3322 724 3379 regere
749 3313 780 3362 et
803 3313 931 3362 tractare
951 3304 1071 3362 valeret.
1109 3303 1144 3359 ln
1164 3303 1225 3362 fide

76 3395 202 3469 insuper
218 3394 362 3450 catholica
379 3394 437 3451 etsi
456 3393 620 3467 aliqualiter
633 3393 778 3450 instructa
793 3402 882 3466 atque
898 3394 1012 3456 edocta,
1032 3409 1093 3449 non
1114 3402 1225 3462 tamen,

75 3481 265 3555 inquantum
285 3481 418 3555 reperire
438 3481 598 3554 potuimus,
612 3481 711 3538 adhuc
732 3479 809 3538 sacri
831 3480 1019 3554 baptismatis
1037 3481 1117 3537 vnda
1131 3479 1225 3536 extitit
1239 3497 1270 3550 35

75 3569 216 3642 perfusam
236 3570 291 3626 sed
305 3578 407 3626 tamen
421 3569 649 3642 representabat
658 3570 689 3624 in
702 3585 756 3626 sua
766 3567 994 3625 conuersatione
1006 3567 1135 3639 gloriosa
1148 3567 1225 3624 sacri

76 3656 265 3730 baptismatis
284 3656 419 3714 misteria
427 3656 447 3714 ⁴.
485 3655 556 3713 Erat
575 3673 704 3728 namque
724 3655 845 3712 humilis
864 3663 894 3712 et
913 3655 1029 3728 pudica,
1043 3656 1178 3727 prudens
1196 3663 1227 3712 et

76 3745 210 3818 pacifica,
222 3743 339 3801 cunctis
359 3761 427 3801 eam
451 3743 711 3801 considerantibus
725 3743 862 3800 amabilis
883 3751 914 3800 et
935 3741 1074 3815 gratiosa,
1087 3759 1121 3798 ac
1139 3742 1226 3800 bonis

75 3832 220 3905 operibus
233 3831 417 3905 plenissima.
455 3831 532 3889 Cum
546 3831 636 3904 igitur
645 3831 725 3887 illam
738 3831 769 3886 in
782 3830 860 3886 thori
873 3830 1047 3887 societatem
1059 3830 1227 3903 accepisset

75 3919 284 3987 Constancius,
292 3918 448 3992 generauit
460 3937 498 3976 ex
509 3935 545 3976 ea
554 3919 648 3975 filium
657 3935 748 3991 quem
758 3918 920 3991 appellauit
933 3917 1184 3988 Constantinum,⁵
1197 3927 1227 3976 et
1239 3943 1273 3992 40

75 4007 150 4064 alios
169 4025 225 4064 sex
242 4006 330 4077 filios,
343 4007 493 4079 filiamque
511 4006 633 4064 nomine
652 4005 870 4063 constanciam.
909 4004 979 4077 lpse
992 4021 1065 4060 vero
1079 4005 1227 4062 Constan-

75 4095 150 4164 cius,
170 4112 239 4151 cum
260 4111 355 4167 regno
377 4093 532 4152 Britannia
551 4092 731 4166 aliquamdiu
750 4093 905 4166 potiretur,
926 4092 1056 4150 Romam
1074 4108 1227 4161 reuersus,

75 4193 201 4257 propter
217 4199 304 4240 suam
323 4181 485 4239 maximam
503 4181 687 4238 nobilitatem
702 4189 732 4238 et
751 4180 941 4254 prudentiam
954 4197 1013 4237 vna
1025 4197 1094 4236 cum
1108 4179 1227 4238 Galerio

143 4362 290 4416 ¹al.c0e1.
355 4361 412 4416 Ἐ
426 4362 503 4416 iuter.
569 4361 699 4414 ’Esuis
764 4361 821 4413 ‘E
834 4360 945 4412 miseria.
1010 4359 1051 4392 μ’
1063 4361 1157 4412 added.
