3052 4896
262 217 335 292 504
573 191 704 280 mma
730 187 921 291 [tatum
947 185 1097 290 aaut.
1202 211 1247 286 [a
1268 205 1413 256 rarae

260 394 363 468 ginem
382 393 488 451 culton'
505 392 662 467 ydolorum
680 391 799 448 tradere
817 389 972 463 indignum
991 390 1124 458 duceret,
1140 399 1205 448 tum
1225 391 1306 464 quia
1325 390 1415 464 ipsam

262 482 431 540 nullatenus
447 479 617 538 consentire
633 483 836 552 cognosceret,
848 487 912 534 tum
929 477 998 550 quia
1016 477 1097 552 regis
1114 477 1312 536 ferocitatem
1332 477 1416 550 pluri-

262 585 344 626 mum
369 569 550 625 formidaret.
599 566 669 640 Ipsa
696 577 796 624 autem
823 565 965 622 diuinitus
992 567 1137 639 inspirata
1160 566 1241 640 patri
1269 565 1369 623 suasit
1389 575 1418 619 ut

262 657 398 730 predicto
416 655 479 730 regi
497 671 656 713 assensum
674 654 823 727 preberet,
841 670 877 710 ea
894 661 995 710 tamen
1014 653 1189 711 condicione
1209 653 1375 728 proposita
1391 662 1418 708 ut

235 743 329 820 5ipse
351 761 406 802 rex
427 761 495 800 cum
519 751 605 818 patre
625 742 730 798 decem
754 740 888 813 uirgines
909 741 1105 798 electissimas
1126 742 1182 798 sibi
1208 744 1251 798 ad
1276 742 1418 799 solacium

263 834 405 904 traderet,
417 841 447 889 et
460 841 520 888 tam
538 829 595 888 sibi
611 845 701 903 quam
717 828 783 886 aliis
797 829 879 886 mille
895 828 1029 902 uirgines
1043 829 1218 902 assignaret,
1231 840 1266 886 et
1285 830 1418 886 inducias

262 919 383 976 triennii
405 919 463 976 sibi
481 919 565 975 daret
583 918 621 974 ad
640 916 862 975 dedicacionem
881 934 936 974 sue
958 917 1142 989 uirginitatis,
1161 927 1191 974 et
1211 918 1284 990 ipse
1305 917 1419 974 iuuenis

263 1007 430 1081 baptizatus
451 1007 482 1064 in
504 1005 563 1062 hiis
581 1004 676 1062 tribus
693 1003 781 1061 annis
799 1003 830 1060 in
850 1005 907 1060 fide
925 1003 1130 1062 instrueretur.
1168 1004 1301 1062 quenis
1323 1014 1418 1061 autem

263 1095 391 1152 libenter
409 1095 464 1151 hac
482 1093 656 1150 condicione
674 1099 803 1164 accepta,
820 1090 984 1163 baptizatus
1002 1101 1057 1148 est.
1092 1091 1234 1165 Vndique
1250 1093 1352 1166 igitur
1366 1092 1419 1148 uir·
1500 1117 1501 1127 ι

221 1183 351 1256 regines
371 1180 531 1251 conlluunt,
554 1179 687 1252 undique
707 1179 764 1236 uin‘
782 1179 819 1235 ad
838 1188 899 1234 tam
917 1180 1032 1251 grande
1053 1181 1260 1253 spectaculum
1286 1187 1420 1237 cun-ont

266 1271 343 1327 Nam
357 1269 441 1326 multi
454 1267 588 1342 episcopi
604 1267 643 1323 ad
659 1283 712 1324 eas
726 1265 949 1334 confluxelrunt
966 1275 998 1323 ut
1014 1283 1117 1324 secum
1134 1277 1325 1340 pergerent:
1345 1268 1418 1324 inter

264 1375 340 1431 quos
365 1365 428 1413 erat
450 1355 595 1412 Pantulus
619 1353 797 1411 basileensis
819 1353 988 1427 episcopus,
1010 1353 1062 1426 qui
1085 1371 1139 1412 eas
1158 1373 1258 1428 usque
1287 1356 1419 1412 Romam

264 1444 405 1518 perduxit
435 1451 465 1501 et
493 1442 565 1500 inde
593 1457 736 1499 reuersus
759 1439 895 1498 cumeis
921 1441 1086 1498 martirium
1110 1443 1267 1515 suscepit).
1308 1443 1418 1500 Sancta

265 1549 385 1606 quoque
404 1530 550 1588 Gerasina
572 1529 677 1603 regina
696 1528 818 1599 Silcilie,
836 1531 907 1601 que)
926 1529 1024 1585 uirum
1042 1546 1130 1586 suum
1146 1548 1251 1603 regem
1272 1529 1418 1588 crudelis·

223 1645 251 1696 ¹5
266 1619 376 1676 simum
407 1635 446 1674 ex
469 1617 541 1690 lupo
562 1615 673 1674 lecerat
694 1633 816 1690 agnum,
833 1633 918 1672 soror
935 1615 1097 1689 Ma[u]risii
1119 1617 1255 1692 episcopi
1275 1628 1310 1675 et
1331 1616 1416 1674 Darie

266 1707 370 1763 matris
395 1713 498 1762 sancte
516 1703 635 1774 Vrsule,
653 1721 721 1760 cum
745 1703 844 1762 eidem
864 1703 973 1777 [pater]
998 1713 1101 1762 sancte
1126 1703 1238 1762 Vrsule
1263 1715 1416 1763 secretum

266 1811 322 1868 per
338 1793 439 1850 literas
452 1791 630 1859 intimasset,
643 1790 784 1848 continuo
797 1809 864 1849 cum
877 1801 1004 1864 quatuor
1016 1791 1132 1850 filiabus
1144 1793 1216 1863 suis,
1231 1793 1363 1860 Babilla,
1374 1791 1416 1847 lu-

266 1882 353 1952 liana‚
368 1879 507 1950 Victoria,
526 1888 556 1936 et
570 1879 682 1948 Aurea,
695 1888 725 1935 et
742 1879 867 1952 paruulo
886 1896 941 1935 suo
959 1879 1093 1937 Adriano
1112 1897 1207 1953 usque
1227 1879 1415 1937 Britanniam

266 1968 451 2044 Angli[c]am
465 1966 624 2040 nauigauit.
659 1965 794 2023 Tandem
806 1984 875 2023 cum
887 1965 996 2023 Vrsula
1008 1983 1115 2024 omnes
1126 1969 1165 2024 ad
1177 1968 1272 2025 fidem
1281 1967 1416 2040 uirgines

223 2087 254 2123 20
267 2057 474 2124 conuertisset,
493 2055 531 2111 ad
552 2053 650 2126 angeli
672 2053 871 2111 monicionem
895 2053 1024 2110 Romam
1049 2054 1167 2128 nauigio
1190 2057 1357 2112 tendentes
1379 2052 1413 2108 ad

267 2144 374 2201 urbem
399 2141 548 2200 Basileam
572 2141 779 2215 applicuerunt
802 2149 832 2199 et
861 2140 971 2199 ibidem
999 2141 1107 2200 relictis
1131 2142 1260 2200 nauibus
1287 2143 1414 2200 Romam

267 2233 449 2304 ped(estres)
463 2237 621 2287 uenerunt.
657 2228 707 2286 Ad
726 2245 852 2301 quarum
871 2229 1032 2286 aduentum
1051 2247 1130 2302 papa
1148 2230 1309 2301 Ctiriacus)
1329 2228 1411 2285 ualde

267 2318 398 2390 gauisus,
417 2334 484 2374 cum
503 2316 570 2391 ipse
588 2317 627 2373 de
647 2315 813 2387 Britann(ia
830 2325 911 2372 esset
927 2317 1084 2386 or)iundus
1101 2325 1131 2374 et
1146 2319 1255 2374 inultas
1272 2319 1354 2374 inter
1365 2329 1412 2370 eas

268 2404 530 2478 cons(anguineas)
544 2405 677 2472 haberet,
689 2419 742 2460 eas
756 2419 824 2460 cum
838 2420 957 2460 summo
970 2403 1082 2461 honore
1096 2406 1237 2478 suscepit.
1276 2406 1338 2477 (In)
1350 2405 1410 2476 ipsa

224 2523 236 2558 2
242 2523 256 2574 5
271 2499 357 2549 nocte
377 2508 457 2564 pape
479 2491 620 2548 diuinitus
638 2489 795 2560 reueletur,
812 2507 880 2547 eum
901 2491 981 2562 (cum
993 2491 1080 2564 ipsis)
1099 2492 1266 2564 uirginibus
1285 2493 1410 2566 palmam
1500 2509 1501 2518 ¹

270 2577 395 2636 martirii
420 2588 642 2652 percepturum.
691 2577 802 2650 (Vnde)
828 2595 896 2634 cum
920 2595 999 2634 anno
1023 2597 1083 2636 uno
1107 2591 1138 2636 et
1161 2581 1303 2636 undecim
1328 2579 1410 2636 ebdo-

269 2666 407 2722 madibus
430 2666 521 2738 (post)
545 2666 667 2724 Petrum
688 2665 923 2723 decimusnonus
945 2665 1100 2722 ecclesiam
1124 2667 1263 2736 rexisset,
1283 2661 1410 2741 dignitati
1500 2692 1501 2712 ι

269 2762 299 2811 et
310 2753 406 2811 officio
420 2753 590 2827 resignauit.
627 2753 682 2811 Set
694 2771 761 2811 cum
779 2753 944 2810 cardinales
957 2753 1154 2812 reclamarent
1166 2765 1195 2812 et
1207 2772 1278 2812 eurn
1289 2755 1410 2812 delirare

269 2849 417 2915 putarent,
427 2841 529 2915 (quod)
540 2841 642 2898 relicta
651 2850 779 2914 papatus
786 2841 881 2915 gloria
887 2850 956 2914 post
964 2843 1108 2914 quasdam
1118 2843 1312 2900 mulierculas
1321 2843 1408 2898 fatuas

225 2963 257 3014 30
270 2928 313 2985 ire
334 2927 434 2998 uellet,
453 2927 521 2986 ideo
540 2945 651 2986 nomen
670 2929 735 2986 eius
754 2946 793 2986 ex
811 2929 963 3000 cathalogo
986 2927 1160 3001 pontificum
1178 2931 1278 2986 clerus
1298 2927 1408 2987 abrasit,

271 3017 477 3089 (omnemlque
500 3017 631 3090 graciam
653 3033 744 3089 quam
764 3033 849 3074 sacer
873 3017 921 3072 ille
948 3016 1098 3089 uirginum
1123 3017 1234 3074 chorus
1255 3017 1299 3086 (in
1324 3013 1407 3084 culn'a

269 3120 393 3160 romana
409 3103 560 3174 habuerat,
577 3104 617 3176 (a)
632 3112 768 3177 tempore
785 3105 844 3176 (illo
862 3103 982 3174 ami)sit
1020 3103 1087 3160 Duo
1105 3114 1205 3161 autem
1223 3105 1318 3178 iniqui
1336 3102 1408 3177 pn'n·

270 3189 353 3262 cipes
377 3191 513 3261 roma(ne
538 3190 667 3262 millicie,
692 3191 804 3248 scilicet
825 3191 975 3247 Maximus
999 3200 1030 3249 et
1054 3191 1234 3260 AffricanuS,
1256 3187 1406 3263 (uidentes)

270 3293 411 3348 magnam
431 3277 580 3352 uirginum
600 3277 820 3335 multitudinem
839 3279 1026 3350 tilmuerunt)
1039 3296 1078 3335 ne
1096 3296 1152 3351 per
1164 3297 1216 3336 eas
1228 3281 1320 3338 nimis
1337 3293 1407 3334 cres·

226 3393 256 3445 35
271 3372 353 3420 ceret
372 3363 477 3436 religio
507 3365 771 3438 christilanorum).
808 3365 999 3438 Quapropter
1029 3383 1131 3422 earum
1162 3366 1341 3440 diligencius
1362 3380 1407 3420 er·

271 3450 425 3524 plorantes
446 3451 514 3522 (iter
532 3453 671 3524 nuncilos
689 3454 834 3510 miserunt
852 3455 889 3509 ad
909 3453 1019 3509 Iulium
1039 3462 1196 3526 cognatum
1216 3472 1304 3511 suurn
1326 3451 1407 3527 (prin-
1500 3481 1501 3532 ι

270 3537 382 3611 cipem)
402 3540 500 3611 gentis
520 3539 689 3611 Hunorum,
711 3549 743 3596 ut
757 3541 863 3598 educto
882 3549 986 3598 contra
1005 3557 1058 3598 eas
1078 3542 1219 3608 exercitu,
1243 3543 1329 3616 ipsas
1349 3553 1406 3597 cum
1500 3541 1501 3563 ¹

271 3625 432 3683 christiane
445 3635 557 3698 essent,
570 3645 638 3684 cum
652 3628 802 3699 uenir(ent
816 3628 993 3698 Colo)niam,
1003 3628 1173 3685 trucidaret
1192 3628 1305 3686 Beatus
1318 3637 1406 3686 autem

271 3712 407 3770 Ciriacus
429 3731 497 3771 cum
518 3715 597 3787 (illis)
617 3716 783 3788 uirginibus
802 3717 840 3772 de
859 3717 933 3772 urbe
952 3733 1095 3788 egressus
1114 3725 1169 3786 est,
1187 3733 1278 3789 quem
1297 3723 1407 3774 secutus

225 3833 259 3881 ⁴0
272 3809 319 3858 est
339 3799 521 3859 Vincencius
541 3801 700 3860 cardinalis
722 3803 877 3876 presbiter,
897 3811 927 3859 et
948 3803 1108 3876 la(c0bus),
1129 3803 1180 3876 qui
1202 3804 1241 3861 de
1264 3799 1406 3862 Britannia

271 3891 368 3961 patria
380 3906 434 3946 sua
450 3889 481 3946 in
499 3889 689 3946 Antiochiam
706 3891 857 3964 profectus
871 3890 1144 3964 archiepiscopatus
1160 3891 1337 3964 dignitatem
1351 3905 1406 3960 sep·

272 3985 333 4032 tem
352 3977 440 4033 annis
455 3976 566 4034 ibidem
583 3977 696 4034 tenuit:
721 3981 771 4052 qui
790 3995 858 4034 curn
877 3995 987 4051 papam
1005 3977 1155 4035 uisitasset
1174 3980 1215 4048 (et
1233 3977 1293 4034 iam
1313 3979 1405 4037 urben

272 4080 414 4137 egressus
435 4066 473 4122 de
492 4064 643 4138 uirginum
665 4066 794 4122 aduentu
816 4066 970 4134 audiisset,
990 4065 1123 4124 concitus
1144 4065 1231 4123 rediit
1252 4075 1283 4124 et
1304 4061 1406 4123 itineris

253 4167 306 4220 ac
338 4150 490 4222 passionis
520 4168 554 4208 se
592 4152 636 4211 eis
667 4152 780 4209 socium
812 4152 891 4210 iecit.
941 4153 1102 4210 Maurisius
1135 4171 1255 4227 quoque
1286 4155 1406 4211 lauicane
1497 4163 1499 4196 1

226 4267 258 4318 45
273 4237 355 4294 urbis
385 4237 547 4312 episcopus
572 4239 736 4298 auunculus
764 4239 867 4298 Babile
891 4249 921 4298 et
947 4240 1082 4312 lulliane,
1110 4239 1264 4314 Foillanus
1288 4237 1406 4300 lucensis
1500 4310 1501 4323 χ
