3052 4896
274 325 348 395 494
586 299 719 386 mma
743 295 933 400 lemnon
958 293 1111 399 amaa
1154 341 1158 351 -
1229 297 1434 372 terame

274 501 332 557 bus
348 498 514 574 virginibus
532 506 627 569 erant,
644 506 733 571 atque
752 497 920 567 Anastasia,
936 497 1070 570 virgines
1087 496 1297 555 illustrissime
1316 509 1349 556 et
1368 513 1435 570 pru·

274 589 381 646 dentes
405 587 509 658 valde;
541 603 658 644 necnon
688 585 742 642 et¹
768 585 825 642 alie
855 586 1074 658 quamplurimi
1124 585 1191 642 Fuit
1221 587 1319 643 etiam
1351 587 1437 642 beata

275 675 424 734 Lucencia
442 692 510 733 cum
529 691 573 744 eo,
591 675 675 747 virgo
693 673 928 746 prudentissima
945 683 975 729 et
994 673 1101 730 nobilis
1119 683 1181 731 tam
1199 674 1308 730 anirno
1327 669 1437 747 quam⁸

272 779 392 837 genere,
410 762 470 819 filia
488 761 585 835 patrui
604 759 697 835 patris
715 759 812 835 ipsius
824 760 933 818 Vrsule
946 763 1059 834 sponsi,
1075 778 1143 819 cum
1162 771 1261 819 matre
1282 761 1438 818 honestis-

245 851 352 918 ssima
369 851 528 908 condfissa
566 849 656 906 Pater
676 847 778 921 itaque
798 848 935 906 eiusdem
957 848 1074 906 iuuenis
1095 866 1150 906 rex
1172 849 1279 906 senior
1302 851 1345 906 de
1367 850 1438 921 lupo

274 948 304 996 et
322 955 393 996 vrso
411 937 523 996 cmdeli
541 945 672 994 mutatus
691 937 722 992 in
740 953 840 1007 ouem,
857 935 888 993 in
907 937 1030 1010 proprio
1049 953 1143 1010 regno
1161 939 1340 1010 baptizabis
1358 939 1439 994 bona

274 1027 346 1084 obiit
364 1035 460 1084 morte
478 1035 510 1083 ct
533 1025 582 1082 in¹
599 1041 672 1083 vera
691 1023 802 1082 Christi
821 1023 1019 1082 consessione.
1055 1024 1100 1082 0¹
1116 1026 1220 1097 quanti
1239 1035 1318 1082 tunc
1337 1023 1438 1099 gaudii

275 1113 440 1172 iocunditas
460 1113 618 1171 uniuersos
642 1111 802 1178 letificauit,
826 1129 895 1168 cum
918 1113 1058 1170 iuuenem
1079 1121 1140 1168 tam
1166 1130 1359 1186 generosum
1387 1112 1439 1170 ac'

275 1201 406 1260 nobilem
422 1218 534 1276 sponse
549 1199 641 1257 nobili
653 1200 790 1258 viderent
805 1199 837 1256 in
852 1199 934 1256 omni
952 1200 1100 1273 probitate
1118 1201 1261 1274 coequari
1276 1211 1311 1258 et
1327 1203 1439 1258 hones-

233 1295 352 1347 rotate!
399 1287 630 1362 Elegantissime
654 1305 726 1345 vero
750 1297 813 1344 erat
837 1287 888 1343 illa
912 1287 1148 1360 pulchritudinis,
1169 1289 1300 1361 elegans
1326 1298 1359 1346 et
1383 1290 1439 1346 iste

276 1377 365 1433 nimis
383 1375 437 1434 suit
456 1385 486 1434 et
502 1379 638 1434 decorus
675 1375 787 1448 Viginti
805 1391 878 1431 sane
897 1383 927 1432 et
944 1375 1077 1449 quinque
1094 1393 1243 1432 annorum
1263 1387 1295 1434 et
1316 1386 1439 1450 septem

276 1463 426 1522 mensium
450 1464 546 1522 ferme
571 1461 686 1521 extitit¹
710 1481 747 1520 eo
777 1471 914 1535 tempore
945 1461 1044 1520 idem*
1068 1462 1194 1532 iuuenis,
1215 1472 1248 1521 et
1274 1465 1329 1521 illa
1355 1461 1438 1522 fere*

276 1553 381 1610 decem
402 1560 433 1609 et
453 1560 570 1624 septem
595 1567 742 1608 annorum
766 1558 830 1606 erat
850 1559 881 1606 et
901 1549 991 1607 trium
1016 1550 1174 1607 mensium.
1221 1551 1306 1621 Quid
1332 1552 1438 1626 plura?

276 1641 355 1699 filius
367 1641 416 1698 ille
430 1639 510 1712 regis
521 1647 552 1697 et
564 1655 619 1696 rex
632 1637 728 1695 iunior
737 1637 857 1694 inclitus
869 1645 899 1694 et
910 1637 1042 1706 illustris,
1055 1645 1144 1710 atque
1156 1639 1222 1709 ipsa
1235 1639 1438 1697 nihilominus

234 1749 263 1801 ¹5
278 1729 337 1786 lilia
353 1729 433 1802 regis
445 1727 536 1785 incliti
551 1735 582 1784 et
596 1725 700 1800 regina
717 1725 825 1782 nobilis
841 1743 875 1782 ac
891 1742 1045 1798 generosa,
1059 1725 1238 1783 immensam
1255 1739 1436 1784 cunctorum

276 1817 405 1876 leticiam
423 1815 473 1889 qui
491 1816 530 1873 ad
548 1823 609 1872 tam
628 1813 795 1872 admirandi
813 1813 912 1886 gaudii
935 1814 1138 1886 spectaculum
1156 1824 1317 1886 venerant,
1339 1817 1437 1872 subito

277 1903 472 1964 conuertunt‘
496 1903 527 1960 in
555 1901 723 1970 lachrimas,
749 1910 781 1958 et
810 1917 928 1959 merore
959 1899 1050 1958 nimio
1076 1903 1235 1959 vniuersos
1268 1901 1439 1960 sauciant⁷.

280 1993 432 2050 Festinant
445 2007 518 2064 ergo
531 1988 700 2063 quantotius
712 1991 750 2046 ad
763 1989 917 2059 brauium;
932 1997 1097 2062 properant
1109 1990 1147 2046 ad
1161 1989 1212 2045 diu
1224 1991 1436 2049 desideratum

278 2081 335 2138 sibi
351 2079 533 2138 martirium:
560 2077 620 2134 filie
637 2093 752 2150 regum,
769 2077 888 2146 ducum,
905 2085 936 2134 et
954 2075 1131 2149 principum,
1150 2076 1245 2134 immo
1264 2095 1361 2152 reges
1380 2078 1437 2152 ipsi

235 2185 347 2226 iocum
366 2167 486 2240 reginis,
504 2163 651 2223 ducissis⁸
667 2173 699 2222 et
722 2163 883 2222 comitissis
908 2163 1058 2221 festinanti
1083 2181 1172 2221 cursu
1192 2175 1328 2237 pergunt
1348 2166 1436 2224 Colo-

279 2257 368 2314 niam.
404 2256 558 2326 Quocum
576 2253 794 2326 peruenissent,
813 2260 1012 2326 reppererunt
1031 2261 1152 2324 gentem
1175 2251 1344 2311 Hunorum
1369 2256 1436 2311 bar·

279 2344 408 2401 baricam
428 2343 525 2416 ipsam
543 2341 699 2400 obsedisse
717 2340 873 2398 ciuitatem
911 2339 1058 2414 Princeps
1073 2339 1162 2412 igitur
1178 2343 1354 2398 eorundem
1370 2344 1434 2399 bar-

279 2433 419 2488 barorum
437 2440 522 2488 extra
541 2447 660 2488 murum
680 2428 826 2499 residens,
844 2444 938 2502 super
955 2436 1037 2484 tanta
1054 2427 1223 2501 puellarum
1242 2430 1435 2486 multitudine

279 2529 367 2592 atque
392 2517 617 2576 domicellamm
640 2516 775 2574 exercitu
799 2516 981 2586 ammiratus,
1003 2533 1055 2573 eas
1077 2516 1146 2573 iecit
1167 2515 1225 2573 sibi
1250 2517 1433 2590 presentari.

236 2623 265 2672 ²⁵
280 2607 308 2664 Α
325 2607 433 2679 quibus
450 2622 521 2663 mox
539 2621 644 2678 genus,
659 2605 796 2678 patriam,
813 2613 902 2677 atque
920 2604 1069 2660 aduentus
1087 2603 1203 2660 illamm
1222 2621 1352 2662 causam
1371 2607 1434 2662 dili-

279 2693 361 2767 genti
374 2692 515 2766 requirit⁹
531 2691 767 2765 inuestigatione.
805 2691 899 2748 Beata
910 2691 1022 2765 quippe
1034 2691 1144 2748 Vrsula
1159 2707 1228 2748 cum
1246 2709 1365 2765 sponso
1381 2711 1433 2751 suo

279 2781 392 2854 pariter
409 2789 581 2854 presentata
598 2779 724 2847 tiranno,
737 2779 873 2853 protinus
888 2779 982 2836 oculis
999 2778 1064 2837 eius
1077 2779 1195 2854 placuit,
1208 2788 1240 2837 et
1253 2781 1391 2838 animum
1404 2781 1432 2838 in

280 2869 359 2926 illam
379 2877 472 2925 totum
492 2867 600 2938 iniecit,
612 2867 777 2924 ammirans
788 2867 913 2940 virginis
932 2867 1109 2939 elegantiam
1129 2867 1365 2940 pulchritudinis
1383 2887 1432 2926 ex·

280 2956 362 3030 pauit
374 2959 525 3026 decorem,
538 2972 665 3028 eamque
678 2955 735 3011 sibi
748 2953 854 3012 sociari
868 2954 1045 3028 concupiuit
1076 2955 1174 3025 Quem
1183 2957 1278 3028 virgo,
1290 2955 1352 3013 iam
1365 2965 1431 3013 ante

236 3067 268 3116 30
280 3063 299 3102 a
319 3045 423 3102 celesti
444 3061 557 3117 sponso
578 3051 608 3100 et
630 3041 709 3116 regis
731 3041 791 3099 filio
809 3043 907 3100 eterni
925 3041 1069 3100 dotaliciis
1091 3045 1248 3100 subarrata
1269 3045 1431 3102 celestibus

280 3143 507 3205 contempnens,
521 3129 690 3202 nephandis
703 3129 798 3187 eius¹⁰
809 3131 1001 3203 acquiescere
1014 3130 1171 3188 desideriis
1184 3131 1306 3204 refugit.
1341 3133 1431 3188 Porro

280 3229 441 3292 antequam
453 3217 484 3274 in
496 3233 604 3273 manus
616 3215 792 3274 incidissent
804 3217 1001 3284 tirannorum,
1013 3218 1092 3274 bono
1104 3227 1135 3274 et
1147 3217 1260 3275 salubri
1270 3221 1432 3276 utebantur

280 3305 411 3372 consilio,
429 3314 517 3378 atque
530 3304 608 3361 beati
622 3303 774 3361 Laurentii
791 3304 941 3378 exemplo,
953 3305 1004 3378 qui
1023 3305 1182 3362 thezauros
1200 3306 1332 3365 ecclesie
1351 3307 1430 3364 dedit

1505 661 1513 740 i

1511 801 1513 872 l

281 3393 472 3466 pauperibus,
497 3401 630 3465 agentes
658 3393 799 3466 quicquid
829 3391 888 3450 illis
918 3409 1130 3466 expensarum,
1153 3395 1285 3451 vestium
1318 3397 1431 3468 precio
1510 3469 1511 3476 ἵ

237 3499 267 3548 35
282 3497 391 3549 sarum,
415 3480 625 3536 thezaurorum
649 3489 739 3553 atque
766 3488 1010 3538 ornamentorum
1034 3489 1099 3538 erat
1123 3481 1289 3551 residuum,
1314 3483 1432 3540 ciuitate

282 3567 404 3626 Colonia
424 3567 641 3640 expendentes,
662 3567 805 3636 ecclesiis,
831 3566 942 3625 Christi
967 3567 1150 3642 pauperibus
1174 3571 1340 3642 eroganda,
1365 3571 1432 3629 reli·

281 3665 418 3729 quemnt.
464 3654 662 3713 Considerent
686 3655 743 3712 ista
767 3655 883 3726 diuites,
908 3655 1014 3728 prelati
1038 3665 1069 3712 et
1093 3654 1218 3727 nobiles,
1242 3657 1380 3731 episcopi
1404 3668 1431 3716 et

282 3744 416 3813 comites,
437 3744 489 3817 qui
510 3743 653 3801 ecclesias
675 3743 786 3801 Christi
807 3752 837 3800 et
860 3761 1010 3817 pauperes
1031 3743 1167 3818 spoliant,
1188 3744 1241 3817 qui
1262 3745 1302 3801 de
1327 3747 1431 3804 alienis

281 3831 434 3889 laboribus
455 3847 489 3888 se
514 3831 616 3901 ditant,
638 3839 669 3888 et
693 3840 761 3904 post
783 3839 911 3888 mortem
936 3849 985 3888 res
1007 3847 1176 3905 pauperum
1197 3831 1429 3904 imperatoribus

237 3939 270 3991 40
282 3930 313 3978 et
330 3919 471 3976 diuitibus
494 3917 538 3990 [in
555 3935 649 3976 vanos
671 3936 744 3976 vsus
763 3917 1027 3991 consumendos]¹¹
1045 3917 1227 3991 relinquunt,
1245 3919 1366 3994 sibique
1387 3921 1429 3978 in·
1509 3983 1510 3990 ,

282 4008 407 4066 fernalia
425 4006 570 4081 supplicia
589 4015 758 4065 mercantes
776 4005 971 4080 conquirunt!
1010 4006 1088 4064 Ecce
1102 4005 1234 4080 virgines
1249 4006 1308 4064 iste
1324 4009 1429 4084 suique

314 4213 383 4265 ¹om
402 4215 471 4310 inii.
548 4211 605 4264 ¹13.
617 4213 719 4292 alisque
727 4213 825 4308 plures.
861 4280 868 4292 ·
899 4213 957 4292 313.
969 4221 1003 4266 ct
1077 4212 1298 4293 ‘Ripae-idem.
1373 4215 1426 4266 ⁸1³.

282 4296 353 4330 vero.
468 4279 499 4332 B.
511 4287 646 4331 conuertit.
755 4280 785 4332 Β.
796 4287 930 4332 sauciavit.
1016 4277 1072 4331 ’Β
1085 4281 1247 4346 ducissam
1264 4281 1295 4334 B.
1309 4284 1387 4345 etd.;
1402 4291 1425 4332 et

282 4346 420 4398 comitissis
437 4361 488 4399 om.
554 4345 603 4397 'B
623 4345 735 4409 inquirit.
801 4346 820 4378 ¹⁰
837 4346 926 4398 Reis.
994 4345 1012 4377 ¹¹
1028 4345 1102 4398 soii.
