3028 4894
263 326 339 402 470
576 307 707 396 utut
732 304 924 410 tanaus
946 305 1099 410 annu.

263 507 431 581 gentesimo
461 507 683 581 septuagesimo
713 517 826 581 quarto.
885 507 975 564 Anno
1004 525 1077 566 vero
1111 505 1225 564 domini
1258 507 1422 566 millesimo

264 595 454 669 [centesimo]
465 596 473 628 ¹
487 605 573 652 sexto
584 595 761 662 Richardus,
771 596 864 652 abbas
873 595 1004 665 ultimus,
1015 595 1163 652 transtulit
1172 613 1285 668 corpus
1294 595 1423 670 virginis

263 693 366 740 sancte
384 684 422 740 ad
444 683 560 740 locum¹
576 683 626 739 vbi
644 684 794 756 usquead
814 693 916 740 nostra
933 692 1068 756 tempora
1087 685 1279 756 requiescere
1299 685 1423 740 meruit.

265 769 432 844 Repertum
451 780 499 828 est
517 787 626 844 corpus
644 771 709 828 eius
728 770 949 828 sanctissimum
965 781 1034 844 post
1049 779 1093 828 tot
1109 788 1257 828 annorum
1270 773 1426 828 curricula

236 855 421 932 sintegrum
438 875 506 914 cum
522 858 665 928 vestibus,
684 869 713 915 et
730 857 946 931 incorruptum,
963 875 1092 930 cumque
1113 859 1278 914 monachus
1297 859 1425 932 quidam

265 947 400 1003 membra
413 945 546 1018 virginea
562 955 697 1020 tangeret
710 955 740 1002 et
755 945 896 1002 flexibilia
913 946 1068 1019 reperiret,
1081 946 1188 1002 candet
1205 946 1317 1002 rosetis
1335 947 1425 1019 genis

265 1033 357 1090 facies
378 1033 502 1106 virginis
524 1033 610 1106 quasi
631 1033 690 1092 vite
715 1033 864 1107 spiraculo
886 1032 1048 1106 inspirata:
1076 1043 1107 1090 et
1131 1049 1200 1088 cum
1224 1034 1333 1089 ttrmba
1357 1033 1425 1089 eius

264 1121 382 1195 lapidea
394 1120 559 1178 inconsulte
572 1131 602 1178 et
618 1120 698 1178 fatue
715 1130 891 1178 tractaretur
902 1130 931 1178 et
949 1121 1041 1177 iracta
1058 1119 1173 1190 fuisset,
1186 1119 1327 1177 edificata
1344 1138 1424 1178 noua

265 1207 385 1266 breuior
400 1225 460 1265 vno
478 1209 556 1282 pede
572 1209 699 1278 videtur,
715 1209 770 1266 sed
789 1210 895 1282 pn'ma,
909 1208 1019 1265 virtute
1038 1207 1147 1278 diuina,
1163 1225 1198 1264 ac
1215 1208 1244 1264 si
1263 1224 1424 1282 nunquum

221 1313 252 1352 ro
265 1295 371 1354 suisset
383 1295 484 1366 fracta,
498 1295 683 1354 resolidatur.

302 1416 380 1490 [MS.
393 1417 458 1473 Tib.
471 1417 564 1474 adds:
748 1415 934 1474 insanam.

302 1508 386 1580 Cum
406 1520 536 1578 Dacius⁴
548 1519 782 1578 mediolanensis
798 1521 960 1596 episcopus
979 1520 1270 1594 Constantinopolim
1289 1539 1427 1594 pergens

266 1607 466 1666 Chorinthum
488 1609 632 1676 uenisset,
654 1609 772 1682 aspexit
793 1609 912 1666 eminus
934 1610 1067 1680 (domum
1089 1609 1284 1682 congruentis
1308 1611 1427 1682 magni·

265 1695 377 1752 tudinis
390 1713 516 1768 eamque
529 1695 586 1752 sibi
601 1696 757 1769 preparari
774 1697 812 1752 ad
830 1696 1040 1770 hospitandum
1059 1695 1153 1752 iussit
1191 1694 1331 1768 Cumque
1345 1697 1426 1753 eius-

267 1785 337 1840 dem
354 1783 410 1840 loci
428 1783 525 1840 incole
543 1782 677 1839 dicerent
696 1783 726 1839 in
745 1801 782 1840 ea
801 1784 879 1840 hunc
899 1801 1022 1840 manere
1041 1801 1101 1838 non
1121 1799 1213 1856 posse
1231 1785 1303 1855 quia
1323 1784 1427 1840 multis
1504 1795 1505 1800 ’

221 1887 250 1938 ¹⁵
267 1871 326 1928 iam
339 1869 427 1927 annis
445 1871 520 1926 hanc
537 1871 672 1927 diabolus
690 1870 876 1941 inhabitaret,
889 1881 978 1944 atque
994 1870 1062 1927 ideo
1075 1887 1201 1927 uacuam
1214 1872 1426 1940 remansis)se,

265 1957 437 2032 respondit:
455 1958 542 2015 ‘Ideo
555 1957 699 2031 hospitari
714 1959 755 2029 (in
769 1959 859 2014 domo
871 1959 988 2028 eadem)
1003 1956 1119 2014 debitor
1127 1955 1244 2027 sum,si
1258 1957 1338 2015 hanc
1350 1960 1427 2031 (ma-

265 2045 365 2119 lignus
390 2044 513 2119 spiritus
538 2045 648 2102 inuasit
672 2054 701 2102 et
726 2047 776 2115 ab)
802 2063 838 2103 ea
862 2045 1016 2101 hominum
1045 2043 1264 2101 habitacionem
1290 2046 1430 2118 expulit’

267 2133 406 2206 Cumque
437 2133 495 2205 (uir
522 2133 583 2204 dei)
614 2143 701 2190 nocte
733 2133 910 2205 quiesceret,
939 2132 1078 2205 antiquus
1113 2131 1209 2188 hostis
1240 2133 1428 2200 (immensis)

266 2221 389 2278 uocibus
417 2221 496 2294 cepit
525 2219 633 2278 imitari
660 2219 773 2293 rugitus
798 2220 926 2290 leonum,
956 2219 1094 2292 (balatus)
1124 2237 1279 2293 pecorum,
1305 2221 1427 2277 ruditus

222 2328 254 2364 ao
267 2309 430 2378 asinorum,
459 2307 562 2364 sibilos
592 2306 803 2381 serpen(cium,
835 2308 1019 2380 (por)corum
1048 2307 1194 2363 stridores
1222 2315 1255 2363 et
1284 2307 1428 2364 soricum.
1504 2369 1505 2372 Ἴ

269 2395 355 2452 Tunc
389 2397 527 2468 (repente
559 2393 680 2465 Dacius)
715 2403 758 2450 tot
791 2394 921 2451 hostium
951 2392 1075 2452 uocibus
1111 2393 1259 2450 excitatus
1293 2395 1429 2451 surrexit

268 2481 363 2538 iratus
394 2491 425 2538 et
455 2491 557 2539 contra
590 2483 708 2540 hostem
743 2483 876 2538 clamans
910 2481 1002 2538 dixit:
1040 2480 1142 2538 ‘Bene
1177 2481 1231 2537 tibi
1268 2483 1427 2555 contingit,

270 2569 371 2640 miser,
387 2579 416 2626 et
434 2570 485 2642 qui
504 2569 611 2626 imitari
630 2569 785 2627 dominum
804 2569 924 2626 uoluisti
943 2569 1077 2642 indigne,
1098 2587 1177 2636 ecce,
1196 2578 1229 2625 ut
1249 2569 1362 2642 dignus
1384 2587 1428 2639 es„

266 2658 380 2713 bestias
410 2656 552 2714 imitaris?
606 2656 655 2713 Ad
686 2673 777 2730 quam
803 2673 909 2713 uocem
935 2655 1156 2714 deieccionem³
1181 2672 1270 2711 suam
1299 2657 1427 2729 spiritus

223 2765 252 2816 ²5
270 2743 420 2817 malignus
433 2744 559 2814 erubuit,
572 2753 602 2801 et
621 2745 743 2801 domum
762 2743 843 2799 illam
859 2745 896 2800 ad
914 2744 1085 2800 exhibenda
1104 2752 1249 2812 monstra,
1263 2744 1343 2800 sicut
1355 2763 1428 2802 con·

268 2840 417 2901 sueuerat‚
440 2849 500 2888 non
526 2831 656 2888 intrauit.
727 2819 831 2890 ‘Cum
851 2830 1016 2887 uenerabili
1035 2832 1177 2903 episcopo
1194 2829 1354 2888 Venancio
1371 2832 1427 2888 Sa·

268 2921 370 2992 b(in0⁷
383 2919 538 2991 diaconus)
553 2919 724 2976 nunciasset
737 2919 817 2992 quod
830 2935 937 2975 cursus
949 2917 995 2975 sui
1010 2917 1108 2973 Padus
1121 2917 1255 2988 alu(eum
1269 2919 1426 2991 egres)sus

268 3007 395 3065 ecclesie
419 3024 508 3080 agros
534 3015 720 3080 occupasset,
745 3005 836 3063 dixit:
870 3007 889 3078 (‘
897 3005 982 3062 Vade
1007 3007 1047 3076 et)
1073 3004 1121 3061 dic
1146 3005 1191 3061 ei:
1224 3007 1351 3062 mandat
1374 3005 1427 3063 tibi

269 3095 429 3168 episcopus
445 3103 478 3150 ut
496 3095 537 3166 (te
555 3110 731 3166 compescas
749 3095 790 3164 et)
809 3094 847 3149 ad
866 3092 1022 3166 proprium
1037 3091 1156 3149 alueum
1172 3092 1300 3148 redeas'
1339 3093 1426 3164 Quod
1504 3089 1505 3124 ³

223 3207 256 3257 30
269 3183 412 3240 diaconus
427 3182 514 3253 (eius)
528 3183 653 3238 audiens
670 3179 809 3254 despexit
823 3189 852 3237 et
865 3197 924 3236 non
938 3179 999 3236 iuit
1035 3179 1120 3234 Tunc
1135 3179 1192 3249 (uir
1204 3179 1265 3249 dci)
1279 3181 1426 3237 accersito

269 3270 384 3325 notario
396 3269 517 3326 dictauit
534 3269 654 3326 dicens:
675 3267 835 3340 ‘(Sabinus
856 3267 968 3324 domini
986 3266 1077 3323 ihesu
1090 3265 1200 3322 Christi
1213 3283 1334 3336 seruus,
1347 3287 1425 3325 com-

269 3355 460 3412 monitorium
484 3356 608 3428 (Pado):
639 3354 775 3426 Precipio
796 3355 850 3411 tibi
875 3354 905 3410 in
931 3354 1053 3410 nomine
1078 3353 1189 3410 domini
1216 3352 1309 3411 ihesu
1332 3366 1367 3411 ut
1389 3357 1426 3412 de

270 3443 368 3513 (alueo
390 3457 440 3500 tuo
461 3443 504 3515 in)
528 3443 601 3500 locis
623 3442 690 3499 istis
714 3441 839 3498 ulterius
863 3459 924 3498 non
949 3457 1042 3498 exeas
1068 3443 1136 3512 (nec
1160 3443 1270 3513 terras)
1297 3443 1426 3499 ecclesie

269 3531 372 3586 ledere
393 3532 581 3604 presumas3’
607 3539 695 3604 atque
718 3529 828 3602 (eidem
852 3528 966 3586 notario
988 3527 1154 3600 sub)iunxit
1173 3527 1298 3586 dicens:
1323 3530 1426 3588 ‘Vade

224 3637 255 3686 35
270 3627 300 3673 et
321 3616 377 3672 hoc
399 3616 430 3673 in
452 3635 560 3691 aquam
584 3617 725 3690 (proice).'
771 3615 839 3686 Quo
860 3615 937 3673 sacto
956 3633 1033 3689 aqua
1057 3633 1091 3672 se
1114 3615 1301 3688 compescuit
1322 3626 1355 3673 et
1379 3619 1426 3689 (ad

269 3703 437 3778 proprium)
456 3705 575 3761 alueum
596 3721 728 3774 reuersa,
747 3703 831 3760 exire
850 3703 973 3760 ulterius
992 3703 1035 3776 (in
1054 3704 1119 3759 loca
1136 3703 1255 3774 eadem)
1275 3721 1338 3760 non
1358 3723 1427 3779 pre·

270 3793 399 3865 sumpsit
406 3791 437 3863 ⁸.]

302 3885 358 3938 ιΤ.
369 3889 398 3939 E.
409 3888 538 3938 vicesimo.
605 3885 668 3938 'se
681 3889 724 3937 the
737 3905 798 3938 new
810 3887 926 3938 minster.
990 3885 1256 3950 'ExGregonDial
1270 3887 1426 3952 (quotation

270 3956 315 4004 the
327 3955 436 4017 margin)
451 3955 498 4003 111.
511 3971 535 4017 4,
545 3953 619 4004 Vinc.
632 3953 698 4004 Bell.
710 3953 797 4004 XXII.
811 3969 850 4015 74.
927 3953 937 3982 ‘
952 3952 983 4004 T.
995 3953 1092 4004 darius.
1169 3953 1179 3982 ⁵
1196 3953 1227 4004 T.
1238 3954 1427 4005 detectionem

270 4020 280 4049 ⁸
296 4021 373 4081 Greg.
387 4020 452 4070 Diai.
467 4019 514 4069 111.
529 4035 567 4070 ro.
632 4018 640 4048 ¹
657 4021 692 4072 al.
704 4019 759 4069 VB.

304 4085 314 4114 ¹
331 4085 391 4134 Ant.
404 4087 455 4135 and
467 4085 533 4136 Coll.
546 4087 573 4134 in
584 4086 628 4136 T.:

303 4145 367 4208 Aue
383 4174 483 4222 gemma
498 4159 620 4208 claritatis
635 4159 667 4208 ad
684 4157 766 4208 instar
777 4157 932 4220 carbunculi,
944 4158 1002 4207 Aue
1018 4172 1078 4206 rusa
1096 4157 1208 4220 paradisi
1223 4173 1296 4207 more
1308 4159 1426 4224 fragrans

271 4225 377 4274 balsami
390 4242 396 4273 :
414 4225 438 4272 Ο
450 4224 641 4289 W(ith)burga,
652 4225 726 4285 uirgo
736 4224 799 4272 felix
810 4224 924 4286 gloriosa
935 4223 1041 4285 meritis,
1052 4223 1216 4272 Assistentes
1229 4231 1274 4273 tue
1289 4225 1362 4275 laudi
1378 4227 1426 4276 celi
1504 4291 1505 4296 1

272 4291 351 4352 iunge
362 4289 470 4350 gaudiis.
503 4289 534 4338 V.
553 4290 606 4340 Ora
618 4305 665 4351 pro
678 4290 759 4340 nobis

307 4353 486 4424 Omnipotens
497 4364 657 4427 sempiterne
669 4363 742 4426 deus,
755 4371 844 4414 auctor
855 4363 958 4414 uirtutis
968 4369 996 4413 et
1006 4367 1108 4412 mator
1118 4361 1285 4426 uirginitatis,
1298 4363 1332 4414 da
1344 4364 1425 4426 nobis,
