3046 4902
107 319 330 386 essonae-t
359 303 435 397 Ut
454 300 514 391 ἦ.
532 303 749 392 &militm
768 318 863 406 tm
882 310 922 390 ct
941 310 1133 408 melitite.
1180 313 1253 400 ⁶29

103 507 197 564 sancti
212 506 348 562 Iohannis
359 506 529 576 euangeliste
547 507 583 562 de
601 516 764 577 contemptu
780 507 877 562 mundi
894 508 1037 574 conferret,
1050 508 1140 564 dulcis
1156 507 1254 564 incidit

104 589 196 648 sancti
210 590 354 646 Edmundi
370 589 512 656 memoria,
525 607 611 661 quam
628 589 674 644 ille
692 589 790 658 iugiter
807 601 919 660 pectore
935 591 1064 646 voluebat
1080 601 1109 646 et
1123 609 1180 646 ore.
1215 593 1255 646 At

103 691 158 744 ego
171 673 293 729 demisso
311 674 388 728 uultu
402 673 512 728 diucius
528 673 712 728 disserentem
727 672 854 740 sustinui,
866 684 894 729 et
910 675 1027 728 tandem
1043 685 1126 745 rupto
1140 673 1255 729 silencio

105 754 182 812 dixi:
211 755 312 824 “Quid
331 765 382 824 est,
400 756 513 812 domine
528 757 576 824 mi,
592 756 667 828 quod
684 773 736 812 uos
751 757 941 826 incorruptum
957 757 1115 824 subsistere,
1131 757 1255 828 plerique

103 855 171 896 eum
190 838 362 909 corrupcioni
381 839 560 894 succubuisse
582 839 774 895 contendunt?
811 840 887 894 Nam
909 855 973 894 cum
994 839 1198 896 nudiustercius
1217 841 1282 902 ads

104 921 166 978 eius
190 923 354 977 accederem
379 921 718 992 implorandasuffragia‚
740 922 855 993 quidam
882 939 968 993 eques
994 921 1022 976 in
1046 922 1145 978 itinere
1168 923 1253 979 michi

104 1003 229 1059 sociatus
253 1012 304 1070 est,
328 1021 448 1076 querens
471 1022 526 1076 quo
553 1005 706 1072 tenderem,
727 1022 781 1074 ego
804 1021 871 1060 vero
897 1004 1029 1076 respondi
1054 1023 1101 1060 me
1125 1016 1254 1061 sanctum

104 1086 291 1142 Edmundum
305 1087 376 1142 velle
391 1087 527 1156 inuisere;
546 1097 576 1143 at
593 1087 638 1144 ille
655 1105 718 1142 cum
735 1089 771 1144 de
788 1087 946 1157 integritate
960 1087 1081 1143 martiris
1097 1088 1255 1144 dubitando

104 1170 269 1240 questiones
285 1169 452 1238 miscuisset,
467 1171 637 1241 redarguens
653 1187 718 1227 eum
734 1170 809 1226 dixi:
829 1171 893 1226 ‘Ne
908 1187 1041 1242 vmquam
1058 1171 1098 1226 sic
1112 1189 1195 1238 erres,
1211 1181 1254 1228 set

103 1252 265 1308 confitendo
279 1253 362 1308 crede
377 1253 442 1324 quia
454 1253 527 1310 sicut
541 1255 642 1310 eodem
659 1254 705 1310 die
721 1271 776 1325 quo
793 1253 919 1310 martirio
931 1263 1083 1310 coronatus
1100 1264 1152 1322 est,
1169 1254 1209 1311 sic
1226 1264 1254 1310 et
1269 1268 1299 1304 ιο

105 1335 135 1389 in
157 1335 279 1406 presenti
295 1334 470 1406 incorruptus
486 1345 646 1406 perseuerat
664 1346 693 1392 et
712 1336 835 1406 integer!
871 1337 976 1393 Verum
995 1338 1050 1392 hoc
1070 1337 1160 1408 magis
1178 1338 1255 1393 iuxta

104 1419 249 1488 uulgatam
261 1417 421 1487 opinionem
432 1428 461 1474 et
472 1435 650 1474 communem
662 1420 747 1475 fidem
759 1419 885 1488 dixerim,
897 1420 1018 1476 necdum
1034 1422 1142 1491 plenius
1154 1421 1255 1478 edocta

104 1516 163 1572 quo
175 1498 289 1555 cerciori
301 1510 467 1570 argumento
478 1501 643 1572 calumpniis
657 1500 860 1557 incredulorum
872 1502 979 1573 possim
996 1505 1153 1575 refragari.’'
1191 1507 1255 1576 Quo

104 1581 211 1650 audito,
235 1582 322 1638 alcius
346 1583 534 1652 ingemiscens
560 1585 617 1640 ait:
649 1584 666 1613 “
676 1587 750 1652 Heu,
775 1602 860 1656 quam
885 1585 1022 1656 penaliter
1049 1597 1168 1657 peccant
1195 1587 1254 1659 qui·

104 1683 225 1737 cumque
235 1683 317 1737 super
326 1667 379 1721 hoc
390 1667 535 1722 dubitant!
564 1669 610 1722 An
625 1667 676 1738 [et]
690 1677 721 1722 tu
731 1668 859 1723 fortassis
867 1685 924 1724 vna
932 1685 997 1723 cum
1005 1669 1046 1726 eis
1059 1668 1185 1725 nutanti¹
1198 1671 1254 1726 fide
1271 1688 1298 1736 ¹5

103 1749 262 1806 vacillas?”
300 1749 316 1778 “
326 1750 401 1816 Non,
420 1749 545 1822 inquam,
567 1751 604 1806 de
625 1751 670 1806 dei
689 1751 791 1806 virtute
811 1751 918 1819 diffido,
938 1761 981 1806 set
1001 1752 1047 1822 qui
1065 1753 1151 1807 michi
1171 1770 1255 1822 super

103 1835 160 1889 hoc
177 1830 331 1888 satisfaciat
345 1849 401 1887 non
414 1832 551 1888 inuenio.”
587 1833 742 1889 “vellesne
755 1842 889 1900 nostrum,
901 1833 950 1901 ait,
963 1834 1066 1890 dehac
1081 1851 1112 1890 re
1126 1835 1253 1890 testimo-

103 1917 184 1972 nium
207 1915 371 1986 recipere?''
409 1915 529 1970 “Nemo
550 1925 609 1972 tam
630 1915 755 1984 callidus,
774 1932 858 1971 nemo
877 1925 938 1970 tam
957 1916 1094 1972 facundus
1119 1917 1165 1988 qui
1190 1916 1254 1972 ullis

103 1997 277 2070 argumentis
299 1997 387 2068 possit
409 2016 427 2053 a
444 1999 529 2054 corde
547 2016 610 2054 meo
629 2000 749 2054 euellere
767 1999 841 2070 quod
861 1999 948 2054 semel
968 1997 1106 2054 sermonis
1125 1999 1164 2054 tui
1186 2016 1253 2054 auc-

102 2083 203 2138 toritas
227 2082 253 2137 ei
277 2081 448 2136 inseruerit.’'
485 2083 566 2138 Tunc
589 2082 635 2137 ille
656 2097 772 2136 manum
793 2093 940 2152 utramque
962 2097 1130 2152 proponens,
1153 2081 1253 2150 “Hiis,
1268 2100 1299 2138 ao

104 2165 205 2238 inquit,
229 2165 293 2220 licet
318 2162 453 2236 impuris¹
477 2176 505 2220 et
530 2165 661 2236 indignis,
686 2165 816 2220 manibus
839 2164 994 2219 reuerenda
1017 2163 1104 2234 ipsius
1128 2166 1255 2220 membra

102 2249 237 2322 palpaui;
255 2248 309 2304 hiis
324 2247 515 2318 petulantibus
533 2248 621 2304 oculis
639 2248 790 2304 iocundam
806 2247 866 2302 eius
882 2256 910 2302 et
922 2246 999 2302 omni
1015 2249 1146 2303 refertam
1158 2247 1254 2318 gracia

103 2332 206 2390 taciem
230 2329 370 2402 conspexi.
416 2332 454 2386 Et
478 2330 717 2402 quemadmodum
741 2329 788 2386 hic
812 2331 924 2400 plenam
949 2329 1066 2386 intueris
1090 2347 1204 2386 earnem
1224 2339 1253 2386 et

104 2414 433 2472 teneram”-dexteram
457 2413 596 2484 siquidem
620 2431 712 2470 meam
742 2412 855 2469 sinistra
878 2412 1109 2483 cingebat-“ita
1133 2413 1254 2469 uniuersi

104 2507 183 2554 artus
195 2497 268 2552 illius
280 2495 357 2550 molli
373 2506 402 2551 et
416 2496 501 2566 pulpa
517 2496 673 2551 vestiuntur
688 2513 780 2551 carne.
819 2495 988 2567 Insipienter
1007 2496 1120 2568 quidem
1140 2513 1173 2552 ac
1190 2514 1253 2568 pre·
1269 2519 1299 2568 ²5

104 2589 268 2652 sumptuose
291 2578 391 2634 iecisse
415 2595 461 2633 me
484 2579 626 2648 confiteor,
652 2580 700 2634 det
724 2579 836 2634 veniam
866 2579 1009 2634 confitenti
1034 2579 1080 2652 qui
1108 2580 1251 2650 penitendi

103 2663 202 2735 spacia
214 2679 374 2732 nuncusque
387 2661 536 2717 concessit.
572 2661 670 2718 Socios
683 2679 750 2717 vero
761 2662 800 2716 ad
813 2662 866 2717 hoc
878 2661 964 2717 habui
982 2662 1136 2733 dompnum
1149 2665 1254 2734 Spara-

102 2747 199 2804 iocum
220 2744 426 2814 suffraganeum
447 2760 549 2814 meum,
568 2753 596 2800 et
614 2744 756 2800 aurificem
776 2745 1017 2800 Hereuuardum.”
1055 2747 1127 2801 Cum
1148 2748 1201 2803 hec
1217 2747 1255 2802 ab

103 2831 165 2886 eius
177 2845 225 2884 ore
237 2827 405 2894 didicissem,
417 2836 445 2882 et
461 2826 663 2899 aliquantulum
678 2827 783 2882 ibidem
802 2827 935 2897 temporis
950 2826 1116 2898 exegissem,
1129 2826 1254 2883 ultimum

103 2913 165 2968 uiro
178 2912 223 2966 dei
237 2912 300 2966 uale
312 2909 410 2966 dicens
425 2909 547 2980 paternis
564 2910 663 2966 edibus
680 2921 863 2982 representor,
877 2909 992 2965 vlterius
1005 2927 1070 2964 eum
1082 2928 1139 2965 non
1152 2911 1253 2965 visura.
1268 2935 1300 2984 30

104 2997 182 3051 Nam
195 3011 259 3049 cum
272 2993 332 3063 ipse
349 2991 445 3064 quein
465 3003 621 3048 memorata
639 2992 826 3049 translacione
841 2993 895 3046 fixa
911 3003 954 3048 est
969 3003 1075 3047 metam
1089 2991 1255 3048 excederet³

102 3077 218 3150 quando
236 3087 295 3132 tarn
314 3075 375 3130 visu
393 3091 477 3146 quam
497 3085 574 3132 tactu
592 3075 703 3147 plures⁴
726 3075 828 3131 Christi
851 3075 995 3130 martirem
1016 3076 1171 3147 probauere
1192 3093 1253 3131 cor·

103 3159 245 3231 rupcionis
261 3168 414 3230 expertem,
433 3157 504 3214 inira
523 3176 627 3229 paucos
644 3160 704 3214 dies
725 3169 823 3230 postea
841 3157 918 3213 obiit.
954 3157 1099 3228 Siquidem
1117 3175 1181 3212 cum
1198 3176 1255 3214 vna

103 3245 214 3300 dierum
233 3243 308 3297 celsa
326 3241 464 3312 parietum
483 3241 599 3298 ecclesie
619 3242 731 3312 fastigia
750 3242 952 3309 obambularet,
974 3240 1200 3313 circumspiciens
1218 3259 1254 3298 ne

103 3327 172 3398 quid
188 3327 224 3380 ab
242 3325 394 3381 artificibus
411 3323 457 3394 qui
471 3324 560 3395 ipsius
577 3327 702 3394 deputati
720 3335 801 3380 erant
817 3325 944 3380 custodie
962 3342 1013 3396 per
1029 3324 1164 3379 incuriam
1181 3336 1254 3381 esset
1269 3349 1299 3399 35

103 3411 287 3480 necglectum,
302 3425 370 3462 casu
386 3407 531 3463 accidente
548 3410 641 3465 subito
656 3409 711 3464 ruit
730 3410 758 3464 in
774 3425 901 3479 preceps.
938 3410 1030 3477 Quem
1045 3409 1110 3464 licet
1128 3408 1255 3464 diuinum

104 3492 249 3564 inpulisset
265 3490 406 3557 iudicium,
423 3489 519 3544 diuina
531 3501 625 3546 tamen
643 3510 700 3547 non
714 3489 848 3562 [penitus]
863 3491 985 3548 deseruit
999 3492 1168 3548 clemencia:
1188 3509 1255 3548 nam

104 3577 134 3632 in
153 3575 215 3647 ipsa
232 3573 312 3628 ruina
326 3571 373 3626 vni
392 3571 517 3643 stipitum
535 3574 637 3645 quibus
656 3586 746 3630 crates
765 3574 950 3631 fulciebantur
968 3593 1018 3630 ora
1036 3575 1193 3632 vestimenti
1212 3575 1254 3630 sui

104 3658 221 3716 cohesit.
259 3656 343 3726 Quod
356 3655 483 3711 videntes
500 3657 606 3723 latomi,
619 3675 684 3712 mox
696 3675 746 3728 spe
760 3657 945 3713 subueniendi
961 3659 1106 3713 machinas
1121 3675 1254 3714 conscen-

103 3744 185 3810 dunt,
195 3741 304 3796 illesum
316 3739 423 3810 eripere
436 3739 605 3795 laborantes.
635 3741 681 3795 Ad
694 3741 769 3813 quod
782 3741 849 3795 dum
859 3740 964 3796 enixius
976 3740 1160 3804 elaborarent,
1173 3748 1255 3810 rupta
1267 3768 1301 3816 40

103 3825 191 3882 vestis
203 3823 327 3894 margine
341 3821 369 3876 in
382 3820 507 3877 subiecto
520 3839 650 3878 saxorum
664 3822 795 3878 decidens
811 3833 936 3892 aggesto,
948 3822 1052 3877 acerba
1067 3822 1254 3890 membrorum

103 3909 248 3968 collisione
260 3915 415 3979 quassatur.
453 3903 610 3960 Semiuiuus
622 3915 717 3962 tamen
729 3905 795 3960 inde
811 3905 945 3971 sublatus,
958 3913 1021 3974 post
1034 3902 1255 3973 presumpcionis

103 3993 212 4066 prefate
242 3989 445 4046 contessionem
469 3987 572 4043 viatico
595 3998 736 4060 percepto,
762 3988 833 4043 inter
856 4003 956 4042 manus
985 3985 1101 4040 fratrum
1131 3985 1255 4040 animam

103 4074 234 4134 exalauit.
272 4075 358 4128 Porro
376 4081 433 4127 tres
451 4070 490 4125 illi
507 4087 576 4141 quos
594 4073 721 4127 conscios
739 4069 846 4138 habuit,
865 4086 921 4124 non
939 4067 1027 4122 multo
1045 4079 1109 4138 post
1124 4067 1254 4123 letalibus

104 4160 172 4220 tacti
182 4155 394 4228 incom[m]0dis
406 4153 551 4210 moriendo
563 4155 675 4226 culpam
683 4153 847 4210 temeritatis
859 4151 1004 4223 protestati
1018 4160 1092 4219 sunt,
1101 4167 1154 4207 nec
1165 4147 1254 4206 vllus³
1267 4170 1298 4221 45

141 4319 149 4349 ¹
166 4319 222 4369 MS.
234 4319 259 4368 in
270 4318 341 4368 tanti.
466 4309 477 4344 ¹
494 4311 549 4363 MS.
560 4315 586 4364 in
598 4313 659 4381 imp.
788 4311 798 4343 ⁸
813 4312 868 4364 MS.
879 4311 1005 4364 excedens.
1131 4310 1140 4341 ¹
1157 4311 1191 4360 al.
1202 4326 1254 4360 orn.

104 4385 115 4417 ⁸
131 4385 185 4436 MS.
199 4384 264 4437 vttts.
