<?xml version="1.0" encoding="UTF-8"?>
<!DOCTYPE html PUBLIC "-//W3C//DTD XHTML 1.0 Transitional//EN"
    "http://www.w3.org/TR/xhtml1/DTD/xhtml1-transitional.dtd">
<html xmlns="http://www.w3.org/1999/xhtml" xml:lang="en" lang="en">
 <head>
  <title>
</title>
<meta http-equiv="Content-Type" content="text/html;charset=utf-8" />
  <meta name='ocr-system' content='tesseract 3.04.00' />
  <meta name='ocr-capabilities' content='ocr_page ocr_carea ocr_par ocr_line ocrx_word'/>
</head>
<body>
  <div class='ocr_page' id='page_1' title='image "./novalegendaangl00wordgoog/novalegendaangl00wordgoog_0521.png"; bbox 0 0 3052 4896; ppageno 0'>
   <div class='ocr_carea' id='block_1_1' title="bbox 289 273 1126 379">
    <p class='ocr_par' dir='ltr' id='par_1_1' title="bbox 289 273 1126 379">
     <span class='ocr_line' id='line_1_1' title="bbox 289 273 1126 379; baseline -0.004 -15"><span class='ocrx_word' id='word_1_1' title='bbox 289 299 360 374; x_wconf 83' lang='lat'>512</span> <span class='ocrx_word' id='word_1_2' title='bbox 600 277 731 364; x_wconf 64' lang='lat' dir='ltr'>motu</span> <span class='ocrx_word' id='word_1_3' title='bbox 756 273 948 378; x_wconf 67' lang='lat' dir='ltr'>[manta</span> <span class='ocrx_word' id='word_1_4' title='bbox 972 274 1126 379; x_wconf 66' lang='lat' dir='ltr'>finalia</span> 
     </span>
    </p>
   </div>
   <div class='ocr_carea' id='block_1_2' title="bbox 243 475 1493 4296">
    <p class='ocr_par' dir='ltr' id='par_1_2' title="bbox 243 475 1493 4296">
     <span class='ocr_line' id='line_1_2' title="bbox 288 475 1444 553; baseline 0 -19"><span class='ocrx_word' id='word_1_5' title='bbox 288 476 419 550; x_wconf 83' lang='lat' dir='ltr'>Expauit</span> <span class='ocrx_word' id='word_1_6' title='bbox 440 476 519 534; x_wconf 91' lang='lat' dir='ltr'>illico</span> <span class='ocrx_word' id='word_1_7' title='bbox 539 475 585 534; x_wconf 88' lang='lat' dir='ltr'>vir</span> <span class='ocrx_word' id='word_1_8' title='bbox 604 486 736 545; x_wconf 86' lang='lat' dir='ltr'>sanctus,</span> <span class='ocrx_word' id='word_1_9' title='bbox 757 484 788 534; x_wconf 88' lang='lat' dir='ltr'>et</span> <span class='ocrx_word' id='word_1_10' title='bbox 807 475 881 533; x_wconf 89' lang='lat' dir='ltr'>nihil</span> <span class='ocrx_word' id='word_1_11' title='bbox 903 485 1035 534; x_wconf 88' lang='lat' dir='ltr'>moratus</span> <span class='ocrx_word' id='word_1_12' title='bbox 1055 477 1205 535; x_wconf 87' lang='lat' dir='ltr'>violenter</span> <span class='ocrx_word' id='word_1_13' title='bbox 1228 479 1444 553; x_wconf 87' lang='lat' dir='ltr'>arreptnmin</span> 
     </span>
     <span class='ocr_line' id='line_1_3' title="bbox 286 563 1445 638; baseline 0.002 -15"><span class='ocrx_word' id='word_1_14' title='bbox 286 574 398 624; x_wconf 86' lang='lat' dir='ltr'>terram</span> <span class='ocrx_word' id='word_1_15' title='bbox 423 565 576 623; x_wconf 81' lang='lat' dir='ltr'>excussit:</span> <span class='ocrx_word' id='word_1_16' title='bbox 607 581 736 637; x_wconf 89' lang='lat' dir='ltr'>eumque</span> <span class='ocrx_word' id='word_1_17' title='bbox 761 563 931 638; x_wconf 89' lang='lat' dir='ltr'>diligentius</span> <span class='ocrx_word' id='word_1_18' title='bbox 956 566 994 621; x_wconf 89' lang='lat' dir='ltr'>ad</span> <span class='ocrx_word' id='word_1_19' title='bbox 1018 565 1120 622; x_wconf 88' lang='lat' dir='ltr'>lumen</span> <span class='ocrx_word' id='word_1_20' title='bbox 1151 567 1287 624; x_wconf 82' lang='lat' dir='ltr'>lucerne</span> <span class='ocrx_word' id='word_1_21' title='bbox 1315 569 1445 634; x_wconf 81' lang='lat' dir='ltr'><strong>intuitus,</strong></span> 
     </span>
     <span class='ocr_line' id='line_1_4' title="bbox 287 651 1493 725; baseline -0.002 -15"><span class='ocrx_word' id='word_1_22' title='bbox 287 653 385 725; x_wconf 90' lang='lat' dir='ltr'>capite</span> <span class='ocrx_word' id='word_1_23' title='bbox 401 661 571 710; x_wconf 87' lang='lat' dir='ltr'>truncatum</span> <span class='ocrx_word' id='word_1_24' title='bbox 589 651 714 724; x_wconf 84' lang='lat' dir='ltr'>aspexit,</span> <span class='ocrx_word' id='word_1_25' title='bbox 728 659 758 708; x_wconf 93' lang='lat' dir='ltr'>et</span> <span class='ocrx_word' id='word_1_26' title='bbox 770 669 804 708; x_wconf 89' lang='lat' dir='ltr'>se</span> <span class='ocrx_word' id='word_1_27' title='bbox 817 669 870 724; x_wconf 78' lang='lat' dir='ltr'>pre</span> <span class='ocrx_word' id='word_1_28' title='bbox 884 661 1007 724; x_wconf 83' lang='lat' dir='ltr'>stupore</span> <span class='ocrx_word' id='word_1_29' title='bbox 1020 652 1063 710; x_wconf 89' lang='lat' dir='ltr'>rei</span> <span class='ocrx_word' id='word_1_30' title='bbox 1076 662 1162 725; x_wconf 80' lang='lat' dir='ltr'>geste</span> <span class='ocrx_word' id='word_1_31' title='bbox 1176 671 1252 711; x_wconf 87' lang='lat' dir='ltr'>mox</span> <span class='ocrx_word' id='word_1_32' title='bbox 1268 656 1306 710; x_wconf 91' lang='lat' dir='ltr'>in</span> <span class='ocrx_word' id='word_1_33' title='bbox 1321 656 1445 712; x_wconf 87' lang='lat' dir='ltr'>extasim</span> <span class='ocrx_word' id='word_1_34' title='bbox 1492 699 1493 708; x_wconf 70' lang='grc'>,</span> 
     </span>
     <span class='ocr_line' id='line_1_5' title="bbox 287 735 1446 812; baseline 0.002 -18"><span class='ocrx_word' id='word_1_35' title='bbox 287 737 395 794; x_wconf 88' lang='lat' dir='ltr'>soluit:</span> <span class='ocrx_word' id='word_1_36' title='bbox 415 753 506 809; x_wconf 88' lang='lat' dir='ltr'>aqua</span> <span class='ocrx_word' id='word_1_37' title='bbox 522 735 730 804; x_wconf 77' lang='lat' dir='ltr'>exsuscitatus,</span> <span class='ocrx_word' id='word_1_38' title='bbox 742 751 895 792; x_wconf 89' lang='lat' dir='ltr'>venenum</span> <span class='ocrx_word' id='word_1_39' title='bbox 912 753 1004 792; x_wconf 91' lang='lat' dir='ltr'>ornne</span> <span class='ocrx_word' id='word_1_40' title='bbox 1023 737 1102 808; x_wconf 90' lang='lat' dir='ltr'>quod</span> <span class='ocrx_word' id='word_1_41' title='bbox 1121 737 1246 794; x_wconf 86' lang='lat' dir='ltr'>tabidus</span> <span class='ocrx_word' id='word_1_42' title='bbox 1268 739 1325 796; x_wconf 91' lang='lat' dir='ltr'>ille</span> <span class='ocrx_word' id='word_1_43' title='bbox 1344 739 1446 812; x_wconf 77' lang='lat' dir='ltr'>angu&#39;u</span> 
     </span>
     <span class='ocr_line' id='line_1_6' title="bbox 259 817 1446 893; baseline 0 -17"><span class='ocrx_word' id='word_1_44' title='bbox 259 841 274 892; x_wconf 74' lang='lat'><strong>5</strong></span> <span class='ocrx_word' id='word_1_45' title='bbox 288 819 446 887; x_wconf 82' lang='lat' dir='ltr'>infuderat,</span> <span class='ocrx_word' id='word_1_46' title='bbox 459 819 586 876; x_wconf 87' lang='lat' dir='ltr'>multum</span> <span class='ocrx_word' id='word_1_47' title='bbox 598 819 745 876; x_wconf 79' lang='lat' dir='ltr'>eluctatus</span> <span class='ocrx_word' id='word_1_48' title='bbox 758 819 898 884; x_wconf 90' lang='lat' dir='ltr'>euomuit,</span> <span class='ocrx_word' id='word_1_49' title='bbox 910 827 940 874; x_wconf 92' lang='lat' dir='ltr'>et</span> <span class='ocrx_word' id='word_1_50' title='bbox 953 817 1056 874; x_wconf 86' lang='lat' dir='ltr'>inflicti</span> <span class='ocrx_word' id='word_1_51' title='bbox 1068 819 1202 877; x_wconf 82' lang='lat' dir='ltr'>vulneris</span> <span class='ocrx_word' id='word_1_52' title='bbox 1216 839 1335 878; x_wconf 87' lang='lat' dir='ltr'>curam</span> <span class='ocrx_word' id='word_1_53' title='bbox 1348 839 1446 893; x_wconf 86' lang='lat' dir='ltr'>agens,</span> 
     </span>
     <span class='ocr_line' id='line_1_7' title="bbox 287 905 1446 980; baseline 0 -16"><span class='ocrx_word' id='word_1_54' title='bbox 287 906 405 964; x_wconf 89' lang='lat' dir='ltr'>sanitati</span> <span class='ocrx_word' id='word_1_55' title='bbox 427 915 495 980; x_wconf 89' lang='lat' dir='ltr'>post</span> <span class='ocrx_word' id='word_1_56' title='bbox 520 905 670 964; x_wconf 92' lang='lat' dir='ltr'>modicum</span> <span class='ocrx_word' id='word_1_57' title='bbox 701 907 856 962; x_wconf 91' lang='lat' dir='ltr'>restitutus</span> <span class='ocrx_word' id='word_1_58' title='bbox 881 914 947 972; x_wconf 77' lang='lat' dir='ltr'>est;</span> <span class='ocrx_word' id='word_1_59' title='bbox 975 905 1127 964; x_wconf 87' lang='lat' dir='ltr'>cicatrices</span> <span class='ocrx_word' id='word_1_60' title='bbox 1153 915 1261 964; x_wconf 89' lang='lat' dir='ltr'>tamen</span> <span class='ocrx_word' id='word_1_61' title='bbox 1285 911 1446 966; x_wconf 86' lang='lat' dir='ltr'>vulnerum</span> 
     </span>
     <span class='ocr_line' id='line_1_8' title="bbox 287 985 1446 1068; baseline -0.002 -17"><span class='ocrx_word' id='word_1_62' title='bbox 287 994 395 1068; x_wconf 90' lang='lat' dir='ltr'>quibus</span> <span class='ocrx_word' id='word_1_63' title='bbox 408 995 515 1052; x_wconf 89' lang='lat' dir='ltr'>dentes</span> <span class='ocrx_word' id='word_1_64' title='bbox 527 997 742 1066; x_wconf 88' lang='lat' dir='ltr'>impresserat¹</span> <span class='ocrx_word' id='word_1_65' title='bbox 755 1009 851 1066; x_wconf 88' lang='lat' dir='ltr'>vsque</span> <span class='ocrx_word' id='word_1_66' title='bbox 864 993 902 1049; x_wconf 90' lang='lat' dir='ltr'>ad</span> <span class='ocrx_word' id='word_1_67' title='bbox 916 1001 1044 1050; x_wconf 88' lang='lat' dir='ltr'>mortem</span> <span class='ocrx_word' id='word_1_68' title='bbox 1058 1011 1118 1050; x_wconf 88' lang='lat' dir='ltr'>nou</span> <span class='ocrx_word' id='word_1_69' title='bbox 1131 997 1238 1052; x_wconf 88' lang='lat' dir='ltr'>euasit.</span> <span class='ocrx_word' id='word_1_70' title='bbox 1305 985 1349 1054; x_wconf 92' lang='lat' dir='ltr'>In</span> <span class='ocrx_word' id='word_1_71' title='bbox 1362 997 1446 1053; x_wconf 77' lang='lat' dir='ltr'>collo</span> 
     </span>
     <span class='ocr_line' id='line_1_9' title="bbox 287 1081 1446 1157; baseline -0.001 -18"><span class='ocrx_word' id='word_1_72' title='bbox 287 1083 416 1156; x_wconf 81' lang='lat' dir='ltr'>quando,</span> <span class='ocrx_word' id='word_1_73' title='bbox 425 1098 570 1153; x_wconf 82' lang='lat' dir='ltr'>personas</span> <span class='ocrx_word' id='word_1_74' title='bbox 582 1091 737 1154; x_wconf 88' lang='lat' dir='ltr'>potentum</span> <span class='ocrx_word' id='word_1_75' title='bbox 751 1081 921 1137; x_wconf 89' lang='lat' dir='ltr'>nullatenus</span> <span class='ocrx_word' id='word_1_76' title='bbox 936 1081 1108 1154; x_wconf 87' lang='lat' dir='ltr'>accipiebat,</span> <span class='ocrx_word' id='word_1_77' title='bbox 1122 1083 1176 1138; x_wconf 90' lang='lat' dir='ltr'>sed</span> <span class='ocrx_word' id='word_1_78' title='bbox 1189 1100 1446 1157; x_wconf 83' lang='lat' dir='ltr'>unumquemque</span> 
     </span>
     <span class='ocr_line' id='line_1_10' title="bbox 287 1167 1445 1244; baseline -0.001 -18"><span class='ocrx_word' id='word_1_79' title='bbox 287 1187 364 1244; x_wconf 88' lang='lat' dir='ltr'>puro</span> <span class='ocrx_word' id='word_1_80' title='bbox 385 1168 506 1226; x_wconf 88' lang='lat' dir='ltr'>nomine</span> <span class='ocrx_word' id='word_1_81' title='bbox 526 1169 679 1242; x_wconf 86' lang='lat' dir='ltr'>appellare</span> <span class='ocrx_word' id='word_1_82' title='bbox 700 1176 867 1235; x_wconf 89' lang='lat' dir='ltr'>contentus,</span> <span class='ocrx_word' id='word_1_83' title='bbox 890 1167 1036 1224; x_wconf 87' lang='lat' dir='ltr'>maiorum</span> <span class='ocrx_word' id='word_1_84' title='bbox 1058 1169 1159 1237; x_wconf 90' lang='lat' dir='ltr'>titulis,</span> <span class='ocrx_word' id='word_1_85' title='bbox 1182 1171 1230 1226; x_wconf 93' lang='lat' dir='ltr'>vel</span> <span class='ocrx_word' id='word_1_86' title='bbox 1258 1172 1379 1228; x_wconf 89' lang='lat' dir='ltr'>iudicio</span> <span class='ocrx_word' id='word_1_87' title='bbox 1403 1171 1445 1226; x_wconf 84' lang='lat' dir='ltr'>vel</span> 
     </span>
     <span class='ocr_line' id='line_1_11' title="bbox 245 1257 1445 1330; baseline 0.001 -16"><span class='ocrx_word' id='word_1_88' title='bbox 245 1280 275 1320; x_wconf 80' lang='grc' dir='ltr'>ιο</span> <span class='ocrx_word' id='word_1_89' title='bbox 288 1257 476 1330; x_wconf 85' lang='lat' dir='ltr'>simplicitate</span> <span class='ocrx_word' id='word_1_90' title='bbox 486 1257 669 1326; x_wconf 85' lang='lat' dir='ltr'>abstinebat;</span> <span class='ocrx_word' id='word_1_91' title='bbox 683 1273 771 1328; x_wconf 84' lang='lat' dir='ltr'>reges</span> <span class='ocrx_word' id='word_1_92' title='bbox 780 1266 810 1313; x_wconf 90' lang='lat' dir='ltr'>et</span> <span class='ocrx_word' id='word_1_93' title='bbox 818 1257 970 1329; x_wconf 87' lang='lat' dir='ltr'>principes</span> <span class='ocrx_word' id='word_1_94' title='bbox 983 1258 1101 1314; x_wconf 89' lang='lat' dir='ltr'>adeum</span> <span class='ocrx_word' id='word_1_95' title='bbox 1111 1259 1278 1317; x_wconf 85' lang='lat' dir='ltr'>venientes</span> <span class='ocrx_word' id='word_1_96' title='bbox 1289 1259 1445 1317; x_wconf 89' lang='lat' dir='ltr'>mendacis</span> 
     </span>
     <span class='ocr_line' id='line_1_12' title="bbox 286 1343 1445 1419; baseline -0.001 -17"><span class='ocrx_word' id='word_1_97' title='bbox 286 1345 422 1402; x_wconf 84' lang='lat' dir='ltr'>vocabuli</span> <span class='ocrx_word' id='word_1_98' title='bbox 437 1343 570 1418; x_wconf 82' lang='lat' dir='ltr'>[gloria]¹</span> <span class='ocrx_word' id='word_1_99' title='bbox 582 1343 741 1417; x_wconf 75' lang='lat' dir='ltr'>spolians,¹</span> <span class='ocrx_word' id='word_1_100' title='bbox 759 1344 846 1401; x_wconf 87' lang='lat' dir='ltr'>tacite</span> <span class='ocrx_word' id='word_1_101' title='bbox 860 1344 1035 1418; x_wconf 73' lang='lat' dir='ltr'>predicans¹</span> <span class='ocrx_word' id='word_1_102' title='bbox 1048 1345 1189 1419; x_wconf 89' lang='lat' dir='ltr'>quoniam</span> <span class='ocrx_word' id='word_1_103' title='bbox 1202 1347 1357 1405; x_wconf 66' lang='lat' dir='ltr'>homines</span> <span class='ocrx_word' id='word_1_104' title='bbox 1371 1357 1445 1404; x_wconf 90' lang='lat' dir='ltr'>sunt.</span> 
     </span>
     <span class='ocr_line' id='line_1_13' title="bbox 288 1419 1444 1508; baseline 0 -18"><span class='ocrx_word' id='word_1_105' title='bbox 288 1419 477 1492; x_wconf 83' lang='lat' dir='ltr'>Cumautem</span> <span class='ocrx_word' id='word_1_106' title='bbox 486 1431 734 1506; x_wconf 87' lang='lat' dir='ltr'>loricelongitudo</span> <span class='ocrx_word' id='word_1_107' title='bbox 742 1433 771 1486; x_wconf 89' lang='lat' dir='ltr'>in</span> <span class='ocrx_word' id='word_1_108' title='bbox 780 1431 893 1486; x_wconf 89' lang='lat' dir='ltr'>diutina</span> <span class='ocrx_word' id='word_1_109' title='bbox 900 1431 1118 1504; x_wconf 83' lang='lat' dir='ltr'>genuflectione</span> <span class='ocrx_word' id='word_1_110' title='bbox 1126 1451 1180 1490; x_wconf 87' lang='lat' dir='ltr'>sua</span> <span class='ocrx_word' id='word_1_111' title='bbox 1188 1451 1263 1492; x_wconf 89' lang='lat' dir='ltr'>eum</span> <span class='ocrx_word' id='word_1_112' title='bbox 1272 1437 1444 1508; x_wconf 87' lang='lat' dir='ltr'>impediret,</span> 
     </span>
     <span class='ocr_line' id='line_1_14' title="bbox 287 1519 1443 1592; baseline 0 -16"><span class='ocrx_word' id='word_1_113' title='bbox 287 1519 410 1576; x_wconf 90' lang='lat' dir='ltr'>militem</span> <span class='ocrx_word' id='word_1_114' title='bbox 430 1519 518 1576; x_wconf 88' lang='lat' dir='ltr'>huius</span> <span class='ocrx_word' id='word_1_115' title='bbox 536 1519 579 1577; x_wconf 88' lang='lat' dir='ltr'>rei</span> <span class='ocrx_word' id='word_1_116' title='bbox 597 1519 760 1588; x_wconf 89' lang='lat' dir='ltr'>conscium,</span> <span class='ocrx_word' id='word_1_117' title='bbox 773 1521 820 1576; x_wconf 89' lang='lat' dir='ltr'>cui</span> <span class='ocrx_word' id='word_1_118' title='bbox 839 1519 937 1592; x_wconf 89' lang='lat' dir='ltr'>primo</span> <span class='ocrx_word' id='word_1_119' title='bbox 956 1519 1110 1589; x_wconf 88' lang='lat' dir='ltr'>seruierat,</span> <span class='ocrx_word' id='word_1_120' title='bbox 1130 1521 1269 1592; x_wconf 88' lang='lat' dir='ltr'>aduocat,</span> <span class='ocrx_word' id='word_1_121' title='bbox 1292 1525 1335 1580; x_wconf 90' lang='lat' dir='ltr'>de</span> <span class='ocrx_word' id='word_1_122' title='bbox 1355 1523 1443 1579; x_wconf 87' lang='lat' dir='ltr'>nimia</span> 
     </span>
     <span class='ocr_line' id='line_1_15' title="bbox 287 1606 1443 1680; baseline 0 -16"><span class='ocrx_word' id='word_1_123' title='bbox 287 1607 379 1664; x_wconf 92' lang='lat' dir='ltr'>lorice</span> <span class='ocrx_word' id='word_1_124' title='bbox 398 1607 582 1680; x_wconf 88' lang='lat' dir='ltr'>longitudine</span> <span class='ocrx_word' id='word_1_125' title='bbox 601 1615 749 1677; x_wconf 82' lang='lat' dir='ltr'>causatur,</span> <span class='ocrx_word' id='word_1_126' title='bbox 768 1606 890 1664; x_wconf 88' lang='lat' dir='ltr'>dicens:</span> <span class='ocrx_word' id='word_1_127' title='bbox 911 1607 1062 1664; x_wconf 84' lang='lat' dir='ltr'>‘Forfices</span> <span class='ocrx_word' id='word_1_128' title='bbox 1082 1607 1184 1680; x_wconf 88' lang='lat' dir='ltr'>accipe</span> <span class='ocrx_word' id='word_1_129' title='bbox 1207 1618 1236 1666; x_wconf 91' lang='lat' dir='ltr'>et</span> <span class='ocrx_word' id='word_1_130' title='bbox 1258 1628 1369 1667; x_wconf 87' lang='lat' dir='ltr'>coram</span> <span class='ocrx_word' id='word_1_131' title='bbox 1390 1611 1443 1666; x_wconf 89' lang='lat' dir='ltr'>deo</span> 
     </span>
     <span class='ocr_line' id='line_1_16' title="bbox 246 1692 1441 1768; baseline 0.001 -17"><span class='ocrx_word' id='word_1_132' title='bbox 246 1715 274 1766; x_wconf 78' lang='lat'>¹⁵</span> <span class='ocrx_word' id='word_1_133' title='bbox 287 1695 410 1751; x_wconf 90' lang='lat' dir='ltr'>loricam</span> <span class='ocrx_word' id='word_1_134' title='bbox 430 1694 584 1750; x_wconf 67' lang='lat' dir='ltr'>rescinde!</span> <span class='ocrx_word' id='word_1_135' title='bbox 620 1692 756 1767; x_wconf 84' lang='lat' dir='ltr'>Cumque</span> <span class='ocrx_word' id='word_1_136' title='bbox 778 1694 827 1750; x_wconf 90' lang='lat' dir='ltr'>ille</span> <span class='ocrx_word' id='word_1_137' title='bbox 849 1695 1083 1768; x_wconf 88' lang='lat' dir='ltr'>obstupesceret,</span> <span class='ocrx_word' id='word_1_138' title='bbox 1103 1705 1133 1751; x_wconf 89' lang='lat' dir='ltr'>et</span> <span class='ocrx_word' id='word_1_139' title='bbox 1150 1697 1231 1753; x_wconf 90' lang='lat' dir='ltr'>velut</span> <span class='ocrx_word' id='word_1_140' title='bbox 1259 1699 1441 1754; x_wconf 83' lang='lat' dir='ltr'>delirantem</span> 
     </span>
     <span class='ocr_line' id='line_1_17' title="bbox 288 1781 1441 1856; baseline -0.002 -16"><span class='ocrx_word' id='word_1_141' title='bbox 288 1781 460 1855; x_wconf 88' lang='lat' dir='ltr'>respiceret,</span> <span class='ocrx_word' id='word_1_142' title='bbox 473 1781 605 1838; x_wconf 89' lang='lat' dir='ltr'>ericus</span> <span class='ocrx_word' id='word_1_143' title='bbox 623 1781 742 1838; x_wconf 80' lang='lat' dir='ltr'>forfices</span> <span class='ocrx_word' id='word_1_144' title='bbox 755 1783 793 1838; x_wconf 95' lang='lat' dir='ltr'>de</span> <span class='ocrx_word' id='word_1_145' title='bbox 812 1782 902 1837; x_wconf 89' lang='lat' dir='ltr'>domo</span> <span class='ocrx_word' id='word_1_146' title='bbox 919 1781 1020 1838; x_wconf 89' lang='lat' dir='ltr'>militis</span> <span class='ocrx_word' id='word_1_147' title='bbox 1036 1782 1148 1850; x_wconf 83' lang='lat' dir='ltr'>allatas,</span> <span class='ocrx_word' id='word_1_148' title='bbox 1162 1784 1276 1856; x_wconf 86' lang='lat' dir='ltr'>filoque</span> <span class='ocrx_word' id='word_1_149' title='bbox 1290 1785 1324 1841; x_wconf 93' lang='lat' dir='ltr'>in</span> <span class='ocrx_word' id='word_1_150' title='bbox 1339 1786 1441 1842; x_wconf 86' lang='lat' dir='ltr'>anulos</span> 
     </span>
     <span class='ocr_line' id='line_1_18' title="bbox 287 1868 1440 1942; baseline 0 -16"><span class='ocrx_word' id='word_1_151' title='bbox 287 1870 381 1928; x_wconf 90' lang='lat' dir='ltr'>lorice</span> <span class='ocrx_word' id='word_1_152' title='bbox 398 1869 527 1938; x_wconf 92' lang='lat' dir='ltr'>inducto,</span> <span class='ocrx_word' id='word_1_153' title='bbox 546 1887 605 1942; x_wconf 91' lang='lat' dir='ltr'>quo</span> <span class='ocrx_word' id='word_1_154' title='bbox 623 1869 716 1926; x_wconf 88' lang='lat' dir='ltr'>finem</span> <span class='ocrx_word' id='word_1_155' title='bbox 737 1868 910 1926; x_wconf 87' lang='lat' dir='ltr'>rescisionis</span> <span class='ocrx_word' id='word_1_156' title='bbox 928 1868 1116 1941; x_wconf 86' lang='lat' dir='ltr'>significauit,</span> <span class='ocrx_word' id='word_1_157' title='bbox 1132 1870 1162 1926; x_wconf 89' lang='lat' dir='ltr'>iu</span> <span class='ocrx_word' id='word_1_158' title='bbox 1180 1870 1324 1929; x_wconf 85' lang='lat' dir='ltr'>fenestra</span> <span class='ocrx_word' id='word_1_159' title='bbox 1343 1889 1440 1930; x_wconf 86' lang='lat' dir='ltr'>coram</span> 
     </span>
     <span class='ocr_line' id='line_1_19' title="bbox 287 1954 1441 2032; baseline -0.001 -17"><span class='ocrx_word' id='word_1_160' title='bbox 287 1958 356 2032; x_wconf 89' lang='lat' dir='ltr'>ipso</span> <span class='ocrx_word' id='word_1_161' title='bbox 375 1956 480 2031; x_wconf 89' lang='lat' dir='ltr'>posuit,</span> <span class='ocrx_word' id='word_1_162' title='bbox 494 1956 617 2014; x_wconf 89' lang='lat' dir='ltr'>dicens:</span> <span class='ocrx_word' id='word_1_163' title='bbox 637 1954 803 2014; x_wconf 83' lang='lat' dir='ltr'>‘Constans</span> <span class='ocrx_word' id='word_1_164' title='bbox 821 1965 897 2024; x_wconf 90' lang='lat' dir='ltr'>esto,</span> <span class='ocrx_word' id='word_1_165' title='bbox 913 1965 943 2013; x_wconf 93' lang='lat' dir='ltr'>et</span> <span class='ocrx_word' id='word_1_166' title='bbox 961 1955 1049 2014; x_wconf 67' lang='lat' dir='ltr'>uidet</span> <span class='ocrx_word' id='word_1_167' title='bbox 1063 1975 1102 2013; x_wconf 88' lang='lat' dir='ltr'>ne</span> <span class='ocrx_word' id='word_1_168' title='bbox 1120 1958 1275 2030; x_wconf 87' lang='lat' dir='ltr'>trepides;</span> <span class='ocrx_word' id='word_1_169' title='bbox 1297 1978 1372 2018; x_wconf 91' lang='lat' dir='ltr'>ecce</span> <span class='ocrx_word' id='word_1_170' title='bbox 1388 1977 1441 2030; x_wconf 88' lang='lat' dir='ltr'>ego</span> 
     </span>
     <span class='ocr_line' id='line_1_20' title="bbox 288 2042 1439 2120; baseline 0 -18"><span class='ocrx_word' id='word_1_171' title='bbox 288 2047 365 2102; x_wconf 91' lang='lat' dir='ltr'>vado</span> <span class='ocrx_word' id='word_1_172' title='bbox 378 2061 463 2102; x_wconf 88' lang='lat' dir='ltr'>orare</span> <span class='ocrx_word' id='word_1_173' title='bbox 476 2043 631 2100; x_wconf 87' lang='lat' dir='ltr'>dominum</span> <span class='ocrx_word' id='word_1_174' title='bbox 645 2045 764 2100; x_wconf 68' lang='lat' dir='ltr'>meum!</span> <span class='ocrx_word' id='word_1_175' title='bbox 803 2042 924 2100; x_wconf 89' lang='lat' dir='ltr'>Instans</span> <span class='ocrx_word' id='word_1_176' title='bbox 941 2061 1015 2116; x_wconf 89' lang='lat' dir='ltr'>ergo</span> <span class='ocrx_word' id='word_1_177' title='bbox 1033 2044 1123 2101; x_wconf 89' lang='lat' dir='ltr'>miles</span> <span class='ocrx_word' id='word_1_178' title='bbox 1141 2046 1301 2104; x_wconf 90' lang='lat' dir='ltr'>inscisioni</span> <span class='ocrx_word' id='word_1_179' title='bbox 1321 2049 1439 2120; x_wconf 85' lang='lat' dir='ltr'>putabat</span> 
     </span>
     <span class='ocr_line' id='line_1_21' title="bbox 245 2130 1436 2200; baseline -0.003 -8"><span class='ocrx_word' id='word_1_180' title='bbox 245 2156 276 2194; x_wconf 82' lang='lat' dir='ltr'>ao</span> <span class='ocrx_word' id='word_1_181' title='bbox 289 2149 349 2189; x_wconf 89' lang='lat' dir='ltr'>non</span> <span class='ocrx_word' id='word_1_182' title='bbox 362 2132 483 2200; x_wconf 84' lang='lat' dir='ltr'>sermm,</span> <span class='ocrx_word' id='word_1_183' title='bbox 496 2131 550 2186; x_wconf 89' lang='lat' dir='ltr'>sed</span> <span class='ocrx_word' id='word_1_184' title='bbox 562 2140 679 2188; x_wconf 90' lang='lat' dir='ltr'>vestem</span> <span class='ocrx_word' id='word_1_185' title='bbox 697 2130 837 2200; x_wconf 88' lang='lat' dir='ltr'>incidere,</span> <span class='ocrx_word' id='word_1_186' title='bbox 851 2139 933 2186; x_wconf 84' lang='lat' dir='ltr'>tanta</span> <span class='ocrx_word' id='word_1_187' title='bbox 950 2130 1088 2188; x_wconf 84' lang='lat' dir='ltr'>facilitate</span> <span class='ocrx_word' id='word_1_188' title='bbox 1106 2131 1136 2188; x_wconf 92' lang='lat' dir='ltr'>in</span> <span class='ocrx_word' id='word_1_189' title='bbox 1156 2133 1235 2188; x_wconf 84' lang='lat' dir='ltr'>ferro</span> <span class='ocrx_word' id='word_1_190' title='bbox 1253 2151 1322 2192; x_wconf 91' lang='lat' dir='ltr'>non</span> <span class='ocrx_word' id='word_1_191' title='bbox 1343 2135 1436 2191; x_wconf 78' lang='lat' dir='ltr'>terreo</span> 
     </span>
     <span class='ocr_line' id='line_1_22' title="bbox 288 2205 1437 2292; baseline 0.003 -16"><span class='ocrx_word' id='word_1_192' title='bbox 288 2219 407 2276; x_wconf 78' lang='lat' dir='ltr'>forfices</span> <span class='ocrx_word' id='word_1_193' title='bbox 420 2227 623 2275; x_wconf 87' lang='lat' dir='ltr'>cucurrerunt.</span> <span class='ocrx_word' id='word_1_194' title='bbox 714 2205 798 2277; x_wconf 89' lang='lat' dir='ltr'>Cum</span> <span class='ocrx_word' id='word_1_195' title='bbox 817 2228 917 2274; x_wconf 91' lang='lat' dir='ltr'>autem</span> <span class='ocrx_word' id='word_1_196' title='bbox 936 2219 1109 2275; x_wconf 90' lang='lat' dir='ltr'>demonium</span> <span class='ocrx_word' id='word_1_197' title='bbox 1128 2237 1146 2274; x_wconf 90' lang='lat' dir='ltr'>a</span> <span class='ocrx_word' id='word_1_198' title='bbox 1164 2237 1294 2292; x_wconf 90' lang='lat' dir='ltr'>corpore</span> <span class='ocrx_word' id='word_1_199' title='bbox 1315 2224 1437 2278; x_wconf 84' lang='lat' dir='ltr'>obsesso</span> 
     </span>
     <span class='ocr_line' id='line_1_23' title="bbox 289 2305 1434 2382; baseline 0 -18"><span class='ocrx_word' id='word_1_200' title='bbox 289 2306 435 2374; x_wconf 88' lang='lat' dir='ltr'>eiecisset,</span> <span class='ocrx_word' id='word_1_201' title='bbox 445 2305 579 2378; x_wconf 89' lang='lat' dir='ltr'>precepit</span> <span class='ocrx_word' id='word_1_202' title='bbox 592 2313 705 2371; x_wconf 89' lang='lat' dir='ltr'>sanato,</span> <span class='ocrx_word' id='word_1_203' title='bbox 713 2315 743 2362; x_wconf 90' lang='lat' dir='ltr'>et</span> <span class='ocrx_word' id='word_1_204' title='bbox 756 2305 888 2378; x_wconf 91' lang='lat' dir='ltr'>quicum</span> <span class='ocrx_word' id='word_1_205' title='bbox 901 2323 937 2361; x_wconf 90' lang='lat' dir='ltr'>eo</span> <span class='ocrx_word' id='word_1_206' title='bbox 951 2315 1045 2376; x_wconf 90' lang='lat' dir='ltr'>erant,</span> <span class='ocrx_word' id='word_1_207' title='bbox 1054 2323 1093 2362; x_wconf 90' lang='lat' dir='ltr'>ne</span> <span class='ocrx_word' id='word_1_208' title='bbox 1106 2306 1286 2365; x_wconf 88' lang='lat' dir='ltr'>miraculum</span> <span class='ocrx_word' id='word_1_209' title='bbox 1300 2310 1434 2382; x_wconf 91' lang='lat' dir='ltr'>cuiquam</span> 
     </span>
     <span class='ocr_line' id='line_1_24' title="bbox 289 2391 1435 2468; baseline -0.001 -18"><span class='ocrx_word' id='word_1_210' title='bbox 289 2395 466 2452; x_wconf 83' lang='lat' dir='ltr'>reuelarent.</span> <span class='ocrx_word' id='word_1_211' title='bbox 489 2392 629 2466; x_wconf 87' lang='lat' dir='ltr'>Egressis</span> <span class='ocrx_word' id='word_1_212' title='bbox 639 2392 706 2460; x_wconf 89' lang='lat' dir='ltr'>illis,</span> <span class='ocrx_word' id='word_1_213' title='bbox 715 2391 818 2449; x_wconf 90' lang='lat' dir='ltr'>virdei</span> <span class='ocrx_word' id='word_1_214' title='bbox 831 2409 960 2466; x_wconf 90' lang='lat' dir='ltr'>sompno</span> <span class='ocrx_word' id='word_1_215' title='bbox 967 2393 1126 2466; x_wconf 90' lang='lat' dir='ltr'>corripitur</span> <span class='ocrx_word' id='word_1_216' title='bbox 1136 2394 1290 2461; x_wconf 67' lang='lat' dir='ltr'>diuinitus</span> <span class='ocrx_word' id='word_1_217' title='bbox 1297 2399 1435 2468; x_wconf 84' lang='lat' dir='ltr'>videtque</span> 
     </span>
     <span class='ocr_line' id='line_1_25' title="bbox 289 2479 1493 2558; baseline 0.001 -22"><span class='ocrx_word' id='word_1_218' title='bbox 289 2497 451 2554; x_wconf 86' lang='lat' dir='ltr'>personam</span> <span class='ocrx_word' id='word_1_219' title='bbox 463 2480 546 2537; x_wconf 91' lang='lat' dir='ltr'>vultu</span> <span class='ocrx_word' id='word_1_220' title='bbox 559 2480 762 2537; x_wconf 87' lang='lat' dir='ltr'>venerabilem</span> <span class='ocrx_word' id='word_1_221' title='bbox 774 2479 967 2536; x_wconf 87' lang='lat' dir='ltr'>assistentem</span> <span class='ocrx_word' id='word_1_222' title='bbox 979 2480 1036 2536; x_wconf 89' lang='lat' dir='ltr'>sibi</span> <span class='ocrx_word' id='word_1_223' title='bbox 1048 2491 1138 2554; x_wconf 88' lang='lat' dir='ltr'>atque</span> <span class='ocrx_word' id='word_1_224' title='bbox 1150 2483 1305 2540; x_wconf 88' lang='lat' dir='ltr'>dicentem</span> <span class='ocrx_word' id='word_1_225' title='bbox 1317 2505 1325 2540; x_wconf 93' lang='lat'><strong>:</strong></span> <span class='ocrx_word' id='word_1_226' title='bbox 1347 2483 1433 2553; x_wconf 86' lang='lat' dir='ltr'>‘Quid</span> <span class='ocrx_word' id='word_1_227' title='bbox 1492 2549 1493 2558; x_wconf 9' lang='grc' dir='ltr'>χ</span> 
     </span>
     <span class='ocr_line' id='line_1_26' title="bbox 245 2567 1434 2645; baseline 0.002 -22"><span class='ocrx_word' id='word_1_228' title='bbox 245 2594 275 2645; x_wconf 76' lang='lat'>25</span> <span class='ocrx_word' id='word_1_229' title='bbox 289 2568 345 2624; x_wconf 93' lang='lat' dir='ltr'>hoc</span> <span class='ocrx_word' id='word_1_230' title='bbox 364 2568 461 2624; x_wconf 85' lang='lat' dir='ltr'>lacere</span> <span class='ocrx_word' id='word_1_231' title='bbox 477 2567 603 2635; x_wconf 90' lang='lat' dir='ltr'>voluisti,</span> <span class='ocrx_word' id='word_1_232' title='bbox 615 2576 648 2623; x_wconf 84' lang='lat' dir='ltr'>vt</span> <span class='ocrx_word' id='word_1_233' title='bbox 666 2567 843 2640; x_wconf 89' lang='lat' dir='ltr'>prohiberes</span> <span class='ocrx_word' id='word_1_234' title='bbox 862 2567 1034 2624; x_wconf 81' lang='lat' dir='ltr'>horninibus</span> <span class='ocrx_word' id='word_1_235' title='bbox 1048 2568 1106 2625; x_wconf 89' lang='lat' dir='ltr'>illis</span> <span class='ocrx_word' id='word_1_236' title='bbox 1119 2587 1241 2627; x_wconf 84' lang='lat' dir='ltr'>narrare</span> <span class='ocrx_word' id='word_1_237' title='bbox 1254 2589 1353 2644; x_wconf 86' lang='lat' dir='ltr'>opera</span> <span class='ocrx_word' id='word_1_238' title='bbox 1370 2571 1434 2626; x_wconf 78' lang='lat' dir='ltr'>deii</span> 
     </span>
     <span class='ocr_line' id='line_1_27' title="bbox 288 2643 1493 2728; baseline 0 -16"><span class='ocrx_word' id='word_1_239' title='bbox 288 2653 370 2712; x_wconf 89' lang='lat' dir='ltr'>Caue</span> <span class='ocrx_word' id='word_1_240' title='bbox 390 2672 427 2711; x_wconf 93' lang='lat' dir='ltr'>ne</span> <span class='ocrx_word' id='word_1_241' title='bbox 449 2654 479 2710; x_wconf 93' lang='lat' dir='ltr'>id</span> <span class='ocrx_word' id='word_1_242' title='bbox 497 2655 575 2711; x_wconf 88' lang='lat' dir='ltr'>vltra</span> <span class='ocrx_word' id='word_1_243' title='bbox 595 2653 713 2724; x_wconf 86' lang='lat' dir='ltr'>leceris,</span> <span class='ocrx_word' id='word_1_244' title='bbox 732 2655 786 2712; x_wconf 90' lang='lat' dir='ltr'>sed</span> <span class='ocrx_word' id='word_1_245' title='bbox 804 2653 929 2712; x_wconf 89' lang='lat' dir='ltr'>virtutes</span> <span class='ocrx_word' id='word_1_246' title='bbox 954 2655 1076 2724; x_wconf 90' lang='lat' dir='ltr'>domini,</span> <span class='ocrx_word' id='word_1_247' title='bbox 1095 2674 1170 2728; x_wconf 90' lang='lat' dir='ltr'>quas</span> <span class='ocrx_word' id='word_1_248' title='bbox 1189 2657 1324 2716; x_wconf 83' lang='lat' dir='ltr'>facturus</span> <span class='ocrx_word' id='word_1_249' title='bbox 1342 2657 1431 2716; x_wconf 88' lang='lat' dir='ltr'>estin</span> <span class='ocrx_word' id='word_1_250' title='bbox 1492 2643 1493 2678; x_wconf 51' lang='lat'>¹</span> 
     </span>
     <span class='ocr_line' id='line_1_28' title="bbox 288 2741 1493 2817; baseline 0 -17"><span class='ocrx_word' id='word_1_251' title='bbox 288 2759 379 2800; x_wconf 87' lang='lat' dir='ltr'>manu</span> <span class='ocrx_word' id='word_1_252' title='bbox 398 2751 456 2810; x_wconf 87' lang='lat' dir='ltr'>tua,</span> <span class='ocrx_word' id='word_1_253' title='bbox 470 2751 500 2798; x_wconf 92' lang='lat' dir='ltr'>et</span> <span class='ocrx_word' id='word_1_254' title='bbox 516 2743 583 2815; x_wconf 89' lang='lat' dir='ltr'>ipse</span> <span class='ocrx_word' id='word_1_255' title='bbox 597 2743 784 2800; x_wconf 87' lang='lat' dir='ltr'>confidenter</span> <span class='ocrx_word' id='word_1_256' title='bbox 802 2741 926 2815; x_wconf 89' lang='lat' dir='ltr'>loquere</span> <span class='ocrx_word' id='word_1_257' title='bbox 944 2752 974 2799; x_wconf 91' lang='lat' dir='ltr'>et</span> <span class='ocrx_word' id='word_1_258' title='bbox 992 2743 1058 2800; x_wconf 89' lang='lat' dir='ltr'>aliis</span> <span class='ocrx_word' id='word_1_259' title='bbox 1070 2751 1103 2800; x_wconf 87' lang='lat' dir='ltr'>vt</span> <span class='ocrx_word' id='word_1_260' title='bbox 1119 2744 1280 2817; x_wconf 86' lang='lat' dir='ltr'>loquantur</span> <span class='ocrx_word' id='word_1_261' title='bbox 1299 2745 1432 2817; x_wconf 83' lang='lat' dir='ltr'>iniunge&#39;</span> <span class='ocrx_word' id='word_1_262' title='bbox 1492 2794 1493 2816; x_wconf 78' lang='lat'>,</span> 
     </span>
     <span class='ocr_line' id='line_1_29' title="bbox 289 2819 1493 2904; baseline -0.002 -16"><span class='ocrx_word' id='word_1_263' title='bbox 289 2829 443 2902; x_wconf 85' lang='lat' dir='ltr'>Euigilans</span> <span class='ocrx_word' id='word_1_264' title='bbox 464 2847 536 2901; x_wconf 89' lang='lat' dir='ltr'>ergo</span> <span class='ocrx_word' id='word_1_265' title='bbox 556 2831 602 2886; x_wconf 90' lang='lat' dir='ltr'>vir</span> <span class='ocrx_word' id='word_1_266' title='bbox 621 2830 670 2886; x_wconf 91' lang='lat' dir='ltr'>dei</span> <span class='ocrx_word' id='word_1_267' title='bbox 694 2829 774 2886; x_wconf 89' lang='lat' dir='ltr'>misit</span> <span class='ocrx_word' id='word_1_268' title='bbox 799 2846 925 2901; x_wconf 89' lang='lat' dir='ltr'>puerum</span> <span class='ocrx_word' id='word_1_269' title='bbox 946 2839 1014 2903; x_wconf 91' lang='lat' dir='ltr'>post</span> <span class='ocrx_word' id='word_1_270' title='bbox 1034 2830 1116 2888; x_wconf 88' lang='lat' dir='ltr'>viros</span> <span class='ocrx_word' id='word_1_271' title='bbox 1134 2831 1186 2904; x_wconf 91' lang='lat' dir='ltr'>qui</span> <span class='ocrx_word' id='word_1_272' title='bbox 1209 2832 1346 2892; x_wconf 88' lang='lat' dir='ltr'>diceret:</span> <span class='ocrx_word' id='word_1_273' title='bbox 1373 2831 1431 2887; x_wconf 88' lang='lat' dir='ltr'>‘Dc</span> <span class='ocrx_word' id='word_1_274' title='bbox 1492 2819 1493 2836; x_wconf 56' lang='lat'>³</span> 
     </span>
     <span class='ocr_line' id='line_1_30' title="bbox 288 2916 1429 2992; baseline 0.002 -18"><span class='ocrx_word' id='word_1_275' title='bbox 288 2918 397 2992; x_wconf 90' lang='lat' dir='ltr'>quibus</span> <span class='ocrx_word' id='word_1_276' title='bbox 419 2917 559 2973; x_wconf 89' lang='lat' dir='ltr'>mandaui</span> <span class='ocrx_word' id='word_1_277' title='bbox 580 2916 673 2986; x_wconf 90' lang='lat' dir='ltr'>vobis,</span> <span class='ocrx_word' id='word_1_278' title='bbox 695 2934 734 2973; x_wconf 91' lang='lat' dir='ltr'>ne</span> <span class='ocrx_word' id='word_1_279' title='bbox 758 2917 878 2986; x_wconf 87' lang='lat' dir='ltr'>sileatis,</span> <span class='ocrx_word' id='word_1_280' title='bbox 900 2918 954 2972; x_wconf 89' lang='lat' dir='ltr'>sed</span> <span class='ocrx_word' id='word_1_281' title='bbox 980 2917 1105 2990; x_wconf 86' lang='lat' dir='ltr'>gloriam</span> <span class='ocrx_word' id='word_1_282' title='bbox 1129 2919 1178 2975; x_wconf 91' lang='lat' dir='ltr'>dei</span> <span class='ocrx_word' id='word_1_283' title='bbox 1203 2937 1295 2992; x_wconf 87' lang='lat' dir='ltr'>quarn</span> <span class='ocrx_word' id='word_1_284' title='bbox 1322 2917 1429 2978; x_wconf 82' lang='lat' dir='ltr'>vidistis</span> 
     </span>
     <span class='ocr_line' id='line_1_31' title="bbox 243 3002 1429 3082; baseline -0.002 -20"><span class='ocrx_word' id='word_1_285' title='bbox 243 3033 276 3082; x_wconf 76' lang='lat'>30</span> <span class='ocrx_word' id='word_1_286' title='bbox 288 3005 386 3079; x_wconf 89' lang='lat' dir='ltr'>palam</span> <span class='ocrx_word' id='word_1_287' title='bbox 399 3004 568 3078; x_wconf 66' lang='lat' dir='ltr'>predicate!</span> <span class='ocrx_word' id='word_1_288' title='bbox 597 3002 750 3077; x_wconf 89' lang='lat' dir='ltr'>Deinceps</span> <span class='ocrx_word' id='word_1_289' title='bbox 758 3003 839 3060; x_wconf 92' lang='lat' dir='ltr'>enim</span> <span class='ocrx_word' id='word_1_290' title='bbox 847 3003 895 3060; x_wconf 90' lang='lat' dir='ltr'>vir</span> <span class='ocrx_word' id='word_1_291' title='bbox 905 3004 954 3060; x_wconf 90' lang='lat' dir='ltr'>dei</span> <span class='ocrx_word' id='word_1_292' title='bbox 968 3022 1060 3078; x_wconf 86' lang='lat' dir='ltr'>opera</span> <span class='ocrx_word' id='word_1_293' title='bbox 1071 3023 1130 3078; x_wconf 89' lang='lat' dir='ltr'>que</span> <span class='ocrx_word' id='word_1_294' title='bbox 1143 3023 1199 3079; x_wconf 86' lang='lat' dir='ltr'>per</span> <span class='ocrx_word' id='word_1_295' title='bbox 1211 3025 1283 3064; x_wconf 87' lang='lat' dir='ltr'>eum</span> <span class='ocrx_word' id='word_1_296' title='bbox 1298 3007 1429 3065; x_wconf 88' lang='lat' dir='ltr'>dominus</span> 
     </span>
     <span class='ocr_line' id='line_1_32' title="bbox 288 3085 1427 3164; baseline -0.003 -15"><span class='ocrx_word' id='word_1_297' title='bbox 288 3093 422 3158; x_wconf 82' lang='lat' dir='ltr'>iaciebat,</span> <span class='ocrx_word' id='word_1_298' title='bbox 435 3090 582 3164; x_wconf 87' lang='lat' dir='ltr'>religiosis</span> <span class='ocrx_word' id='word_1_299' title='bbox 595 3091 739 3148; x_wconf 78' lang='lat' dir='ltr'>duntaxat</span> <span class='ocrx_word' id='word_1_300' title='bbox 751 3091 873 3148; x_wconf 88' lang='lat' dir='ltr'>auribus</span> <span class='ocrx_word' id='word_1_301' title='bbox 887 3091 1041 3149; x_wconf 87' lang='lat' dir='ltr'>humiliter</span> <span class='ocrx_word' id='word_1_302' title='bbox 1053 3095 1220 3151; x_wconf 88' lang='lat' dir='ltr'>enarrabat</span> <span class='ocrx_word' id='word_1_303' title='bbox 1292 3096 1306 3128; x_wconf 82' lang='lat'>⁸</span> <span class='ocrx_word' id='word_1_304' title='bbox 1318 3085 1427 3153; x_wconf 90' lang='lat' dir='ltr'>erico</span> 
     </span>
     <span class='ocr_line' id='line_1_33' title="bbox 288 3177 1427 3254; baseline -0.001 -18"><span class='ocrx_word' id='word_1_305' title='bbox 288 3180 390 3254; x_wconf 88' lang='lat' dir='ltr'>itaque</span> <span class='ocrx_word' id='word_1_306' title='bbox 413 3179 513 3236; x_wconf 88' lang='lat' dir='ltr'>medio</span> <span class='ocrx_word' id='word_1_307' title='bbox 533 3178 629 3234; x_wconf 90' lang='lat' dir='ltr'>noctis</span> <span class='ocrx_word' id='word_1_308' title='bbox 648 3178 767 3236; x_wconf 89' lang='lat' dir='ltr'>silentio</span> <span class='ocrx_word' id='word_1_309' title='bbox 791 3177 917 3234; x_wconf 90' lang='lat' dir='ltr'>orationi</span> <span class='ocrx_word' id='word_1_310' title='bbox 940 3189 1075 3250; x_wconf 88' lang='lat' dir='ltr'>vacante,</span> <span class='ocrx_word' id='word_1_311' title='bbox 1097 3181 1281 3239; x_wconf 88' lang='lat' dir='ltr'>conueniunt</span> <span class='ocrx_word' id='word_1_312' title='bbox 1304 3184 1343 3240; x_wconf 89' lang='lat' dir='ltr'>ad</span> <span class='ocrx_word' id='word_1_313' title='bbox 1366 3194 1427 3237; x_wconf 87' lang='lat' dir='ltr'>eum</span> 
     </span>
     <span class='ocr_line' id='line_1_34' title="bbox 288 3265 1425 3340; baseline -0.004 -16"><span class='ocrx_word' id='word_1_314' title='bbox 288 3267 411 3340; x_wconf 88' lang='lat' dir='ltr'>spiritns</span> <span class='ocrx_word' id='word_1_315' title='bbox 436 3265 557 3339; x_wconf 85' lang='lat' dir='ltr'>maligni</span> <span class='ocrx_word' id='word_1_316' title='bbox 583 3265 614 3321; x_wconf 91' lang='lat' dir='ltr'>in</span> <span class='ocrx_word' id='word_1_317' title='bbox 638 3265 826 3322; x_wconf 87' lang='lat' dir='ltr'>multitudine</span> <span class='ocrx_word' id='word_1_318' title='bbox 850 3265 942 3337; x_wconf 86' lang='lat' dir='ltr'>graui,</span> <span class='ocrx_word' id='word_1_319' title='bbox 962 3276 992 3323; x_wconf 91' lang='lat' dir='ltr'>et</span> <span class='ocrx_word' id='word_1_320' title='bbox 1012 3268 1094 3324; x_wconf 90' lang='lat' dir='ltr'>velut</span> <span class='ocrx_word' id='word_1_321' title='bbox 1119 3268 1228 3326; x_wconf 91' lang='lat' dir='ltr'>iudicio</span> <span class='ocrx_word' id='word_1_322' title='bbox 1253 3289 1319 3327; x_wconf 89' lang='lat' dir='ltr'>rem</span> <span class='ocrx_word' id='word_1_323' title='bbox 1342 3265 1425 3326; x_wconf 89' lang='lat' dir='ltr'>acturi</span> 
     </span>
     <span class='ocr_line' id='line_1_35' title="bbox 288 3351 1426 3431; baseline -0.004 -19"><span class='ocrx_word' id='word_1_324' title='bbox 288 3354 420 3426; x_wconf 90' lang='lat' dir='ltr'>vndique</span> <span class='ocrx_word' id='word_1_325' title='bbox 442 3353 580 3410; x_wconf 92' lang='lat' dir='ltr'>obsident</span> <span class='ocrx_word' id='word_1_326' title='bbox 603 3352 802 3409; x_wconf 89' lang='lat' dir='ltr'>innocentem.</span> <span class='ocrx_word' id='word_1_327' title='bbox 838 3353 1042 3426; x_wconf 86' lang='lat' dir='ltr'>Conquirunt⁷</span> <span class='ocrx_word' id='word_1_328' title='bbox 1059 3356 1139 3412; x_wconf 90' lang='lat' dir='ltr'>inter</span> <span class='ocrx_word' id='word_1_329' title='bbox 1155 3375 1190 3413; x_wconf 90' lang='lat' dir='ltr'>se</span> <span class='ocrx_word' id='word_1_330' title='bbox 1209 3358 1352 3431; x_wconf 90' lang='lat' dir='ltr'>quidnam</span> <span class='ocrx_word' id='word_1_331' title='bbox 1369 3351 1426 3411; x_wconf 91' lang='lat' dir='ltr'>fieri</span> 
     </span>
     <span class='ocr_line' id='line_1_36' title="bbox 245 3439 1425 3515; baseline 0 -18"><span class='ocrx_word' id='word_1_332' title='bbox 245 3459 276 3512; x_wconf 78' lang='lat'>³5</span> <span class='ocrx_word' id='word_1_333' title='bbox 289 3450 423 3515; x_wconf 87' lang='lat' dir='ltr'>oporteat</span> <span class='ocrx_word' id='word_1_334' title='bbox 443 3441 481 3497; x_wconf 91' lang='lat' dir='ltr'>dc</span> <span class='ocrx_word' id='word_1_335' title='bbox 503 3440 623 3496; x_wconf 91' lang='lat' dir='ltr'>homine</span> <span class='ocrx_word' id='word_1_336' title='bbox 645 3439 697 3514; x_wconf 91' lang='lat' dir='ltr'>qui</span> <span class='ocrx_word' id='word_1_337' title='bbox 718 3440 793 3512; x_wconf 90' lang='lat' dir='ltr'>ipsis</span> <span class='ocrx_word' id='word_1_338' title='bbox 814 3439 853 3496; x_wconf 85' lang='lat' dir='ltr'>ita</span> <span class='ocrx_word' id='word_1_339' title='bbox 873 3441 943 3498; x_wconf 91' lang='lat' dir='ltr'>totis</span> <span class='ocrx_word' id='word_1_340' title='bbox 961 3442 1075 3500; x_wconf 87' lang='lat' dir='ltr'>viribus</span> <span class='ocrx_word' id='word_1_341' title='bbox 1093 3445 1293 3502; x_wconf 78' lang='lat' dir='ltr'>aduersatur:</span> <span class='ocrx_word' id='word_1_342' title='bbox 1314 3440 1425 3502; x_wconf 89' lang='lat' dir='ltr'>consilia</span> 
     </span>
     <span class='ocr_line' id='line_1_37' title="bbox 289 3527 1424 3603; baseline -0.003 -18"><span class='ocrx_word' id='word_1_343' title='bbox 289 3528 424 3601; x_wconf 88' lang='lat' dir='ltr'>dissipat,</span> <span class='ocrx_word' id='word_1_344' title='bbox 436 3527 538 3601; x_wconf 90' lang='lat' dir='ltr'>diripit</span> <span class='ocrx_word' id='word_1_345' title='bbox 556 3527 660 3600; x_wconf 88' lang='lat' dir='ltr'>spolia,</span> <span class='ocrx_word' id='word_1_346' title='bbox 673 3545 732 3600; x_wconf 93' lang='lat' dir='ltr'>que</span> <span class='ocrx_word' id='word_1_347' title='bbox 751 3527 891 3584; x_wconf 86' lang='lat' dir='ltr'>edificant</span> <span class='ocrx_word' id='word_1_348' title='bbox 909 3529 1044 3600; x_wconf 85' lang='lat' dir='ltr'>destruit,</span> <span class='ocrx_word' id='word_1_349' title='bbox 1055 3548 1114 3603; x_wconf 88' lang='lat' dir='ltr'>que</span> <span class='ocrx_word' id='word_1_350' title='bbox 1133 3532 1293 3589; x_wconf 89' lang='lat' dir='ltr'>destruunt</span> <span class='ocrx_word' id='word_1_351' title='bbox 1310 3531 1424 3590; x_wconf 87' lang='lat' dir='ltr'>edificat</span> 
     </span>
     <span class='ocr_line' id='line_1_38' title="bbox 288 3639 1424 3757; baseline -0.001 -68"><span class='ocrx_word' id='word_1_352' title='bbox 288 3641 402 3757; x_wconf 42' lang='lat' dir='ltr'>⁸1¹¹:Vitd</span> <span class='ocrx_word' id='word_1_353' title='bbox 411 3657 440 3690; x_wconf 90' lang='lat' dir='ltr'>se</span> <span class='ocrx_word' id='word_1_354' title='bbox 452 3642 641 3704; x_wconf 86' lang='lat' dir='ltr'>impresserant</span> <span class='ocrx_word' id='word_1_355' title='bbox 718 3639 795 3690; x_wconf 76' lang='lat' dir='ltr'>&#39;om</span> <span class='ocrx_word' id='word_1_356' title='bbox 872 3640 928 3690; x_wconf 78' lang='lat' dir='ltr'>&#39;so</span> <span class='ocrx_word' id='word_1_357' title='bbox 940 3641 986 3703; x_wconf 86' lang='lat' dir='ltr'>T.;</span> <span class='ocrx_word' id='word_1_358' title='bbox 1004 3641 1033 3694; x_wconf 72' lang='lat' dir='ltr'>P„</span> <span class='ocrx_word' id='word_1_359' title='bbox 1047 3651 1073 3694; x_wconf 92' lang='lat' dir='ltr'>et</span> <span class='ocrx_word' id='word_1_360' title='bbox 1085 3651 1103 3694; x_wconf 92' lang='lat' dir='ltr'>t.</span> <span class='ocrx_word' id='word_1_361' title='bbox 1180 3643 1237 3694; x_wconf 85' lang='lat' dir='ltr'>‘T.</span> <span class='ocrx_word' id='word_1_362' title='bbox 1251 3645 1281 3695; x_wconf 70' lang='lat' dir='ltr'>F„</span> <span class='ocrx_word' id='word_1_363' title='bbox 1294 3645 1424 3710; x_wconf 87' lang='lat' dir='ltr'>predicens.</span> 
     </span>
     <span class='ocr_line' id='line_1_39' title="bbox 321 3723 1425 3838; baseline -0.001 -18"><span class='ocrx_word' id='word_1_364' title='bbox 321 3723 445 3822; x_wconf 45' lang='lat' dir='ltr'>‘hinSe&#39;T¹</span> <span class='ocrx_word' id='word_1_365' title='bbox 458 3771 523 3820; x_wconf 86' lang='lat' dir='ltr'>adds</span> <span class='ocrx_word' id='word_1_366' title='bbox 535 3772 597 3820; x_wconf 87' lang='lat' dir='ltr'>here</span> <span class='ocrx_word' id='word_1_367' title='bbox 607 3765 702 3826; x_wconf 91' lang='lat' dir='ltr'>:—Vir</span> <span class='ocrx_word' id='word_1_368' title='bbox 717 3771 760 3819; x_wconf 91' lang='lat' dir='ltr'>dei</span> <span class='ocrx_word' id='word_1_369' title='bbox 778 3772 843 3820; x_wconf 92' lang='lat' dir='ltr'>duos</span> <span class='ocrx_word' id='word_1_370' title='bbox 860 3779 943 3821; x_wconf 88' lang='lat' dir='ltr'>mutos</span> <span class='ocrx_word' id='word_1_371' title='bbox 956 3773 1005 3820; x_wconf 89' lang='lat' dir='ltr'>sibi</span> <span class='ocrx_word' id='word_1_372' title='bbox 1020 3775 1145 3823; x_wconf 86' lang='lat' dir='ltr'>adductos</span> <span class='ocrx_word' id='word_1_373' title='bbox 1161 3791 1240 3838; x_wconf 90' lang='lat' dir='ltr'>prece</span> <span class='ocrx_word' id='word_1_374' title='bbox 1257 3779 1290 3826; x_wconf 92' lang='lat' dir='ltr'>ad</span> <span class='ocrx_word' id='word_1_375' title='bbox 1307 3777 1425 3826; x_wconf 86' lang='lat' dir='ltr'>dominun</span> 
     </span>
     <span class='ocr_line' id='line_1_40' title="bbox 288 3837 1424 3904; baseline 0.001 -17"><span class='ocrx_word' id='word_1_376' title='bbox 288 3839 346 3888; x_wconf 88' lang='lat' dir='ltr'>susa</span> <span class='ocrx_word' id='word_1_377' title='bbox 360 3839 468 3898; x_wconf 86' lang='lat' dir='ltr'>sanauit,</span> <span class='ocrx_word' id='word_1_378' title='bbox 488 3846 514 3886; x_wconf 90' lang='lat' dir='ltr'>et</span> <span class='ocrx_word' id='word_1_379' title='bbox 531 3838 668 3898; x_wconf 86' lang='lat' dir='ltr'>(quendam</span> <span class='ocrx_word' id='word_1_380' title='bbox 684 3837 740 3900; x_wconf 75' lang='lat' dir='ltr'>qui)</span> <span class='ocrx_word' id='word_1_381' title='bbox 758 3838 860 3886; x_wconf 92' lang='lat' dir='ltr'>diabolo</span> <span class='ocrx_word' id='word_1_382' title='bbox 877 3847 983 3900; x_wconf 89' lang='lat' dir='ltr'>propter</span> <span class='ocrx_word' id='word_1_383' title='bbox 999 3840 1100 3888; x_wconf 87' lang='lat' dir='ltr'>diuitias</span> <span class='ocrx_word' id='word_1_384' title='bbox 1118 3841 1275 3904; x_wconf 83' lang='lat' dir='ltr'>(homagium</span> <span class='ocrx_word' id='word_1_385' title='bbox 1292 3841 1424 3902; x_wconf 74' lang='lat' dir='ltr'>fecerat),=</span> 
     </span>
     <span class='ocr_line' id='line_1_41' title="bbox 289 3903 1424 3966; baseline -0.001 -12"><span class='ocrx_word' id='word_1_386' title='bbox 289 3905 403 3954; x_wconf 78' lang='lat' dir='ltr'>saucibus</span> <span class='ocrx_word' id='word_1_387' title='bbox 421 3903 500 3964; x_wconf 91' lang='lat' dir='ltr'>iniqui</span> <span class='ocrx_word' id='word_1_388' title='bbox 517 3904 611 3964; x_wconf 91' lang='lat' dir='ltr'>eripuit</span> <span class='ocrx_word' id='word_1_389' title='bbox 630 3911 657 3951; x_wconf 92' lang='lat' dir='ltr'>et</span> <span class='ocrx_word' id='word_1_390' title='bbox 678 3904 856 3964; x_wconf 73' lang='lat' dir='ltr'>(relomnvitt</span> <span class='ocrx_word' id='word_1_391' title='bbox 893 3903 1013 3966; x_wconf 89' lang='lat' dir='ltr'>Denique</span> <span class='ocrx_word' id='word_1_392' title='bbox 1031 3921 1088 3954; x_wconf 88' lang='lat' dir='ltr'>cum</span> <span class='ocrx_word' id='word_1_393' title='bbox 1109 3922 1124 3954; x_wconf 88' lang='lat' dir='ltr'>a</span> <span class='ocrx_word' id='word_1_394' title='bbox 1144 3908 1224 3955; x_wconf 88' lang='lat' dir='ltr'>latere</span> <span class='ocrx_word' id='word_1_395' title='bbox 1244 3909 1295 3956; x_wconf 90' lang='lat' dir='ltr'>uiri</span> <span class='ocrx_word' id='word_1_396' title='bbox 1312 3910 1352 3958; x_wconf 90' lang='lat' dir='ltr'>dei</span> <span class='ocrx_word' id='word_1_397' title='bbox 1373 3909 1424 3953; x_wconf 78' lang='lat' dir='ltr'>aute</span> 
     </span>
     <span class='ocr_line' id='line_1_42' title="bbox 290 3968 1424 4035; baseline 0.001 -17"><span class='ocrx_word' id='word_1_398' title='bbox 290 3970 488 4032; x_wconf 88' lang='lat' dir='ltr'>percepcionem</span> <span class='ocrx_word' id='word_1_399' title='bbox 512 3968 607 4017; x_wconf 88' lang='lat' dir='ltr'>uiuifici</span> <span class='ocrx_word' id='word_1_400' title='bbox 627 3970 779 4017; x_wconf 88' lang='lat' dir='ltr'>sacramenti</span> <span class='ocrx_word' id='word_1_401' title='bbox 806 3970 952 4018; x_wconf 88' lang='lat' dir='ltr'>nullatenus</span> <span class='ocrx_word' id='word_1_402' title='bbox 976 3972 1098 4020; x_wconf 90' lang='lat' dir='ltr'>recedere</span> <span class='ocrx_word' id='word_1_403' title='bbox 1120 3974 1307 4034; x_wconf 68' lang='lat' dir='ltr'>acquiesceret,</span> <span class='ocrx_word' id='word_1_404' title='bbox 1331 3987 1378 4035; x_wconf 90' lang='lat' dir='ltr'>quo</span> <span class='ocrx_word' id='word_1_405' title='bbox 1399 3981 1424 4015; x_wconf 79' lang='lat' dir='ltr'>se</span> 
     </span>
     <span class='ocr_line' id='line_1_43' title="bbox 290 4035 1422 4096; baseline -0.004 -12"><span class='ocrx_word' id='word_1_406' title='bbox 290 4035 396 4084; x_wconf 89' lang='lat' dir='ltr'>Christo</span> <span class='ocrx_word' id='word_1_407' title='bbox 416 4036 605 4096; x_wconf 84' lang='lat' dir='ltr'>incorporatum</span> <span class='ocrx_word' id='word_1_408' title='bbox 625 4035 674 4082; x_wconf 88' lang='lat' dir='ltr'>iam</span> <span class='ocrx_word' id='word_1_409' title='bbox 696 4035 811 4082; x_wconf 90' lang='lat' dir='ltr'>dubitare</span> <span class='ocrx_word' id='word_1_410' title='bbox 831 4050 883 4084; x_wconf 89' lang='lat' dir='ltr'>non</span> <span class='ocrx_word' id='word_1_411' title='bbox 908 4041 1004 4096; x_wconf 89' lang='lat' dir='ltr'>posset,</span> <span class='ocrx_word' id='word_1_412' title='bbox 1028 4037 1153 4086; x_wconf 87' lang='lat' dir='ltr'>accedens</span> <span class='ocrx_word' id='word_1_413' title='bbox 1176 4039 1209 4086; x_wconf 87' lang='lat' dir='ltr'>ad</span> <span class='ocrx_word' id='word_1_414' title='bbox 1230 4039 1422 4088; x_wconf 83' lang='lat' dir='ltr'>communionem</span> 
     </span>
     <span class='ocr_line' id='line_1_44' title="bbox 290 4101 1422 4166; baseline 0.004 -16"><span class='ocrx_word' id='word_1_415' title='bbox 290 4109 403 4150; x_wconf 85' lang='lat' dir='ltr'>sanctam</span> <span class='ocrx_word' id='word_1_416' title='bbox 426 4107 453 4150; x_wconf 87' lang='lat' dir='ltr'>et</span> <span class='ocrx_word' id='word_1_417' title='bbox 475 4101 649 4160; x_wconf 83' lang='lat' dir='ltr'>interrogatus</span> <span class='ocrx_word' id='word_1_418' title='bbox 669 4101 690 4148; x_wconf 91' lang='lat' dir='ltr'>si</span> <span class='ocrx_word' id='word_1_419' title='bbox 709 4101 835 4160; x_wconf 90' lang='lat' dir='ltr'>crederet,</span> <span class='ocrx_word' id='word_1_420' title='bbox 857 4101 948 4159; x_wconf 83' lang='lat' dir='ltr'>‘Vere,</span> <span class='ocrx_word' id='word_1_421' title='bbox 968 4101 1059 4164; x_wconf 85' lang='lat' dir='ltr'>inquit,</span> <span class='ocrx_word' id='word_1_422' title='bbox 1079 4103 1165 4164; x_wconf 91' lang='lat' dir='ltr'>credo,</span> <span class='ocrx_word' id='word_1_423' title='bbox 1186 4104 1247 4166; x_wconf 90' lang='lat' dir='ltr'>quia</span> <span class='ocrx_word' id='word_1_424' title='bbox 1264 4119 1326 4153; x_wconf 85' lang='lat' dir='ltr'>ecce</span> <span class='ocrx_word' id='word_1_425' title='bbox 1343 4111 1422 4162; x_wconf 67' lang='lat' dir='ltr'>corpus</span> 
     </span>
     <span class='ocr_line' id='line_1_45' title="bbox 290 4165 1422 4231; baseline -0.001 -16"><span class='ocrx_word' id='word_1_426' title='bbox 290 4166 386 4215; x_wconf 87' lang='lat' dir='ltr'>Christi</span> <span class='ocrx_word' id='word_1_427' title='bbox 400 4173 426 4214; x_wconf 93' lang='lat' dir='ltr'>et</span> <span class='ocrx_word' id='word_1_428' title='bbox 441 4167 593 4228; x_wconf 85' lang='lat' dir='ltr'>sanguinem</span> <span class='ocrx_word' id='word_1_429' title='bbox 606 4167 632 4213; x_wconf 90' lang='lat' dir='ltr'>in</span> <span class='ocrx_word' id='word_1_430' title='bbox 649 4166 735 4227; x_wconf 88' lang='lat' dir='ltr'>specie</span> <span class='ocrx_word' id='word_1_431' title='bbox 749 4167 832 4214; x_wconf 83' lang='lat' dir='ltr'>carnis</span> <span class='ocrx_word' id='word_1_432' title='bbox 848 4175 875 4216; x_wconf 89' lang='lat' dir='ltr'>et</span> <span class='ocrx_word' id='word_1_433' title='bbox 887 4167 1021 4227; x_wconf 82' lang='lat' dir='ltr'>sanguinis</span> <span class='ocrx_word' id='word_1_434' title='bbox 1033 4176 1154 4229; x_wconf 87' lang='lat' dir='ltr'>peccator</span> <span class='ocrx_word' id='word_1_435' title='bbox 1164 4168 1280 4231; x_wconf 66' lang='lat' dir='ltr'>aspicio!</span> <span class='ocrx_word' id='word_1_436' title='bbox 1313 4171 1358 4218; x_wconf 88' lang='lat' dir='ltr'>Cui</span> <span class='ocrx_word' id='word_1_437' title='bbox 1373 4165 1422 4214; x_wconf 86' lang='lat' dir='ltr'>ille:</span> 
     </span>
     <span class='ocr_line' id='line_1_46' title="bbox 290 4227 1421 4296; baseline 0.005 -17"><span class='ocrx_word' id='word_1_438' title='bbox 290 4238 296 4260; x_wconf 82' lang='lat'>¹</span> <span class='ocrx_word' id='word_1_439' title='bbox 306 4231 363 4280; x_wconf 91' lang='lat' dir='ltr'>Deo</span> <span class='ocrx_word' id='word_1_440' title='bbox 375 4232 481 4294; x_wconf 85' lang='lat' dir='ltr'>gracias,</span> <span class='ocrx_word' id='word_1_441' title='bbox 493 4239 533 4279; x_wconf 91' lang='lat' dir='ltr'>set</span> <span class='ocrx_word' id='word_1_442' title='bbox 544 4232 592 4279; x_wconf 86' lang='lat' dir='ltr'>iam</span> <span class='ocrx_word' id='word_1_443' title='bbox 602 4231 676 4279; x_wconf 86' lang='lat' dir='ltr'>simul</span> <span class='ocrx_word' id='word_1_444' title='bbox 688 4246 790 4280; x_wconf 90' lang='lat' dir='ltr'>oremus</span> <span class='ocrx_word' id='word_1_445' title='bbox 803 4240 829 4280; x_wconf 87' lang='lat' dir='ltr'>ut</span> <span class='ocrx_word' id='word_1_446' title='bbox 841 4233 867 4280; x_wconf 90' lang='lat' dir='ltr'>in</span> <span class='ocrx_word' id='word_1_447' title='bbox 879 4232 958 4294; x_wconf 91' lang='lat' dir='ltr'>priori</span> <span class='ocrx_word' id='word_1_448' title='bbox 968 4233 1055 4294; x_wconf 91' lang='lat' dir='ltr'>specie</span> <span class='ocrx_word' id='word_1_449' title='bbox 1068 4233 1129 4282; x_wconf 91' lang='lat' dir='ltr'>illud</span> <span class='ocrx_word' id='word_1_450' title='bbox 1139 4236 1274 4296; x_wconf 89' lang='lat' dir='ltr'>percipere</span> <span class='ocrx_word' id='word_1_451' title='bbox 1286 4234 1397 4285; x_wconf 75' lang='lat' dir='ltr'>merearis</span> <span class='ocrx_word' id='word_1_452' title='bbox 1405 4227 1421 4290; x_wconf 78' lang='lat' dir='ltr'>&#39;i</span> 
     </span>
    </p>
   </div>
   <div class='ocr_carea' id='block_1_3' title="bbox 290 4296 1299 4424">
    <p class='ocr_par' dir='ltr' id='par_1_3' title="bbox 290 4296 1299 4424">
     <span class='ocr_line' id='line_1_47' title="bbox 290 4296 1299 4366; baseline 0.004 -20"><span class='ocrx_word' id='word_1_453' title='bbox 290 4305 316 4346; x_wconf 91' lang='lat' dir='ltr'>et</span> <span class='ocrx_word' id='word_1_454' title='bbox 328 4298 420 4346; x_wconf 86' lang='lat' dir='ltr'>lactum</span> <span class='ocrx_word' id='word_1_455' title='bbox 433 4304 473 4346; x_wconf 88' lang='lat' dir='ltr'>est</span> <span class='ocrx_word' id='word_1_456' title='bbox 485 4297 527 4346; x_wconf 87' lang='lat' dir='ltr'>ita.</span> <span class='ocrx_word' id='word_1_457' title='bbox 565 4296 631 4360; x_wconf 88' lang='lat' dir='ltr'>(The</span> <span class='ocrx_word' id='word_1_458' title='bbox 644 4313 714 4347; x_wconf 88' lang='lat' dir='ltr'>same</span> <span class='ocrx_word' id='word_1_459' title='bbox 725 4305 799 4360; x_wconf 87' lang='lat' dir='ltr'>story</span> <span class='ocrx_word' id='word_1_460' title='bbox 811 4299 842 4358; x_wconf 88' lang='lat' dir='ltr'>is,</span> <span class='ocrx_word' id='word_1_461' title='bbox 854 4299 987 4358; x_wconf 84' lang='lat' dir='ltr'>however,</span> <span class='ocrx_word' id='word_1_462' title='bbox 999 4301 1123 4362; x_wconf 88' lang='lat' dir='ltr'>repeated</span> <span class='ocrx_word' id='word_1_463' title='bbox 1135 4307 1198 4350; x_wconf 84' lang='lat' dir='ltr'>next</span> <span class='ocrx_word' id='word_1_464' title='bbox 1210 4305 1299 4366; x_wconf 81' lang='lat' dir='ltr'>page.)</span> 
     </span>
     <span class='ocr_line' id='line_1_48' title="bbox 321 4362 566 4424; baseline 0.008 -12"><span class='ocrx_word' id='word_1_465' title='bbox 321 4362 332 4392; x_wconf 77' lang='lat'><em>¹</em></span> <span class='ocrx_word' id='word_1_466' title='bbox 348 4363 376 4412; x_wconf 83' lang='lat' dir='ltr'>T.</span> <span class='ocrx_word' id='word_1_467' title='bbox 390 4363 566 4424; x_wconf 86' lang='lat' dir='ltr'>Conquerunt.</span> 
     </span>
    </p>
   </div>
   <div class='ocr_carea' id='block_1_4' title="bbox 0 0 1530 4896">
    <p class='ocr_par' dir='ltr' id='par_1_4' title="bbox 0 0 1530 4896">
     <span class='ocr_line' id='line_1_49' title="bbox 0 0 1530 4896; baseline 0 9"><span class='ocrx_word' id='word_1_468' title='bbox 0 0 1530 4896; x_wconf 95' lang='lat' dir='ltr'> </span> 
     </span>
    </p>
   </div>
  </div>
 </body>
</html>
