3044 4894
316 333 336 384 2
628 309 760 395 liuba
785 304 977 408 [tumba
1001 301 1154 406 ancta.

313 507 548 567 inestimabiles¹
574 507 654 567 farne
678 509 782 566 titulos
807 509 954 566 obtinere.
1001 505 1036 563 ln
1068 506 1135 580 ipsa
1161 515 1263 564 tamen
1288 502 1470 562 crudelitate

313 613 475 666 armorum,
487 596 623 654 hostibus
642 597 707 654 suis
724 595 897 654 misericors
915 604 989 666 erat,
1001 595 1107 669 eisque
1125 597 1164 652 de
1182 593 1297 668 rapinis
1312 601 1342 648 et
1361 591 1469 664 predis

312 685 431 743 tertiam
445 694 563 757 partem
576 683 761 741 refundebat.
797 685 848 741 Ad
865 684 1044 740 memoriam
1057 681 1299 750 tandem,diuino
1311 679 1470 748 instinctu,

313 775 475 830 reducebat
495 775 594 830 exitus
613 772 823 845 dampnabiles
846 789 951 845 regum
976 789 1214 844 magnorumque
1233 768 1402 842 principum
1425 768 1467 823 de

284 879 298 930 5
314 879 442 935 quorum
456 862 550 934 stirpe
563 862 770 930 descenderat,
782 869 812 917 et
822 861 903 932 quod
915 877 1027 932 pompa
1040 860 1136 933 glorie
1148 856 1292 916 secularis
1304 856 1403 912 fumus
1417 865 1469 911 est

313 959 344 1006 et
370 967 464 1022 vapor
487 951 526 1006 ad
552 949 702 1005 modicum
727 965 888 1021 apparens.
932 948 1052 1004 Sciebat
1077 947 1146 1020 quia
1170 948 1279 1004 breues
1304 951 1373 1000 sunt
1397 941 1471 999 dies

313 1037 452 1104 hominis,
470 1037 540 1094 linis
558 1053 631 1092 vero
652 1036 770 1105 dubius,
792 1038 892 1092 exitus
918 1035 1082 1103 horribilis,
1100 1036 1193 1092 iudex
1213 1031 1364 1098 terribilis,
1383 1047 1470 1102 pena

311 1125 379 1182 sine
392 1125 461 1182 fine.
492 1123 613 1180 Vocatis
625 1134 725 1181 autem
739 1123 993 1180 commilitonibus
1005 1123 1077 1192 suis,
1086 1123 1144 1180 ait:
1165 1127 1172 1154 ‘
1183 1121 1347 1189 Hactenus,
1356 1118 1468 1190 inquit,

310 1212 398 1269 amici
428 1213 487 1268 mei
518 1211 694 1280 charissimi,
718 1209 900 1268 vanitatibus
934 1211 1023 1268 huius
1054 1211 1146 1268 seculi
1177 1208 1319 1266 militaui:
1352 1209 1468 1263 amodo

267 1315 298 1352 10
311 1300 452 1356 saluatori
477 1317 545 1358 meo
570 1299 696 1356 militare
721 1298 851 1356 decreui.
888 1299 997 1372 Eligite
1016 1299 1103 1356 vobis
1123 1299 1241 1366 ducem,
1261 1295 1346 1354 cuius
1370 1295 1462 1366 signa

310 1387 496 1460 sequamini:
515 1405 571 1459 ego
584 1387 665 1444 enim
675 1403 786 1460 sequar
797 1385 947 1444 dominice
957 1385 1053 1443 crucis
1066 1386 1204 1459 signum!
1237 1385 1274 1441 Et
1287 1400 1355 1440 cum
1368 1382 1466 1438 nullis

310 1472 452 1544 precibus
474 1488 491 1527 a
511 1471 665 1544 proposito
686 1471 802 1529 resilire
823 1471 922 1540 vellet,
941 1469 1064 1527 abiectis
1083 1470 1175 1527 armis
1198 1471 1270 1538 suis,
1290 1467 1466 1540 Rependoh

311 1559 403 1626 venit,
424 1559 474 1614 vbi
496 1567 560 1615 erat
580 1558 794 1614 monasterium
817 1556 954 1630 insigne:
973 1566 1004 1615 et
1025 1567 1148 1630 accepto
1168 1555 1314 1614 clericalis
1337 1563 1468 1610 tonsure

311 1655 470 1714 caractere,
484 1645 656 1702 monasticis
669 1643 835 1716 disciplinis
848 1662 882 1700 se
895 1645 1094 1718 mancipauit;
1113 1655 1145 1702 et
1163 1643 1372 1702 nihilomnino
1385 1642 1468 1700 bibit

267 1753 296 1804 15
309 1735 389 1806 quod
414 1733 566 1791 ebrietatis
591 1731 708 1790 occasio
735 1749 805 1790 esse
830 1732 934 1806 potuit.
984 1731 1121 1790 Psalmos
1145 1743 1245 1790 autem
1270 1740 1301 1788 et
1326 1731 1467 1801 hymnos

309 1821 419 1886 didicit,
440 1831 530 1894 atque
551 1821 582 1877 in
605 1819 731 1878 scientia
750 1828 921 1876 sanctorum
948 1820 1026 1876 infra
1045 1821 1200 1880 biennium
1221 1819 1297 1876 mira
1320 1817 1467 1876 facilitate

309 1909 443 1981 profecit.
481 1909 553 1964 Erat
565 1907 647 1966 enim
658 1907 740 1964 vultu
759 1907 915 1978 iocundus,
928 1908 1050 1964 humilis
1071 1907 1102 1965 in
1121 1917 1208 1980 gestu
1227 1915 1257 1963 et
1276 1906 1306 1962 in
1325 1904 1466 1969 incessu.

308 1995 338 2052 in
354 1997 496 2069 operibus
508 1996 673 2066 timoratus,
683 1995 742 2052 lide
755 1995 868 2064 firmus,
881 2012 937 2068 spe
950 1995 1139 2068 longanimis,
1152 1994 1296 2051 charitate
1308 1991 1467 2064 profusus,

309 2094 485 2142 mansuetus
504 2093 534 2141 et
555 2083 646 2152 utitis,
666 2083 792 2141 consilio
813 2083 967 2156 prouidus
988 2093 1018 2140 et
1038 2083 1272 2156 circumspectus
1296 2081 1327 2138 in
1346 2081 1466 2140 verbis.

266 2186 296 2222 20
312 2159 371 2228 Est
388 2171 470 2230 enim
488 2172 518 2228 in
540 2170 697 2228 Britannia
717 2169 855 2244 spaciosa
873 2171 1088 2244 magnitudinis
1107 2171 1204 2245 palus,
1225 2187 1285 2242 que
1303 2187 1322 2225 a
1342 2167 1465 2228 Gronte

310 2258 434 2316 flumine
454 2257 610 2332 incipiens,
634 2258 764 2314 diuersis
786 2259 969 2326 nemoribus,
990 2259 1114 2332 stagnis,
1138 2258 1245 2315 insulis
1269 2266 1298 2316 et
1324 2257 1469 2325 carectis,

308 2347 459 2420 variisque
472 2346 637 2402 fluuialium
650 2345 765 2402 viarum
779 2345 924 2403 flexuosis
937 2346 1130 2404 amfractibus
1142 2345 1291 2412 distincta,
1303 2345 1341 2401 ab
1354 2355 1467 2402 austro

309 2435 499 2506 protenditur
523 2443 553 2490 et
575 2433 606 2490 in
631 2433 770 2506 aquilone
794 2432 873 2490 circa
894 2433 987 2492 maris
1011 2435 1141 2492 confinia
1164 2442 1259 2490 tractu
1284 2431 1468 2504 longissimo

311 2521 462 2578 limitatur.
500 2521 573 2576 llluc
592 2537 674 2593 ergo,
692 2529 814 2594 accepta
832 2538 850 2577 a
869 2520 1010 2578 fratribus
1028 2521 1156 2588 licentia,
1168 2520 1304 2580 veniens,
1316 2523 1467 2591 cognouit

264 2621 295 2673 ²5
311 2610 349 2665 ab
370 2608 484 2678 incolis,
504 2608 633 2665 insulam
661 2625 731 2664 esse
749 2608 871 2665 nomine
891 2609 1070 2680 Croulande,
1091 2611 1142 2666 vbi
1166 2608 1257 2682 aliqui
1276 2607 1468 2681 quandoque

309 2696 475 2754 inhabitare
488 2704 719 2769 temptauerant,
732 2697 787 2752 sed
800 2713 853 2754 eos
872 2707 1007 2754 monstra
1020 2695 1153 2756 heremi'
1164 2706 1194 2754 et
1213 2696 1342 2753 lamales
1361 2693 1467 2756 forme

309 2785 472 2841 demonum
485 2785 606 2841 territos
618 2783 797 2856 effugabant.
836 2784 957 2857 Scapha
975 2785 1136 2857 piscatoria
1153 2785 1183 2841 in
1203 2783 1331 2842 insulam
1343 2795 1469 2856 vectus»,

308 2880 420 2928 terram
442 2871 595 2928 horroris³
614 2880 645 2927 et
665 2881 750 2928 vaste
774 2871 942 2930 solitudinis
960 2874 1127 2948 ingreditur
1144 2872 1176 2930 in
1194 2873 1243 2930 die
1263 2871 1359 2928 sancti
1386 2871 1469 2932 Bar-

308 2959 452 3016 tholomei
482 2958 629 3032 apostoli:
661 2960 700 3016 de
731 2958 816 3016 cuius
846 2961 962 3018 meritis
986 2961 1159 3034 specialiter
1181 2960 1347 3027 confidens,
1373 2963 1467 3022 solus

264 3063 296 3111 30
309 3045 442 3104 habitare
462 3045 542 3119 cepit
561 3063 630 3102 cum
651 3047 770 3102 duobus
784 3045 952 3118 iuuenibus,
965 3065 1042 3121 quos
1055 3065 1158 3106 secum
1171 3047 1304 3104 adduxit.
1343 3045 1381 3102 Et
1396 3051 1468 3106 edi-

309 3134 396 3190 ficato
415 3134 532 3190 modico
550 3133 706 3206 tuguriolo,
720 3133 850 3206 pellibus
868 3135 966 3191 solum
982 3135 1083 3192 crudis
1100 3144 1130 3192 et
1151 3135 1277 3192 rudibus
1296 3151 1351 3206 pro
1369 3133 1468 3194 indu-

308 3221 418 3277 mentis
424 3221 570 3278 vtebatur.
602 3220 683 3278 Pane
696 3222 843 3278 ordeaceo
854 3230 885 3278 et
897 3239 974 3294 aqua
987 3223 1133 3280 lutulenta
1141 3224 1160 3289 ⁴,
1169 3231 1238 3296 post
1248 3221 1321 3278 solis
1331 3238 1466 3296 semper

308 3325 448 3364 occasum
457 3325 526 3364 cum
535 3307 668 3364 maxima
677 3307 883 3365 moderatione
892 3310 1091 3382 parsimonie⁸
1103 3311 1289 3368 vescebatur.
1310 3309 1466 3372 Inuidens

309 3395 399 3468 igitur
411 3396 535 3452 humani
553 3395 676 3467 generis
688 3395 827 3452 inimicus
841 3397 998 3454 humilitati
1011 3398 1065 3456 vin'
1084 3399 1142 3468 dei,
1155 3399 1231 3456 adeo
1243 3398 1467 3458 vehementem

264 3495 294 3546 35
309 3483 446 3556 spiritum
465 3483 668 3555 temptationis
687 3483 820 3553 immisit,
835 3493 868 3540 vt
888 3503 957 3543 eum
976 3485 1006 3542 in
1026 3485 1246 3559 desperationis
1269 3486 1389 3542 foueam
1411 3490 1469 3548 de-

307 3572 461 3640 uoluisset,
474 3570 532 3627 nisi
544 3570 644 3643 ipsum
657 3571 806 3640 dominus,
819 3589 874 3644 per
892 3571 970 3628 beati
990 3573 1192 3630 Bartholomei
1211 3575 1325 3642 merita,
1338 3571 1469 3634 miseri·

307 3660 407 3716 cordie
420 3659 506 3715 oculo
520 3658 714 3731 respexisset.
750 3659 863 3715 Animo
882 3659 981 3733 itaque
994 3669 1204 3718 consternatus
1216 3669 1246 3718 et
1259 3676 1351 3732 supra
1363 3675 1467 3731 quam

307 3748 389 3804 credi
407 3746 503 3819 possit
521 3747 666 3815 turbatus,
679 3747 782 3818 fugere
799 3755 829 3803 et
841 3748 996 3804 desertum
1011 3749 1152 3806 deserere
1166 3747 1355 3820 disponebat.
1394 3749 1467 3810 Sed

307 3835 413 3890 beatus
439 3834 593 3905 apostolus
618 3835 667 3890 dei
691 3833 920 3890 Bartholomeus
941 3835 1099 3892 visibiliter
1124 3835 1152 3892 ei
1172 3850 1334 3907 apparens,
1355 3833 1463 3898 dixit:

260 3940 293 3990 40
307 3922 508 3992 ‘confortare
526 3921 630 3994 inquit,
654 3922 705 3992 fili,
724 3930 754 3978 et
776 3931 841 3978 esto
860 3924 1019 3980 robustus:
1039 3940 1163 3980 manum
1184 3933 1267 3980 tuam
1287 3921 1397 3978 misisti
1422 3932 1468 3987 ad

306 4009 401 4080 fortia,
421 4027 482 4066 non
505 4010 592 4067 decet
615 4009 690 4066 tanti
715 4009 861 4082 propositi
884 4011 1088 4083 professorem
1113 4011 1230 4068 modico
1248 4008 1468 4082 temptationis

306 4096 425 4154 turbine
451 4097 594 4154 subuerti.
630 4096 762 4153 viriliter
782 4115 855 4170 ergo
878 4115 934 4171 age
961 4107 992 4156 et
1023 4097 1208 4156 confortetur
1231 4106 1398 4168 cortuum,
1428 4117 1467 4164 et

306 4183 421 4242 sustine
434 4183 595 4254 dominum,
605 4183 666 4258 qui,
675 4193 705 4242 et
717 4184 743 4240 si
756 4185 896 4258 temptari
909 4185 1069 4259 permittat,
1079 4186 1166 4243 faciet
1178 4185 1231 4244 tibi
1244 4201 1313 4242 cum
1325 4194 1469 4260 tempta.

337 4297 393 4348 ¹F.
406 4298 591 4349 inestimabilis.
689 4297 745 4350 ’ἱ
759 4299 859 4350 herimi.
957 4299 1014 4351 ³13.
1026 4300 1138 4352 hororia.
1244 4297 1302 4352 ⁴13.
1313 4297 1468 4360 luculenta,

304 4363 359 4414 ⁵13.
373 4364 538 4428 parcimonie.
