3008 4904
259 313 333 368 200
569 289 700 378 ababa
726 285 916 392 mmm
941 283 1093 392 dunila

257 507 318 548 non
331 489 481 560 comedas,
494 506 550 548 nec
562 487 692 562 amplius
704 487 842 562 cuiquam
856 487 968 546 homini
981 489 1147 562 dampnum
1160 485 1269 544 laciaa’
1302 483 1407 560 Lupus

257 577 406 634 mandatis
420 577 486 634 eius
502 577 656 646 obediens,
668 585 771 634 contra
787 585 923 633 naturam
942 575 1127 633 domesticus
1141 573 1244 645 laetus,
1258 574 1407 632 custodie·

258 665 309 722 bat
337 681 406 722 cum
431 665 584 738 diligentia
608 681 731 722 vaccam
756 664 832 720 sicut
857 672 978 736 pastor:
997 671 1029 720 et
1053 663 1104 719 illa
1127 663 1258 736 lingebat
1283 680 1353 720 eum
1378 671 1408 718 et

258 753 377 809 amabat
395 751 480 824 quasi
499 752 623 810 vitulum
641 768 739 810 suum.
776 751 825 808 Ex
843 749 892 806 illo
911 750 974 823 lupi
993 750 1158 824 propagati,
1176 767 1272 823 vsque
1291 749 1322 806 in
1342 766 1408 822 pre·

231 855 246 908 5
260 849 378 897 sentem
389 839 470 896 diem
484 856 540 911 per
551 840 609 896 tria
620 837 746 896 miliaria
758 838 885 896 ecclesie
897 855 1007 910 pecora
1019 837 1197 895 custodiunt.
1234 837 1315 894 Sunt
1328 839 1409 894 enim

260 927 394 986 minores
407 927 525 995 ceteris,
540 935 570 983 et
582 927 666 983 albas
684 925 714 982 in
732 925 880 983 frontibus
897 934 984 982 notas
999 925 1128 996 habent3
1147 925 1229 982 nulla
1245 925 1410 982 domestica

262 1015 409 1083 ledentes,
434 1013 488 1071 sed
514 1014 553 1072 dc
577 1011 767 1070 siluestribus
789 1013 900 1070 victum
921 1012 1114 1086 queritantes.
1189 999 1264 1070 Hiis
1289 1021 1321 1068 et
1345 1011 1411 1068 aliis

262 1101 413 1160 miraculis
431 1100 532 1174 Luget
548 1101 742 1168 confortatus,
755 1109 785 1157 et
799 1101 942 1157 sacerdos
960 1099 1093 1167 effectus,
1106 1101 1229 1156 tandem
1242 1099 1282 1156 ad
1295 1098 1412 1172 episco-

261 1197 364 1263 patum
389 1189 575 1258 sublimatus,
595 1188 705 1244 multos
724 1189 762 1244 ab
786 1187 962 1244 infidelitate
979 1204 1134 1244 reuocans
1153 1187 1184 1243 in
1203 1203 1277 1244 vera
1299 1187 1361 1244 fide
1382 1197 1412 1243 et

218 1295 249 1334 10
262 1275 375 1334 sanctis
400 1275 542 1348 operibus
566 1274 762 1334 confirmauit.
836 1262 919 1333 Cum
938 1283 1038 1332 autem
1057 1275 1189 1332 latrones
1211 1275 1287 1332 duas
1305 1292 1413 1332 vaccas

263 1372 368 1422 sancte
399 1361 525 1436 virginis
555 1363 708 1437 rapientes
738 1361 862 1418 fluuium
888 1363 1040 1436 quendam
1065 1361 1194 1418 transire
1218 1361 1342 1432 vellent,
1368 1363 1414 1418 in·

264 1459 412 1507 uenerunt
436 1466 529 1522 aquas
554 1449 594 1506 ita
619 1449 759 1519 semidae,
785 1458 817 1506 vt
842 1466 947 1507 eorum
972 1449 1098 1521 vestigia
1123 1449 1254 1506 calorem
1280 1447 1415 1506 fluminis

265 1537 348 1594 nullo
360 1539 450 1594 modo
463 1537 591 1594 tolerare
602 1545 736 1610 possent.
773 1535 939 1611 Stupelacti
957 1536 1047 1606 sures,
1065 1546 1134 1609 post
1151 1554 1279 1610 magnos
1293 1537 1414 1594 labores

268 1641 337 1681 cum
356 1641 391 1682 se
409 1641 427 1680 a
446 1626 627 1682 monasterio
646 1623 795 1697 elongari¹
814 1633 964 1696 putarent,
983 1623 1115 1680 diluculo
1137 1641 1232 1699 prope
1253 1623 1415 1680 ecclesiam

220 1709 391 1784 15‘virginis
416 1729 449 1768 se
473 1710 618 1782 videntes,
644 1714 682 1769 ad
706 1711 800 1785 pedes
825 1711 891 1768 eius
915 1711 1066 1784 prostrati,
1093 1711 1212 1785 culpam
1235 1711 1416 1768 confitentes

272 1798 391 1856 veniam
416 1799 592 1872 consequuti
622 1808 701 1856 sunt.
793 1786 891 1856 Erant
915 1807 1017 1855 autem
1047 1798 1078 1854 in
1104 1799 1288 1857 monasterio
1312 1808 1417 1854 sancte

272 1885 416 1960 virginis²
440 1897 560 1944 centum
584 1885 799 1960 quinquaginta
817 1885 950 1958 virgines
974 1895 1172 1959 congregate;
1193 1903 1302 1943 omues
1322 1903 1417 1959 opere

269 1991 412 2030 manuum
436 1973 547 2031 victum
571 1983 602 2032 et
621 1973 762 2032 vestitum
786 1973 861 2031 sibi⁸
881 1981 1052 2046 querentes,
1072 1971 1104 2029 in
1127 1990 1236 2046 magna
1257 1974 1418 2030 sanctitate

268 2061 360 2119 vitam
389 2079 474 2118 suam
499 2062 711 2134 transigebant
748 2060 842 2133 Virgo
872 2061 995 2117 tandem
1024 2069 1135 2129 sancta,
1164 2061 1328 2134 preficiens
1358 2061 1417 2117 illis

221 2167 253 2203 ao
272 2148 407 2206 Orbilam
420 2149 450 2205 in
464 2150 644 2206 abbatissam
660 2159 690 2207 et
707 2158 842 2220 matrem,
855 2149 893 2205 ad
906 2147 996 2204 alium
1013 2148 1111 2205 locum
1128 2148 1257 2205 transire
1273 2148 1418 2221 dispone·

270 2237 328 2294 bat.
365 2237 415 2292 Ad
431 2253 520 2309 quam
538 2236 588 2292 illa
604 2236 661 2294 ait:
682 2236 857 2306 ‘Quomodo
873 2253 997 2309 possum
1013 2235 1223 2308 obtemperare
1238 2236 1331 2292 iussis
1348 2237 1419 2305 tuis,

272 2341 291 2380 o
314 2323 443 2394 domina,
466 2341 534 2380 cum
559 2323 635 2380 sim*
655 2323 814 2382 iuuencula
837 2332 867 2380 et
892 2322 1015 2380 timeam
1039 2323 1108 2379 etati
1131 2341 1208 2394 mee,
1230 2341 1270 2380 ne
1291 2323 1319 2380 si
1340 2323 1419 2382 sorte

270 2412 383 2484 absque
401 2421 430 2468 te
446 2429 629 2482 remansero,
645 2411 772 2469 iuuenes
790 2419 915 2484 propter
929 2412 1069 2467 decorem
1088 2410 1222 2483 corporis
1237 2421 1268 2468 et
1281 2411 1419 2485 speciem

273 2499 447 2571 capillorum
465 2507 611 2556 conentur
630 2515 679 2556 me
697 2498 789 2555 furari
806 2499 865 2556 deo
877 2507 908 2554 et
920 2497 1094 2554 abstrahere
1106 2515 1124 2554 a
1135 2498 1289 2572 proposito
1308 2499 1420 2556 sancti-

223 2585 356 2653 astatis?
394 2585 486 2644 Parce
500 2586 574 2643 mihi
586 2585 715 2656 domina,
729 2603 829 2659 parce,
843 2584 918 2658 [et]⁵
936 2603 975 2642 ne
988 2585 1179 2658 derelinquas
1195 2590 1261 2643 me!
1299 2587 1353 2644 Cui
1367 2586 1419 2643 illa

273 2672 446 2746 respondite
479 2672 671 2731 ‘Consortare
696 2672 767 2743 filia,
794 2683 824 2730 et
850 2691 907 2746 age
932 2673 1065 2740 viriliter,
1088 2682 1119 2731 et
1150 2673 1291 2730 fiduciam
1322 2675 1418 2732 habe:

273 2760 415 2833 quoniam
433 2761 508 2818 deus
525 2761 675 2818 adiuuabit
694 2769 733 2818 te.
771 2759 809 2816 Et
827 2769 858 2817 vt
875 2777 1039 2833 cognoscas
1056 2761 1136 2833 quod
1153 2761 1219 2833 ipse
1236 2771 1266 2818 te
1283 2762 1421 2835 elegerit,

270 2857 301 2906 et
318 2847 409 2920 ,iuxta
434 2857 610 2922 preceptum
638 2847 703 2905 eius
730 2847 853 2905 fecerim
882 2846 983 2904 omnia
1010 2847 1074 2918 hec,
1099 2847 1158 2904 iarn
1185 2847 1301 2906 videbis
1330 2849 1360 2905 in
1389 2859 1421 2908 te

273 2935 417 2994 mirabilia
441 2935 522 2994 eius.³
558 2934 644 2994 Tunc
666 2952 825 2994 assumens
845 2953 953 2992 zonam
973 2934 1133 3008 propriam,
1153 2935 1361 2993 circumcinxit
1381 2938 1421 2996 de

224 3042 257 3093 30
272 3039 309 3080 ea
333 3023 476 3092 Orbilam,
498 3031 528 3080 et
553 3022 672 3096 signum
699 3023 795 3080 crucis
823 3039 916 3094 super
939 3022 1021 3079 illam
1043 3021 1156 3080 faciens
1184 3023 1348 3082 insufflanit
1374 3025 1420 3082 ei:

274 3110 434 3184 statimque
450 3111 559 3167 sactum
577 3119 623 3168 est
638 3119 726 3184 caput
743 3109 808 3167 eius
824 3111 925 3167 album
942 3111 1050 3166 decora
1068 3109 1189 3181 canicie,
1202 3120 1232 3168 et
1246 3111 1340 3168 iacies
1354 3113 1421 3169 eius

273 3207 385 3256 mutata
399 3199 429 3254 in
442 3199 498 3255 alia
513 3197 623 3272 effigie,
635 3197 720 3272 quasi
738 3207 820 3256 esset
838 3215 945 3254 seuere
964 3197 1050 3254 etatis
1069 3205 1100 3254 et
1116 3197 1295 3256 venerabilis
1314 3216 1421 3256 senec·

272 3285 354 3344 tutis.
392 3285 429 3342 Et
443 3285 516 3342 dixit
534 3286 571 3342 ad
587 3284 686 3343 illam:
707 3284 803 3342 ‘Ecce
822 3293 935 3340 mutato
953 3301 1078 3357 corpore
1097 3284 1261 3342 mutaberis
1280 3285 1371 3343 etiam
1391 3299 1422 3344 et

275 3372 407 3441 nomine,
425 3383 454 3430 et
466 3372 621 3430 vocaberis
640 3371 759 3430 Seruila
777 3389 833 3444 pro
847 3371 958 3441 Orbila,
970 3381 1002 3429 vt
1014 3389 1179 3445 cognoscas
1197 3373 1266 3446 quia
1278 3374 1422 3430 dominus

225 3483 258 3536 35
272 3477 334 3516 non
344 3469 373 3517 te
381 3461 419 3516 ad
427 3460 641 3517 dominandum
652 3459 810 3533 prefecerit
818 3459 838 3530 ⁸,
849 3461 903 3516 sed
913 3460 951 3516 ad
962 3459 1172 3516 seruiendum!
1191 3459 1306 3518 Videns
1318 3471 1420 3518 autem

274 3547 387 3617 Orbila,
395 3564 454 3619 que
467 3557 496 3604 et
509 3547 637 3618 seruile,
647 3547 725 3604 circa
738 3565 772 3604 se
784 3555 865 3604 tanta
878 3547 943 3604 fieri
955 3546 1119 3604 mirabilia:
1136 3547 1166 3603 in
1180 3547 1277 3621 aliquo
1287 3549 1422 3607 hesitare

274 3651 331 3692 nec
356 3636 560 3692 contradicere
584 3636 709 3703 audens,
730 3643 838 3692 cuncta
859 3634 916 3692 sibi
935 3637 1080 3707 imperata
1101 3636 1210 3692 deuote
1229 3635 1422 3709 suscipiens3

271 3722 529 3791 cunctisaffabilis,
540 3722 699 3795 [amabilis]
707 3721 725 3792 ⁷,
736 3721 897 3797 proficiens
905 3732 935 3779 et
945 3723 1023 3779 bona
1032 3723 1172 3795 exempla
1183 3724 1423 3793 ostendensvs·

272 3828 331 3884 que
343 3811 381 3867 ad
394 3810 526 3867 vltimam
540 3818 725 3868 senectutem
739 3809 898 3868 virtutibus
910 3818 1014 3866 ornata
1032 3809 1197 3868 iniunctum
1213 3810 1270 3868 sibi
1287 3811 1422 3870 officium

225 3919 259 3969 40
272 3899 381 3955 deuote
393 3897 620 3954 consummauit.
675 3885 855 3972 Assumptis
868 3905 968 3954 autem
981 3897 1178 3971 quadraginta
1191 3897 1325 3970 [nouem]
1337 3900 1349 3931 ⁸
1359 3901 1423 3957 vir·

273 3985 401 4060 ginibus,
414 3985 445 4042 in
465 3995 567 4044 monte
584 3985 714 4058 quodam
733 3984 890 4042 cenobium
908 3985 1082 4054 construxit,
1094 3994 1124 4042 et
1136 4002 1154 4041 a
1165 3985 1259 4056 cellis,
1271 4003 1332 4059 quc
1351 4004 1424 4044 con-

305 4199 362 4252 ¹E.
376 4200 505 4264 elongare.
588 4199 763 4264 'Erit-ginis
774 4207 871 4250 sancte.
955 4200 1117 4252 ''l'.victum
1129 4201 1287 4264 sibietv.q.
1366 4202 1424 4256 *Ε

273 4283 399 4386 mbas.
455 4265 573 4386 ’θεῖά
583 4281 633 4316 orn.
646 4268 672 4316 in
685 4266 715 4316 E.
831 4265 888 4316 ⁸E.
900 4267 1052 4330 prefecerat.
1176 4265 1376 4328 'T.amabilis;
1395 4269 1425 4323 E.
