3008 4904
277 298 347 388 184
584 294 716 384 mota
740 291 931 396 bonatus
955 291 1108 396 annu.

273 506 416 569 argentea
434 493 519 569 quasi
544 495 676 554 reflexus
696 513 823 554 carneos
842 496 952 552 habere
961 496 979 566 ¹,
1000 506 1030 554 et
1054 513 1177 554 manum
1202 496 1378 553 extendere
1403 509 1433 552 et

273 583 429 641 recludere
446 584 534 656 cepit,
546 586 631 656 quasi
648 583 779 640 musam
795 583 923 653 ossibus,
936 583 1048 654 neruis,
1060 585 1155 651 venis,
1171 587 1320 658 sanguine
1338 595 1433 656 atque

273 669 361 743 pelle.
435 659 578 746 Quadam
599 671 664 728 vice
684 687 761 744 puer
781 681 902 728 sanctus
921 679 1044 743 accepta
1068 669 1180 744 petra¹,
1199 680 1230 728 et
1252 671 1434 744 proliciens,

273 757 359 831 quasi
372 757 468 816 stadio
480 758 602 816 dimidio
613 775 681 816 eam
694 757 834 816 auolare¹
846 757 915 814 iecit
927 777 933 814 :
952 775 1012 830 que
1025 776 1117 830 supra
1127 757 1289 831 [petram]¹
1301 758 1433 815 durissi-

244 856 354 906 smam
373 845 458 919 quasi
477 863 569 920 super
587 861 687 902 ceram
707 845 846 902 mollem¹
863 845 975 902 infixa¹
993 856 1049 902 est
1085 846 1222 919 Cumque
1239 846 1375 902 veniens
1395 847 1433 902 ad

273 933 372 990 locum
396 933 478 990 illam
502 934 541 990 de
565 933 726 990 durissimo
750 931 852 990 silice¹
876 932 1066 1002 extraxisset,
1091 951 1215 1006 egresse
1245 941 1317 990 suut
1351 951 1434 1006 aque

274 1020 452 1093 largissime,
465 1030 496 1078 et
507 1037 604 1094 usque
619 1020 651 1077 in
669 1021 847 1078 hodiernum
860 1020 940 1077 diem
953 1019 1022 1077 sons
1033 1021 1121 1078 viuus
1137 1022 1234 1078 aloco
1247 1021 1297 1077 illo
1309 1021 1433 1078 ebulire

274 1107 358 1164 visus
370 1117 425 1165 est.
478 1094 562 1167 Cum
574 1116 675 1166 autem
688 1117 812 1180 patruus
825 1107 890 1164 eius
903 1107 1039 1165 nutritori
1051 1125 1107 1164 suo
1116 1108 1286 1166 Cerialtano
1298 1126 1434 1165 munera

274 1195 368 1252 multa
389 1205 418 1253 et
440 1195 659 1269 possessiones,
681 1195 707 1252 si
732 1196 908 1268 alumpnum
933 1212 1021 1252 suum
1046 1197 1203 1266 occideret,
1224 1195 1433 1268 promisisset,

230 1303 260 1340 ιο
274 1282 351 1340 sacto
373 1283 536 1358 iniquitatis
557 1283 746 1352 commercio,
764 1291 796 1340 vt
817 1281 1003 1340 Cerialtsnus
1024 1291 1112 1356 caput
1133 1283 1303 1340 innocentis
1327 1284 1433 1340 absci-

273 1372 358 1428 deret
369 1371 387 1441 ¹,
406 1380 436 1428 et
455 1371 604 1428 abscisum
626 1371 755 1428 Riuoldo
774 1370 915 1440 deferret,
933 1379 963 1426 et
982 1372 1154 1428 mercedem
1173 1371 1357 1443 promissam
1383 1389 1432 1427 re-

274 1458 404 1532 ciperet.
418 1499 425 1514 .
437 1501 445 1516 .
457 1459 609 1516 Decollato
629 1458 728 1532 itaque
746 1475 848 1530 puero,
862 1458 942 1514 filius
958 1457 1117 1516 Cerialtani
1135 1459 1322 1516 assentiente
1338 1471 1432 1532 patre

273 1556 362 1618 caput
379 1546 509 1603 martiris
522 1545 662 1604 deserens
675 1563 731 1618 per
742 1563 862 1602 murum
875 1545 974 1616 castri,
986 1545 1066 1604 iusto
1077 1546 1173 1602 iudice
1185 1547 1244 1604 deo
1260 1558 1431 1613 annuente,

274 1634 312 1690 de
338 1650 424 1689 muro
449 1633 554 1691 cecidit
578 1642 608 1690 et
633 1632 734 1690 fractis
761 1632 927 1690 ceruicibus
958 1633 1114 1706 expirauit.
1159 1634 1296 1690 Veniens
1324 1645 1429 1691 autem

231 1739 259 1789 ¹⁵
276 1721 374 1777 nutrix
394 1721 523 1778 martiris
542 1721 579 1777 ad
598 1721 720 1777 domum
739 1721 769 1776 in
789 1738 848 1794 qua
866 1738 976 1793 corpus
994 1721 1117 1790 iacebat,
1134 1731 1164 1778 et
1182 1722 1308 1794 angelos
1326 1723 1379 1779 dei
1399 1732 1430 1778 et
1490 1743 1491 1786 l

276 1809 414 1866 lucernas
435 1809 537 1865 diuino
558 1809 719 1882 splendore
741 1809 876 1865 lucentes
896 1809 977 1866 vidit.
1013 1808 1201 1866 Cerialtanus
1222 1811 1315 1866 vero¹
1335 1821 1429 1884 caput

276 1913 436 1953 assumens
457 1905 486 1952 et
506 1895 633 1968 fugiens,
655 1913 721 1952 cum
747 1914 802 1968 pre
827 1896 918 1952 nimia
940 1895 989 1953 siti
1009 1913 1089 1970 pene
1109 1896 1261 1966 deficeret,
1281 1897 1341 1954 sibi
1366 1899 1428 1971 ipsi
1490 1903 1491 1954 ¹

274 1985 400 2056 loquens
415 1983 505 2041 dixit:
527 1982 588 2040 ‘Ve
602 1983 674 2040 mihi
691 1984 824 2040 omnium
839 1983 994 2040 hominum
1011 1983 1188 2052 miserrimo,
1201 1994 1232 2042 et
1246 1986 1331 2042 omni
1346 2003 1429 2059 pena

274 2081 304 2129 et
322 2071 454 2129 cruciatu
471 2071 570 2144 digno,
583 2071 654 2144 quid
673 2070 787 2141 faciam,
805 2071 875 2144 quia
893 2071 957 2128 sitis
976 2071 1111 2128 ariditate
1130 2072 1264 2142 afflictus,
1277 2073 1428 2130 deficiens

230 2189 261 2224 20
274 2159 419 2216 moriort’
458 2158 595 2232 Cumque
614 2159 669 2214 hec
689 2157 860 2215 multotiens
880 2159 1046 2232 replicaret,
1065 2169 1153 2232 caput
1174 2159 1261 2233 pueri
1280 2161 1312 2216 in
1332 2164 1427 2218 verba
1490 2187 1491 2206 κ

276 2248 407 2304 humana
427 2263 629 2320 prorumpens
653 2245 704 2302 tali
724 2264 799 2303 voce
823 2265 893 2302 curn
918 2247 1042 2305 affatur:
1069 2247 1262 2316 ‘Cerialtane,
1283 2250 1426 2305 baculum
1490 2277 1491 2290 ι

275 2352 366 2408 quem
381 2352 473 2392 manu
485 2343 586 2406 gestas
603 2333 758 2390 interram
775 2333 903 2408 impiger
916 2335 984 2407 lige,
997 2344 1027 2391 et
1044 2333 1157 2392 sontem
1174 2352 1252 2408 aque
1269 2337 1369 2393 subito
1387 2339 1426 2394 de
1490 2333 1491 2354 ³

273 2432 355 2480 terra
367 2421 438 2478 oriri
449 2421 582 2479 videbis:
602 2439 640 2478 ex
654 2439 713 2494 quo
726 2421 846 2496 copiose
859 2421 989 2479 resectus
1000 2422 1163 2479 imminens
1176 2422 1242 2480 sitis
1254 2424 1425 2496 periculum

274 2512 402 2567 euades.¹
439 2510 515 2566 Cum
538 2518 637 2566 autern
656 2509 795 2566 baculum
815 2509 845 2565 in
864 2518 976 2567 terram
996 2509 1120 2579 fixisset,
1139 2509 1169 2566 in
1188 2511 1425 2584 pulcherrimam

231 2615 260 2668 ²5
273 2599 412 2654 arborem
424 2613 531 2654 versus
544 2596 684 2654 radicitus
697 2605 776 2654 terre
793 2597 917 2668 adhesit,
931 2615 1032 2654 ramos
1046 2607 1075 2655 et
1088 2597 1157 2654 solia
1175 2599 1326 2672 produxit,
1341 2609 1371 2657 et
1387 2603 1425 2656 de

274 2685 374 2742 radice
393 2684 458 2742 eius
476 2683 543 2741 fons
563 2683 738 2741 indeficiens
760 2701 903 2741 emanare
921 2685 1008 2758 cepit,
1027 2693 1057 2741 et
1077 2684 1263 2742 cerialtanus
1283 2697 1356 2760 potu
1378 2705 1426 2744 re-

276 2785 403 2842 creatus,
422 2781 512 2846 caput
533 2771 570 2828 ad
591 2771 753 2828 Riuoldum
774 2772 886 2829 detulit
924 2772 983 2843 Qui
1005 2789 1073 2828 cum
1091 2773 1200 2845 gaudio
1218 2791 1329 2848 magno
1350 2776 1423 2832 illud
1490 2801 1491 2836 ¹

276 2859 435 2935 recipiens,
452 2859 544 2916 dixit:
565 2858 681 2932 ‘Surge
699 2869 729 2915 et
747 2860 858 2917 montis
875 2860 1019 2917 verticem
1037 2861 1177 2930 ascende,
1195 2870 1225 2917 et
1243 2879 1425 2936 quecunque

276 2947 441 3005 adiacentia
462 2946 565 3003 videre
587 2946 709 3020 poteris,
730 2946 828 3004 libens
852 2947 1036 3021 possidenda
1060 2948 1137 3004 dabo
1162 2948 1232 3004 tibi.¹
1270 2949 1326 3006 llle
1351 2968 1423 3007 vero
1490 3003 1491 3010 ,

229 3056 261 3106 30
275 3045 408 3094 montem
440 3034 616 3106 ascendens,
640 3043 671 3090 et
695 3033 926 3109 circumquaque
950 3053 984 3092 se
1007 3034 1110 3092 videre
1135 3037 1271 3105 credens,
1296 3047 1424 3112 utroque

274 3123 387 3180 lumine
406 3123 528 3178 orbatus
546 3131 601 3192 est,
614 3131 644 3178 et
663 3121 761 3179 subita
776 3131 871 3178 morte
890 3131 1054 3195 prouentus
1072 3123 1191 3193 interiit,
1204 3133 1234 3180 et
1248 3125 1424 3198 ‘liquefacta

273 3221 320 3268 est
333 3228 402 3267 caro
415 3209 480 3266 eius
491 3208 566 3266 sicut
576 3226 645 3266 cera
655 3227 672 3265 a
682 3209 756 3266 sacis
768 3211 862 3283 ignis.¹
919 3197 1051 3284 Sepuito
1064 3219 1165 3268 autem
1177 3229 1306 3284 corpore
1319 3225 1423 3270 saneto

273 3299 304 3354 in
324 3298 388 3354 loco
408 3297 530 3354 martini
550 3297 605 3368 sui,
624 3296 673 3353 die
692 3297 829 3370 sequenti
850 3314 942 3371 supra
963 3306 1044 3354 terre
1063 3297 1168 3354 faciem
1188 3297 1348 3357 inuentum
1370 3313 1423 3358 est

274 3385 410 3457 Cumque
427 3385 544 3458 sepulto
561 3384 591 3440 in
608 3383 681 3441 locis
698 3384 794 3441 tribus
806 3384 896 3441 variis
909 3402 1035 3460 corpore
1047 3385 1127 3442 idem
1140 3403 1228 3442 casus
1245 3387 1422 3458 accidisset;

228 3493 260 3545 35
274 3471 346 3529 inito
359 3471 491 3541 consilio,
505 3488 597 3545 super
608 3472 774 3546 plaustrum
788 3473 845 3529 sub
857 3491 916 3546 quo
929 3475 988 3530 duo
1000 3473 1077 3530 tauri
1090 3473 1225 3531 indomiti
1239 3476 1330 3548 positi
1344 3487 1423 3547 sunt,

273 3577 383 3646 corpus
397 3569 534 3618 sanctum
547 3559 714 3634 imponunt,
726 3568 756 3617 et
768 3560 966 3634 vbicunque¹⁰
978 3560 1072 3618 virtus
1089 3561 1191 3618 diuina
1207 3580 1277 3619 eum
1293 3564 1422 3640 dirigere

273 3649 362 3706 vellet
385 3649 499 3722 absque
523 3649 645 3704 ductore
671 3647 857 3706 dimiserunt.
905 3647 943 3705 Et
964 3666 1034 3706 ecce
1055 3649 1132 3706 tauri
1152 3651 1302 3707 mansueti
1324 3653 1423 3710 subito

273 3736 380 3806 effecti,
398 3753 494 3809 vsque
513 3736 551 3792 ad
571 3736 721 3810 quendam
742 3736 840 3792 locum
862 3753 971 3809 corpus
992 3737 1146 3794 trahentes
1168 3737 1376 3808 substiterunt,
1395 3753 1423 3798 et

273 3843 342 3884 cum
359 3825 447 3882 turbe
464 3823 636 3898 displiceret
648 3832 679 3880 vt
698 3823 738 3879 ibi
746 3823 765 3856 ¹¹
780 3824 958 3898 quiesceret,
971 3841 1087 3894 manus,
1101 3824 1265 3882 brachiaet
1278 3827 1424 3885 humeros

227 3934 261 3985 40
273 3915 347 3972 rotis
358 3923 391 3971 vt
408 3931 460 3970 eas
472 3914 629 3969 voluerent
638 3912 659 3946 ¹¹
670 3921 885 3986 supponentes,
898 3912 937 3968 ita
950 3913 1045 3968 lixum
1062 3911 1203 3970 diuinitus
1221 3923 1252 3969 et
1271 3913 1424 3975 immobile

273 4004 439 4078 plaustrum
452 4001 600 4070 viderunt,
612 4009 644 4058 vt
663 4001 744 4057 nulla
760 4009 833 4071 arte,
846 3999 928 4058 nullo
942 3999 1072 4074 ingenio,
1084 4000 1167 4057 nulla
1182 4017 1309 4074 prorsus
1327 4003 1424 4062 homi·

305 4221 524 4272 ¹Boil.haberet
602 4219 657 4269 ¹T.
669 4219 786 4283 petraria.
865 4219 920 4271 ¹T.
937 4219 966 4268 E.
979 4219 1108 4269 aduolare.
1191 4218 1246 4270 ¹T.
1261 4228 1378 4283 peti-am
1396 4222 1423 4272 f.

273 4298 375 4338 terram.
451 4286 619 4338 ⁸T.molem.
696 4286 752 4337 ‘E
766 4286 837 4336 inira
914 4283 971 4336 7Τ.
983 4285 1012 4334 E.
1024 4285 1106 4335 cilice.
1182 4282 1238 4335 ¹E.
1250 4287 1423 4340 abscinderet
1490 4333 1491 4336 ,

272 4355 329 4405 ¹1¹2.
343 4369 412 4406 vere.
480 4353 498 4383 ¹¹
515 4352 754 4416 Bollquocunque.
820 4352 838 4382 ¹¹
856 4351 885 4402 T.
896 4351 947 4402 ubi.
1013 4351 1032 4382 ¹¹
1050 4351 1078 4401 E.
1089 4351 1233 4402 voluerant.
