3044 4894
154 1422 158 1428 .
196 1337 390 1421 NOVA
430 1338 760 1424 LEGENDA
799 1341 1073 1426 ANGLIE.

557 1601 713 1629 ι--ἡρ-ι

304 1779 398 1854 ἹῘΒΕ
416 1809 531 1850 snucro
551 1778 728 1852 Guruuaco
747 1807 938 1849 courrssons
947 1790 966 1849 ¹.

74 1952 225 2080 Diebus
240 1963 340 2012 autem
358 1957 439 2029 regis
457 1954 639 2012 Merciorum
653 1953 808 2012 Ethelredi
824 1955 932 2012 nobilis
946 1953 1067 2028 quidam
1088 1954 1211 2011 nomine

204 2041 392 2114 PenwalduS,
405 2061 444 2100 ex
467 2043 560 2118 regali
575 2042 720 2116 progenie
741 2051 834 2113 ortus,
847 2060 887 2100 ex
905 2061 1000 2100 vxore
1016 2059 1070 2099 sua
1090 2041 1211 2099 nomine

67 2125 177 2185 Tecta¹
193 2139 331 2188 sanctum
345 2131 533 2199 Guthlacum,
546 2148 669 2188 seruum
688 2129 736 2186 dei
747 2129 766 2200 ³,
779 2130 949 2203 progenuit.
987 2129 1031 2186 Ea
1043 2129 1125 2187 enim
1139 2131 1212 2186 hora

67 2232 124 2288 qua
141 2236 211 2274 eum
225 2219 366 2276 dominus
378 2218 495 2276 vocauit
513 2228 543 2276 et
563 2219 734 2292 segregauit
753 2219 791 2274 de
803 2226 890 2275 vtero
909 2219 1014 2274 matris
1033 2235 1095 2286 sue,
1109 2217 1213 2274 celesti

67 2306 237 2374 pronostico
254 2306 428 2379 designatus
441 2315 507 2363 est:
528 2306 637 2363 Manus
650 2305 731 2363 enim
749 2305 835 2379 quasi
849 2305 989 2374 hominis,
1000 2305 1084 2360 rubri
1098 2304 1213 2375 nitoris,
1228 2319 1243 2370 5

67 2391 167 2450 celitus
180 2393 275 2450 missa
285 2401 314 2450 et
324 2396 361 2450 ad
371 2393 480 2451 ostium
490 2394 598 2451 domus
608 2403 744 2462 extensa,
757 2393 900 2450 ineflabili
908 2393 1023 2466 fulgore
1031 2394 1212 2450 choruscare

66 2477 128 2535 visa
146 2490 211 2539 est:
238 2499 297 2554 que
318 2481 471 2554 signaculo
490 2481 586 2538 crucis
603 2480 735 2538 hostium
754 2481 903 2551 muniens,
921 2481 999 2537 felici
1018 2480 1213 2553 prefigurauit

67 2567 197 2639 auspicio
207 2569 289 2642 quod
298 2568 347 2625 ille
357 2570 393 2625 ad
405 2579 502 2626 ortum
510 2569 688 2642 procederet
696 2569 706 2600 ⁴
715 2568 766 2641 qui
775 2568 856 2625 finali
864 2569 1092 2642 perseuerantia
1103 2568 1214 2625 Christi

68 2669 183 2711 crucem
196 2657 227 2712 in
242 2673 298 2713 suo
311 2673 436 2730 corpore
452 2655 663 2714 circumferret.
702 2655 869 2714 Hominum
889 2656 1038 2729 siquidem
1056 2655 1214 2712 multitudo

67 2740 198 2800 miraculi
218 2743 352 2802 nouitate
370 2743 536 2816 stupefacta
558 2760 728 2812 accurrens
741 2751 802 2800 tam
820 2743 951 2800 inaudite
970 2743 1096 2801 visionis
1114 2744 1262 2816 prodi-10

67 2828 155 2898 gium,
168 2848 312 2904 magnum
325 2831 426 2889 diuine
435 2830 667 2904 dispensationis
680 2830 745 2888 sore
755 2831 924 2888 misterium
935 2832 1097 2888 asserebat.
1124 2831 1214 2887 Cum-

67 2933 123 2989 que
154 2927 280 2992 stupore
311 2937 421 2993 magno
449 2920 614 2976 secundum
639 2918 740 2975 varios
771 2918 863 2975 animi
894 2927 995 2976 motus
1023 2918 1215 2991 opinionibus

68 3005 213 3078 ambiguis
228 3007 417 3076 fluctuarent,
435 3024 495 3063 vna
513 3005 707 3064 obstetricum
727 3007 764 3064 de
783 3007 872 3062 domo
891 3007 1051 3080 egrediens
1071 3005 1215 3062 infantem

67 3089 124 3148 iam
144 3103 249 3151 natum
269 3094 440 3167 proclamat.
480 3095 557 3151 Nato
579 3093 677 3167 itaque
696 3111 799 3167 puero,
819 3103 849 3151 et
871 3094 1030 3167 baptizato,
1050 3093 1214 3150 Guthlacus

66 3183 305 3256 vocatur-quod
336 3190 423 3238 sonat
451 3182 538 3239 ‘belli
567 3183 697 3238 donum’
723 3181 789 3238 siue
819 3181 949 3238 ‘bonum
977 3182 1110 3237 donum’
1135 3183 1217 3238 iuxta
1233 3201 1263 3251 15

67 3267 206 3339 ydioma⁶
224 3269 406 3343 Anglorum.
447 3269 476 3325 A
494 3270 552 3327 deo
569 3270 696 3326 donatus
718 3279 765 3326 est
783 3270 959 3342 parentibus
978 3271 1043 3325 suis
1061 3277 1093 3326 vt
1113 3281 1217 3325 contra

67 3371 243 3426 opressores
263 3375 369 3414 eorum
391 3357 469 3413 bella
488 3367 607 3430 gereret
628 3375 662 3414 ac
681 3358 719 3415 de
738 3357 855 3413 illorum
871 3356 996 3413 victoria
1019 3356 1217 3428 triumphales

68 3443 167 3500 titulos
184 3453 372 3518 reportaret;
396 3445 445 3502 vel
462 3445 532 3517 quia
555 3445 637 3502 iuxta
656 3446 773 3502 ‘datum
794 3444 940 3517 optimum
959 3445 1132 3517 donumque
1150 3461 1217 3517 per·

68 3528 174 3588 sectum
197 3533 390 3590 descendens
414 3549 432 3589 a
455 3541 542 3605 patre
566 3533 730 3603 luminum,³
749 3541 853 3589 contra
874 3531 1044 3604 spirituales
1068 3532 1218 3605 nequitias

67 3615 143 3674 bella
160 3619 256 3693 gessit
277 3627 308 3678 et
327 3619 444 3676 sortiter
464 3637 517 3677 eos
535 3619 614 3677 vicit.
652 3620 724 3677 Erat
745 3620 827 3677 enim
846 3636 923 3693 puer
937 3619 1012 3677 sacie
1032 3636 1168 3691 serenuS,
1188 3629 1217 3678 et
1234 3638 1265 3674 ao

68 3707 204 3764 omnibus
217 3716 323 3781 gratus
336 3715 366 3764 et
378 3715 537 3780 acceptus;
555 3717 588 3765 vt
598 3709 689 3764 corda
703 3708 858 3765 hominum
869 3708 933 3765 solo
945 3717 1068 3780 aspectu
1081 3708 1139 3765 sibi
1147 3727 1218 3764 con-

67 3793 178 3850 ciliaret
202 3795 234 3851 in
260 3793 388 3868 gratiam
413 3805 443 3852 et
468 3795 612 3852 fauorem.
657 3796 734 3852 Cum
759 3796 840 3854 enim
862 3796 1039 3853 vicesimum
1060 3795 1219 3869 quartum⁶

68 3897 176 3939 annum
190 3883 349 3956 attigisset,
362 3891 392 3938 et
404 3881 451 3939 sui
463 3883 584 3956 generis
602 3883 739 3940 inimicos
752 3883 916 3940 inualuisse
929 3885 1126 3957 conspiceret,
1141 3883 1219 3956 cepit

68 3969 103 4023 ad
134 3970 282 4026 militares
314 3979 397 4026 actus
427 3979 577 4028 estuare:
609 3973 827 4045 decoratusque
858 3971 998 4044 cingulo⁷
1030 3971 1158 4038 militari,
1188 3981 1219 4028 et

67 4055 214 4114 adiunctis
235 4057 295 4114 sibi
314 4057 409 4130 copiis
428 4058 613 4126 militaribus
627 4061 705 4132 cepit
718 4061 748 4116 in
763 4059 888 4117 hostiles
906 4059 1035 4132 populos
1048 4058 1220 4115 immaniter
1234 4078 1264 4129 ²⁵

68 4143 214 4215 deseuire‚
224 4147 320 4202 vrbes
333 4145 519 4219 impugnare,
532 4147 656 4204 castella
671 4148 857 4215 subuertere,
871 4165 904 4203 ac
921 4147 959 4204 de
977 4145 1091 4204 bellicis
1104 4146 1219 4204 actibus

99 4265 107 4294 ¹
125 4267 170 4319 Ed.
184 4270 211 4318 in
225 4269 327 4319 Sunius.
362 4269 425 4318 This
439 4269 499 4318 Vita
515 4270 537 4318 is
554 4286 587 4319 an
604 4271 647 4319 old
665 4271 719 4319 sree
734 4277 834 4319 extract
849 4270 914 4318 lrom
929 4271 972 4318 the
983 4269 1042 4318 Vita
1057 4270 1093 4331 by
1105 4269 1178 4318 Felix
1194 4271 1219 4319 in

69 4331 99 4380 h
111 4333 157 4383 SS.
171 4335 239 4400 Boii.
251 4335 316 4397 Apr.
328 4333 361 4387 11.
370 4351 394 4397 p.
404 4337 436 4396 38
449 4335 585 4398 (Mabillon
598 4336 645 4385 111.
655 4338 723 4400 257).
784 4335 794 4364 ¹
810 4335 839 4386 T.
849 4343 929 4386 tecca.
987 4335 997 4366 ⁸
1013 4335 1043 4384 T.
1054 4337 1095 4384 dei
1108 4351 1218 4386 seruum.

70 4397 122 4446 ‘E.
136 4402 299 4462 precederet
365 4400 544 4464 ⁵E.ydiama.
611 4401 755 4464 ⁶quartum
767 4417 815 4452 om.
828 4403 854 4451 in
866 4402 895 4454 T.
963 4399 1020 4451 'a
1034 4403 1143 4464 singulo.

103 4497 168 4538 VOL.
178 4499 209 4540 11.
639 4500 658 4540 B
