<?xml version="1.0" encoding="UTF-8"?>
<!DOCTYPE html PUBLIC "-//W3C//DTD XHTML 1.0 Transitional//EN"
    "http://www.w3.org/TR/xhtml1/DTD/xhtml1-transitional.dtd">
<html xmlns="http://www.w3.org/1999/xhtml" xml:lang="en" lang="en">
 <head>
  <title>
</title>
<meta http-equiv="Content-Type" content="text/html;charset=utf-8" />
  <meta name='ocr-system' content='tesseract 3.04.00' />
  <meta name='ocr-capabilities' content='ocr_page ocr_carea ocr_par ocr_line ocrx_word'/>
</head>
<body>
  <div class='ocr_page' id='page_1' title='image "./novalegendaangl00wordgoog/novalegendaangl00wordgoog_0585.png"; bbox 0 0 3062 4888; ppageno 0'>
   <div class='ocr_carea' id='block_1_1' title="bbox 286 253 1002 357">
    <p class='ocr_par' dir='ltr' id='par_1_1' title="bbox 286 253 1002 357">
     <span class='ocr_line' id='line_1_1' title="bbox 286 253 1002 357; baseline 0.008 -6"><span class='ocrx_word' id='word_1_1' title='bbox 286 261 359 351; x_wconf 78' lang='lat'>576</span> <span class='ocrx_word' id='word_1_2' title='bbox 720 253 922 357; x_wconf 63' lang='lat' dir='ltr'>monuit</span> <span class='ocrx_word' id='word_1_3' title='bbox 950 254 1002 330; x_wconf 88' lang='lat'>11.</span> 
     </span>
    </p>
   </div>
   <div class='ocr_carea' id='block_1_2' title="bbox 239 455 1441 4251">
    <p class='ocr_par' dir='ltr' id='par_1_2' title="bbox 239 455 1441 4251">
     <span class='ocr_line' id='line_1_2' title="bbox 283 455 1438 530; baseline 0 -17"><span class='ocrx_word' id='word_1_4' title='bbox 283 473 377 526; x_wconf 87' lang='lat' dir='ltr'>regem</span> <span class='ocrx_word' id='word_1_5' title='bbox 389 457 516 524; x_wconf 81' lang='lat' dir='ltr'>saxonie,</span> <span class='ocrx_word' id='word_1_6' title='bbox 524 455 602 514; x_wconf 89' lang='lat' dir='ltr'>cuius</span> <span class='ocrx_word' id='word_1_7' title='bbox 616 457 668 513; x_wconf 78' lang='lat' dir='ltr'>sibi</span> <span class='ocrx_word' id='word_1_8' title='bbox 680 458 797 528; x_wconf 75' lang='lat' dir='ltr'>penitile</span> <span class='ocrx_word' id='word_1_9' title='bbox 805 457 941 514; x_wconf 88' lang='lat' dir='ltr'>didicerat</span> <span class='ocrx_word' id='word_1_10' title='bbox 953 458 1013 514; x_wconf 85' lang='lat' dir='ltr'>fore</span> <span class='ocrx_word' id='word_1_11' title='bbox 1021 457 1169 514; x_wconf 87' lang='lat' dir='ltr'>consilium</span> <span class='ocrx_word' id='word_1_12' title='bbox 1181 458 1219 515; x_wconf 90' lang='lat' dir='ltr'>ad</span> <span class='ocrx_word' id='word_1_13' title='bbox 1231 459 1438 530; x_wconf 86' lang='lat' dir='ltr'>perficiendum</span> 
     </span>
     <span class='ocr_line' id='line_1_3' title="bbox 283 539 1439 613; baseline 0.003 -18"><span class='ocrx_word' id='word_1_14' title='bbox 283 539 351 595; x_wconf 92' lang='lat' dir='ltr'>illud</span> <span class='ocrx_word' id='word_1_15' title='bbox 364 541 416 596; x_wconf 88' lang='lat' dir='ltr'>iter</span> <span class='ocrx_word' id='word_1_16' title='bbox 427 551 486 595; x_wconf 88' lang='lat' dir='ltr'>tarn</span> <span class='ocrx_word' id='word_1_17' title='bbox 498 543 625 596; x_wconf 80' lang='lat' dir='ltr'>ardumu.</span> <span class='ocrx_word' id='word_1_18' title='bbox 661 543 707 596; x_wconf 89' lang='lat' dir='ltr'>Ad</span> <span class='ocrx_word' id='word_1_19' title='bbox 724 557 807 613; x_wconf 87' lang='lat' dir='ltr'>quem</span> <span class='ocrx_word' id='word_1_20' title='bbox 824 541 997 612; x_wconf 84' lang='lat' dir='ltr'>pemeniens,</span> <span class='ocrx_word' id='word_1_21' title='bbox 1010 543 1117 596; x_wconf 86' lang='lat' dir='ltr'><strong>honore</strong></span> <span class='ocrx_word' id='word_1_22' title='bbox 1133 541 1210 611; x_wconf 89' lang='lat' dir='ltr'>regio</span> <span class='ocrx_word' id='word_1_23' title='bbox 1223 554 1375 612; x_wconf 89' lang='lat' dir='ltr'>susceptus</span> <span class='ocrx_word' id='word_1_24' title='bbox 1387 553 1439 608; x_wconf 80' lang='lat' dir='ltr'>est,</span> 
     </span>
     <span class='ocr_line' id='line_1_4' title="bbox 283 623 1440 694; baseline 0.002 -17"><span class='ocrx_word' id='word_1_25' title='bbox 283 633 311 678; x_wconf 91' lang='lat' dir='ltr'>et</span> <span class='ocrx_word' id='word_1_26' title='bbox 322 639 341 676; x_wconf 91' lang='lat' dir='ltr'>a</span> <span class='ocrx_word' id='word_1_27' title='bbox 353 623 430 692; x_wconf 88' lang='lat' dir='ltr'>regni</span> <span class='ocrx_word' id='word_1_28' title='bbox 443 623 607 693; x_wconf 89' lang='lat' dir='ltr'>primatibus</span> <span class='ocrx_word' id='word_1_29' title='bbox 620 623 770 694; x_wconf 87' lang='lat' dir='ltr'>plurimum</span> <span class='ocrx_word' id='word_1_30' title='bbox 783 623 883 678; x_wconf 89' lang='lat' dir='ltr'>honori</span> <span class='ocrx_word' id='word_1_31' title='bbox 896 625 1008 680; x_wconf 88' lang='lat' dir='ltr'>babitus</span> <span class='ocrx_word' id='word_1_32' title='bbox 1016 635 1114 694; x_wconf 89' lang='lat' dir='ltr'>vtpote</span> <span class='ocrx_word' id='word_1_33' title='bbox 1126 643 1174 680; x_wconf 91' lang='lat' dir='ltr'>rex</span> <span class='ocrx_word' id='word_1_34' title='bbox 1186 635 1214 680; x_wconf 87' lang='lat' dir='ltr'>et</span> <span class='ocrx_word' id='word_1_35' title='bbox 1226 625 1302 694; x_wconf 91' lang='lat' dir='ltr'>regis</span> <span class='ocrx_word' id='word_1_36' title='bbox 1312 626 1440 681; x_wconf 79' lang='lat' dir='ltr'>Saxonis</span> 
     </span>
     <span class='ocr_line' id='line_1_5' title="bbox 283 705 1439 779; baseline 0.003 -20"><span class='ocrx_word' id='word_1_37' title='bbox 283 715 438 774; x_wconf 86' lang='lat' dir='ltr'>cognatus;</span> <span class='ocrx_word' id='word_1_38' title='bbox 470 705 554 760; x_wconf 87' lang='lat' dir='ltr'>cuius.</span> <span class='ocrx_word' id='word_1_39' title='bbox 578 705 715 776; x_wconf 88' lang='lat' dir='ltr'>obsequio</span> <span class='ocrx_word' id='word_1_40' title='bbox 744 706 801 761; x_wconf 93' lang='lat' dir='ltr'>duo</span> <span class='ocrx_word' id='word_1_41' title='bbox 831 706 916 778; x_wconf 74' lang='lat' dir='ltr'>regis,</span> <span class='ocrx_word' id='word_1_42' title='bbox 935 706 983 762; x_wconf 90' lang='lat' dir='ltr'>filii</span> <span class='ocrx_word' id='word_1_43' title='bbox 1014 708 1190 778; x_wconf 91' lang='lat' dir='ltr'>deputantur,</span> <span class='ocrx_word' id='word_1_44' title='bbox 1214 725 1338 779; x_wconf 89' lang='lat' dir='ltr'>qnorum</span> <span class='ocrx_word' id='word_1_45' title='bbox 1369 721 1439 764; x_wconf 88' lang='lat' dir='ltr'>natu</span> 
     </span>
     <span class='ocr_line' id='line_1_6' title="bbox 255 787 1440 860; baseline 0.005 -20"><span class='ocrx_word' id='word_1_46' title='bbox 255 787 429 857; x_wconf 75' lang='lat' dir='ltr'>sposterior,</span> <span class='ocrx_word' id='word_1_47' title='bbox 448 787 617 842; x_wconf 88' lang='lat' dir='ltr'>Edmundus</span> <span class='ocrx_word' id='word_1_48' title='bbox 641 787 895 858; x_wconf 88' lang='lat' dir='ltr'>supranominatus,</span> <span class='ocrx_word' id='word_1_49' title='bbox 913 788 1027 859; x_wconf 88' lang='lat' dir='ltr'>speciali</span> <span class='ocrx_word' id='word_1_50' title='bbox 1052 790 1170 845; x_wconf 90' lang='lat' dir='ltr'>solercia</span> <span class='ocrx_word' id='word_1_51' title='bbox 1193 790 1279 860; x_wconf 87' lang='lat' dir='ltr'>regiis</span> <span class='ocrx_word' id='word_1_52' title='bbox 1310 792 1440 846; x_wconf 83' lang='lat' dir='ltr'>excubiis</span> 
     </span>
     <span class='ocr_line' id='line_1_7' title="bbox 283 867 1441 942; baseline 0.006 -20"><span class='ocrx_word' id='word_1_53' title='bbox 283 867 414 925; x_wconf 77' lang='lat' dir='ltr'>inherens</span> <span class='ocrx_word' id='word_1_54' title='bbox 427 870 600 940; x_wconf 84' lang='lat' dir='ltr'>propensiori</span> <span class='ocrx_word' id='word_1_55' title='bbox 614 887 680 926; x_wconf 84' lang='lat' dir='ltr'>cura</span> <span class='ocrx_word' id='word_1_56' title='bbox 692 887 776 941; x_wconf 88' lang='lat' dir='ltr'>quam</span> <span class='ocrx_word' id='word_1_57' title='bbox 789 870 860 942; x_wconf 92' lang='lat' dir='ltr'>patri</span> <span class='ocrx_word' id='word_1_58' title='bbox 873 871 986 942; x_wconf 90' lang='lat' dir='ltr'>proprio</span> <span class='ocrx_word' id='word_1_59' title='bbox 997 872 1182 928; x_wconf 80' lang='lat' dir='ltr'>ministrabat</span> <span class='ocrx_word' id='word_1_60' title='bbox 1221 878 1232 939; x_wconf 85' lang='grc' dir='ltr'>ΙΙ</span> <span class='ocrx_word' id='word_1_61' title='bbox 1244 875 1441 929; x_wconf 76' lang='lat' dir='ltr'>considerans</span> 
     </span>
     <span class='ocr_line' id='line_1_8' title="bbox 284 951 1439 1023; baseline 0.003 -17"><span class='ocrx_word' id='word_1_62' title='bbox 284 951 376 1022; x_wconf 89' lang='lat' dir='ltr'>itaque</span> <span class='ocrx_word' id='word_1_63' title='bbox 389 969 436 1007; x_wconf 86' lang='lat' dir='ltr'>rex</span> <span class='ocrx_word' id='word_1_64' title='bbox 448 952 609 1022; x_wconf 86' lang='lat' dir='ltr'>peregrinus</span> <span class='ocrx_word' id='word_1_65' title='bbox 622 952 750 1008; x_wconf 89' lang='lat' dir='ltr'>iuuenem</span> <span class='ocrx_word' id='word_1_66' title='bbox 763 953 919 1008; x_wconf 88' lang='lat' dir='ltr'>studiosum</span> <span class='ocrx_word' id='word_1_67' title='bbox 929 965 956 1008; x_wconf 90' lang='lat' dir='ltr'>et</span> <span class='ocrx_word' id='word_1_68' title='bbox 966 955 1122 1023; x_wconf 81' lang='lat' dir='ltr'>elegantem</span> <span class='ocrx_word' id='word_1_69' title='bbox 1135 964 1162 1011; x_wconf 90' lang='lat' dir='ltr'>et</span> <span class='ocrx_word' id='word_1_70' title='bbox 1177 965 1237 1011; x_wconf 92' lang='lat' dir='ltr'>toto</span> <span class='ocrx_word' id='word_1_71' title='bbox 1248 955 1369 1012; x_wconf 87' lang='lat' dir='ltr'>annisu¹</span> <span class='ocrx_word' id='word_1_72' title='bbox 1384 957 1439 1012; x_wconf 89' lang='lat' dir='ltr'>sibi</span> 
     </span>
     <span class='ocr_line' id='line_1_9' title="bbox 283 1027 1439 1110; baseline 0.005 -21"><span class='ocrx_word' id='word_1_73' title='bbox 283 1033 474 1101; x_wconf 73' lang='lat' dir='ltr'>famulantem,</span> <span class='ocrx_word' id='word_1_74' title='bbox 496 1036 555 1090; x_wconf 90' lang='lat' dir='ltr'>eius</span> <span class='ocrx_word' id='word_1_75' title='bbox 579 1035 773 1090; x_wconf 83' lang='lat' dir='ltr'>delectabatur</span> <span class='ocrx_word' id='word_1_76' title='bbox 796 1035 934 1107; x_wconf 89' lang='lat' dir='ltr'>colloquio</span> <span class='ocrx_word' id='word_1_77' title='bbox 954 1047 983 1092; x_wconf 88' lang='lat' dir='ltr'>et</span> <span class='ocrx_word' id='word_1_78' title='bbox 1006 1039 1195 1107; x_wconf 75' lang='lat' dir='ltr'>gratulabatur</span> <span class='ocrx_word' id='word_1_79' title='bbox 1213 1027 1362 1110; x_wconf 57' lang='lat' dir='ltr'>obsequioss</span> <span class='ocrx_word' id='word_1_80' title='bbox 1402 1041 1439 1094; x_wconf 87' lang='lat' dir='ltr'>Et</span> 
     </span>
     <span class='ocr_line' id='line_1_10' title="bbox 284 1117 1439 1192; baseline 0.003 -20"><span class='ocrx_word' id='word_1_81' title='bbox 284 1117 351 1188; x_wconf 89' lang='lat' dir='ltr'>quia</span> <span class='ocrx_word' id='word_1_82' title='bbox 370 1118 443 1174; x_wconf 90' lang='lat' dir='ltr'>inter</span> <span class='ocrx_word' id='word_1_83' title='bbox 462 1135 561 1173; x_wconf 89' lang='lat' dir='ltr'>omnes</span> <span class='ocrx_word' id='word_1_84' title='bbox 582 1118 735 1174; x_wconf 87' lang='lat' dir='ltr'>studiosius</span> <span class='ocrx_word' id='word_1_85' title='bbox 756 1118 782 1174; x_wconf 89' lang='lat' dir='ltr'>ei</span> <span class='ocrx_word' id='word_1_86' title='bbox 803 1119 954 1174; x_wconf 87' lang='lat' dir='ltr'>obsecutus</span> <span class='ocrx_word' id='word_1_87' title='bbox 973 1129 1026 1186; x_wconf 91' lang='lat' dir='ltr'>est,</span> <span class='ocrx_word' id='word_1_88' title='bbox 1044 1120 1148 1190; x_wconf 82' lang='lat' dir='ltr'>pociori</span> <span class='ocrx_word' id='word_1_89' title='bbox 1169 1139 1253 1192; x_wconf 89' lang='lat' dir='ltr'>super</span> <span class='ocrx_word' id='word_1_90' title='bbox 1270 1139 1375 1178; x_wconf 89' lang='lat' dir='ltr'>omnes</span> <span class='ocrx_word' id='word_1_91' title='bbox 1395 1139 1439 1176; x_wconf 88' lang='lat' dir='ltr'>re·</span> 
     </span>
     <span class='ocr_line' id='line_1_11' title="bbox 241 1200 1439 1274; baseline 0.004 -19"><span class='ocrx_word' id='word_1_92' title='bbox 241 1219 272 1256; x_wconf 88' lang='lat' dir='ltr'>ro</span> <span class='ocrx_word' id='word_1_93' title='bbox 284 1200 481 1256; x_wconf 89' lang='lat' dir='ltr'>muneracione</span> <span class='ocrx_word' id='word_1_94' title='bbox 491 1201 530 1255; x_wconf 90' lang='lat' dir='ltr'>ab</span> <span class='ocrx_word' id='word_1_95' title='bbox 542 1219 576 1257; x_wconf 89' lang='lat' dir='ltr'>eo</span> <span class='ocrx_word' id='word_1_96' title='bbox 589 1202 709 1257; x_wconf 86' lang='lat' dir='ltr'>donatus</span> <span class='ocrx_word' id='word_1_97' title='bbox 721 1211 773 1256; x_wconf 89' lang='lat' dir='ltr'>est.</span> <span class='ocrx_word' id='word_1_98' title='bbox 810 1201 962 1272; x_wconf 81' lang='lat' dir='ltr'>Dispositis</span> <span class='ocrx_word' id='word_1_99' title='bbox 980 1203 1090 1258; x_wconf 89' lang='lat' dir='ltr'>interim</span> <span class='ocrx_word' id='word_1_100' title='bbox 1102 1204 1325 1274; x_wconf 84' lang='lat' dir='ltr'>peregrinacioni</span> <span class='ocrx_word' id='word_1_101' title='bbox 1338 1221 1439 1260; x_wconf 87' lang='lat' dir='ltr'>neces·</span> 
     </span>
     <span class='ocr_line' id='line_1_12' title="bbox 284 1283 1437 1358; baseline 0.004 -21"><span class='ocrx_word' id='word_1_102' title='bbox 284 1283 374 1348; x_wconf 72' lang='lat' dir='ltr'>sanis,</span> <span class='ocrx_word' id='word_1_103' title='bbox 393 1283 554 1338; x_wconf 86' lang='lat' dir='ltr'>valedicens</span> <span class='ocrx_word' id='word_1_104' title='bbox 573 1285 629 1353; x_wconf 87' lang='lat' dir='ltr'>regi</span> <span class='ocrx_word' id='word_1_105' title='bbox 649 1295 677 1340; x_wconf 88' lang='lat' dir='ltr'>et</span> <span class='ocrx_word' id='word_1_106' title='bbox 696 1285 876 1354; x_wconf 89' lang='lat' dir='ltr'>magnatibus</span> <span class='ocrx_word' id='word_1_107' title='bbox 893 1284 1014 1341; x_wconf 81' lang='lat' dir='ltr'>Saxonis</span> <span class='ocrx_word' id='word_1_108' title='bbox 1032 1297 1148 1358; x_wconf 88' lang='lat' dir='ltr'>accepta</span> <span class='ocrx_word' id='word_1_109' title='bbox 1166 1288 1289 1342; x_wconf 89' lang='lat' dir='ltr'>abeundi</span> <span class='ocrx_word' id='word_1_110' title='bbox 1308 1288 1437 1354; x_wconf 83' lang='lat' dir='ltr'>licencia,</span> 
     </span>
     <span class='ocr_line' id='line_1_13' title="bbox 283 1365 1437 1440; baseline 0.003 -20"><span class='ocrx_word' id='word_1_111' title='bbox 283 1383 302 1420; x_wconf 91' lang='lat' dir='ltr'>a</span> <span class='ocrx_word' id='word_1_112' title='bbox 314 1367 405 1421; x_wconf 91' lang='lat' dir='ltr'>cuntis</span> <span class='ocrx_word' id='word_1_113' title='bbox 419 1365 531 1421; x_wconf 87' lang='lat' dir='ltr'>Christo</span> <span class='ocrx_word' id='word_1_114' title='bbox 543 1367 791 1438; x_wconf 89' lang='lat' dir='ltr'>c0m[m]endatur.</span> <span class='ocrx_word' id='word_1_115' title='bbox 817 1365 963 1422; x_wconf 82' lang='lat' dir='ltr'>Tandem²</span> <span class='ocrx_word' id='word_1_116' title='bbox 976 1369 1068 1424; x_wconf 90' lang='lat' dir='ltr'>cordis</span> <span class='ocrx_word' id='word_1_117' title='bbox 1081 1385 1207 1425; x_wconf 91' lang='lat' dir='ltr'>amorem</span> <span class='ocrx_word' id='word_1_118' title='bbox 1220 1388 1287 1440; x_wconf 86' lang='lat' dir='ltr'>erga</span> <span class='ocrx_word' id='word_1_119' title='bbox 1301 1371 1437 1426; x_wconf 88' lang='lat' dir='ltr'>iuuenem</span> 
     </span>
     <span class='ocr_line' id='line_1_14' title="bbox 285 1448 1438 1520; baseline 0.007 -19"><span class='ocrx_word' id='word_1_120' title='bbox 285 1448 468 1502; x_wconf 89' lang='lat' dir='ltr'>Edmundum</span> <span class='ocrx_word' id='word_1_121' title='bbox 490 1449 616 1518; x_wconf 89' lang='lat' dir='ltr'>pandens</span> <span class='ocrx_word' id='word_1_122' title='bbox 635 1459 663 1504; x_wconf 86' lang='lat' dir='ltr'>et</span> <span class='ocrx_word' id='word_1_123' title='bbox 682 1466 777 1504; x_wconf 90' lang='lat' dir='ltr'>coram</span> <span class='ocrx_word' id='word_1_124' title='bbox 796 1449 887 1506; x_wconf 82' lang='lat' dir='ltr'>ctrntis</span> <span class='ocrx_word' id='word_1_125' title='bbox 906 1467 972 1505; x_wconf 89' lang='lat' dir='ltr'>eum</span> <span class='ocrx_word' id='word_1_126' title='bbox 991 1454 1171 1520; x_wconf 89' lang='lat' dir='ltr'>amplectens,</span> <span class='ocrx_word' id='word_1_127' title='bbox 1183 1453 1299 1508; x_wconf 88' lang='lat' dir='ltr'>anulum</span> <span class='ocrx_word' id='word_1_128' title='bbox 1319 1471 1438 1509; x_wconf 80' lang='lat' dir='ltr'>aureum</span> 
     </span>
     <span class='ocr_line' id='line_1_15' title="bbox 284 1529 1438 1607; baseline 0.008 -24"><span class='ocrx_word' id='word_1_129' title='bbox 284 1529 322 1584; x_wconf 91' lang='lat' dir='ltr'>illi</span> <span class='ocrx_word' id='word_1_130' title='bbox 341 1529 470 1600; x_wconf 80' lang='lat' dir='ltr'>porrexit,</span> <span class='ocrx_word' id='word_1_131' title='bbox 484 1530 632 1602; x_wconf 88' lang='lat' dir='ltr'>sepiusque</span> <span class='ocrx_word' id='word_1_132' title='bbox 651 1532 816 1586; x_wconf 82' lang='lat' dir='ltr'>deosculans</span> <span class='ocrx_word' id='word_1_133' title='bbox 834 1531 920 1587; x_wconf 86' lang='lat' dir='ltr'>dixit:</span> <span class='ocrx_word' id='word_1_134' title='bbox 939 1533 1105 1588; x_wconf 89' lang='lat' dir='ltr'>‘Edmunde</span> <span class='ocrx_word' id='word_1_135' title='bbox 1118 1534 1155 1588; x_wconf 87' lang='lat' dir='ltr'>fili</span> <span class='ocrx_word' id='word_1_136' title='bbox 1167 1535 1325 1604; x_wconf 81' lang='lat' dir='ltr'>karissime,</span> <span class='ocrx_word' id='word_1_137' title='bbox 1338 1538 1438 1607; x_wconf 83' lang='lat' dir='ltr'>accipe</span> 
     </span>
     <span class='ocr_line' id='line_1_16' title="bbox 241 1613 1437 1688; baseline 0.003 -17"><span class='ocrx_word' id='word_1_138' title='bbox 241 1634 270 1688; x_wconf 84' lang='lat'>¹5</span> <span class='ocrx_word' id='word_1_139' title='bbox 285 1623 378 1668; x_wconf 89' lang='lat' dir='ltr'>nostre</span> <span class='ocrx_word' id='word_1_140' title='bbox 393 1613 571 1682; x_wconf 89' lang='lat' dir='ltr'>cognacionis</span> <span class='ocrx_word' id='word_1_141' title='bbox 589 1624 618 1669; x_wconf 91' lang='lat' dir='ltr'>et</span> <span class='ocrx_word' id='word_1_142' title='bbox 636 1625 731 1670; x_wconf 89' lang='lat' dir='ltr'>mutue</span> <span class='ocrx_word' id='word_1_143' title='bbox 744 1613 908 1669; x_wconf 90' lang='lat' dir='ltr'>dileccionis</span> <span class='ocrx_word' id='word_1_144' title='bbox 926 1625 1147 1686; x_wconf 89' lang='lat' dir='ltr'>monumentum,</span> <span class='ocrx_word' id='word_1_145' title='bbox 1160 1627 1190 1672; x_wconf 90' lang='lat' dir='ltr'>vt</span> <span class='ocrx_word' id='word_1_146' title='bbox 1208 1618 1374 1674; x_wconf 86' lang='lat' dir='ltr'>memineris</span> <span class='ocrx_word' id='word_1_147' title='bbox 1392 1637 1437 1674; x_wconf 88' lang='lat' dir='ltr'>me</span> 
     </span>
     <span class='ocr_line' id='line_1_17' title="bbox 285 1695 1438 1769; baseline 0.004 -17"><span class='ocrx_word' id='word_1_148' title='bbox 285 1695 379 1752; x_wconf 80' lang='lat' dir='ltr'>solerti</span> <span class='ocrx_word' id='word_1_149' title='bbox 403 1706 453 1751; x_wconf 93' lang='lat' dir='ltr'>tuo</span> <span class='ocrx_word' id='word_1_150' title='bbox 476 1697 612 1768; x_wconf 86' lang='lat' dir='ltr'>obsequio</span> <span class='ocrx_word' id='word_1_151' title='bbox 636 1713 698 1753; x_wconf 88' lang='lat' dir='ltr'>esse</span> <span class='ocrx_word' id='word_1_152' title='bbox 723 1698 881 1765; x_wconf 90' lang='lat' dir='ltr'>obnoxium,</span> <span class='ocrx_word' id='word_1_153' title='bbox 901 1713 985 1768; x_wconf 85' lang='lat' dir='ltr'>super</span> <span class='ocrx_word' id='word_1_154' title='bbox 1007 1714 1063 1769; x_wconf 93' lang='lat' dir='ltr'>quo</span> <span class='ocrx_word' id='word_1_155' title='bbox 1086 1700 1195 1769; x_wconf 83' lang='lat' dir='ltr'>gracias</span> <span class='ocrx_word' id='word_1_156' title='bbox 1217 1700 1268 1755; x_wconf 91' lang='lat' dir='ltr'>tibi</span> <span class='ocrx_word' id='word_1_157' title='bbox 1292 1701 1387 1756; x_wconf 90' lang='lat' dir='ltr'>refero</span> <span class='ocrx_word' id='word_1_158' title='bbox 1410 1713 1438 1758; x_wconf 85' lang='lat' dir='ltr'>et</span> 
     </span>
     <span class='ocr_line' id='line_1_18' title="bbox 284 1778 1437 1850; baseline 0.005 -16"><span class='ocrx_word' id='word_1_159' title='bbox 284 1780 443 1835; x_wconf 87' lang='lat' dir='ltr'>mercedem</span> <span class='ocrx_word' id='word_1_160' title='bbox 463 1790 607 1850; x_wconf 86' lang='lat' dir='ltr'>paternam</span> <span class='ocrx_word' id='word_1_161' title='bbox 626 1797 660 1835; x_wconf 91' lang='lat' dir='ltr'>ex</span> <span class='ocrx_word' id='word_1_162' title='bbox 678 1778 723 1835; x_wconf 89' lang='lat' dir='ltr'>dei</span> <span class='ocrx_word' id='word_1_163' title='bbox 743 1780 925 1850; x_wconf 90' lang='lat' dir='ltr'>prouidencia</span> <span class='ocrx_word' id='word_1_164' title='bbox 940 1780 969 1835; x_wconf 91' lang='lat' dir='ltr'>in</span> <span class='ocrx_word' id='word_1_165' title='bbox 987 1783 1071 1837; x_wconf 87' lang='lat' dir='ltr'>corde</span> <span class='ocrx_word' id='word_1_166' title='bbox 1086 1781 1136 1837; x_wconf 91' lang='lat' dir='ltr'>tibi</span> <span class='ocrx_word' id='word_1_167' title='bbox 1154 1783 1285 1838; x_wconf 89' lang='lat' dir='ltr'>reseruo.’</span> <span class='ocrx_word' id='word_1_168' title='bbox 1338 1787 1350 1850; x_wconf 80' lang='lat' dir='ltr'>ll</span> <span class='ocrx_word' id='word_1_169' title='bbox 1364 1785 1437 1840; x_wconf 90' lang='lat' dir='ltr'>Cum</span> 
     </span>
     <span class='ocr_line' id='line_1_19' title="bbox 285 1861 1436 1934; baseline 0.003 -17"><span class='ocrx_word' id='word_1_170' title='bbox 285 1861 368 1932; x_wconf 88' lang='lat' dir='ltr'>igitur</span> <span class='ocrx_word' id='word_1_171' title='bbox 390 1862 557 1918; x_wconf 88' lang='lat' dir='ltr'>Edmundus</span> <span class='ocrx_word' id='word_1_172' title='bbox 575 1862 674 1918; x_wconf 67' lang='lat' dir='ltr'>alacru</span> <span class='ocrx_word' id='word_1_173' title='bbox 692 1863 847 1933; x_wconf 82' lang='lat' dir='ltr'>accepisset</span> <span class='ocrx_word' id='word_1_174' title='bbox 865 1865 988 1930; x_wconf 88' lang='lat' dir='ltr'>anulum,</span> <span class='ocrx_word' id='word_1_175' title='bbox 1006 1875 1087 1934; x_wconf 92' lang='lat' dir='ltr'>pater</span> <span class='ocrx_word' id='word_1_176' title='bbox 1102 1865 1162 1920; x_wconf 88' lang='lat' dir='ltr'>eius</span> <span class='ocrx_word' id='word_1_177' title='bbox 1181 1865 1302 1921; x_wconf 89' lang='lat' dir='ltr'>oamalis</span> <span class='ocrx_word' id='word_1_178' title='bbox 1321 1867 1436 1921; x_wconf 87' lang='lat' dir='ltr'>subrisit</span> 
     </span>
     <span class='ocr_line' id='line_1_20' title="bbox 284 1945 1436 2018; baseline 0.002 -17"><span class='ocrx_word' id='word_1_179' title='bbox 284 1947 365 2016; x_wconf 89' lang='lat' dir='ltr'>eique</span> <span class='ocrx_word' id='word_1_180' title='bbox 378 1945 529 2002; x_wconf 88' lang='lat' dir='ltr'>alludendo</span> <span class='ocrx_word' id='word_1_181' title='bbox 540 1945 626 2001; x_wconf 88' lang='lat' dir='ltr'>dixit:</span> <span class='ocrx_word' id='word_1_182' title='bbox 647 1947 734 2016; x_wconf 66' lang='lat' dir='ltr'>‘Eya</span> <span class='ocrx_word' id='word_1_183' title='bbox 747 1946 906 2014; x_wconf 90' lang='lat' dir='ltr'>Edmunde,</span> <span class='ocrx_word' id='word_1_184' title='bbox 920 1945 1023 2001; x_wconf 91' lang='lat' dir='ltr'>siccine</span> <span class='ocrx_word' id='word_1_185' title='bbox 1036 1964 1082 2002; x_wconf 89' lang='lat' dir='ltr'>me</span> <span class='ocrx_word' id='word_1_186' title='bbox 1094 1948 1197 2003; x_wconf 90' lang='lat' dir='ltr'>reiecto</span> <span class='ocrx_word' id='word_1_187' title='bbox 1211 1949 1322 2018; x_wconf 86' lang='lat' dir='ltr'>elegisti</span> <span class='ocrx_word' id='word_1_188' title='bbox 1341 1967 1436 2018; x_wconf 84' lang='lat' dir='ltr'>regem</span> 
     </span>
     <span class='ocr_line' id='line_1_21' title="bbox 241 2029 1437 2100; baseline 0.003 -17"><span class='ocrx_word' id='word_1_189' title='bbox 241 2046 273 2082; x_wconf 86' lang='lat' dir='ltr'>ao</span> <span class='ocrx_word' id='word_1_190' title='bbox 285 2031 483 2098; x_wconf 88' lang='lat' dir='ltr'>Estauglorum</span> <span class='ocrx_word' id='word_1_191' title='bbox 497 2030 525 2084; x_wconf 91' lang='lat' dir='ltr'>in</span> <span class='ocrx_word' id='word_1_192' title='bbox 537 2029 664 2100; x_wconf 83' lang='lat' dir='ltr'>patrem?</span> <span class='ocrx_word' id='word_1_193' title='bbox 682 2030 785 2085; x_wconf 88' lang='lat' dir='ltr'>amodo</span> <span class='ocrx_word' id='word_1_194' title='bbox 795 2029 866 2084; x_wconf 88' lang='lat' dir='ltr'>sicut</span> <span class='ocrx_word' id='word_1_195' title='bbox 876 2029 933 2083; x_wconf 85' lang='lat' dir='ltr'>filio</span> <span class='ocrx_word' id='word_1_196' title='bbox 946 2029 995 2084; x_wconf 87' lang='lat' dir='ltr'>tibi</span> <span class='ocrx_word' id='word_1_197' title='bbox 1009 2030 1164 2099; x_wconf 89' lang='lat' dir='ltr'>prouideat,</span> <span class='ocrx_word' id='word_1_198' title='bbox 1175 2040 1204 2086; x_wconf 91' lang='lat' dir='ltr'>et</span> <span class='ocrx_word' id='word_1_199' title='bbox 1217 2041 1265 2086; x_wconf 88' lang='lat' dir='ltr'>tua</span> <span class='ocrx_word' id='word_1_200' title='bbox 1277 2031 1303 2086; x_wconf 90' lang='lat' dir='ltr'>ei</span> <span class='ocrx_word' id='word_1_201' title='bbox 1316 2033 1437 2087; x_wconf 89' lang='lat' dir='ltr'>solercia</span> 
     </span>
     <span class='ocr_line' id='line_1_22' title="bbox 285 2111 1435 2184; baseline 0.002 -17"><span class='ocrx_word' id='word_1_202' title='bbox 285 2111 356 2167; x_wconf 91' lang='lat' dir='ltr'>sicut</span> <span class='ocrx_word' id='word_1_203' title='bbox 369 2113 439 2184; x_wconf 91' lang='lat' dir='ltr'>patri</span> <span class='ocrx_word' id='word_1_204' title='bbox 452 2113 595 2168; x_wconf 87' lang='lat' dir='ltr'>adhereat.</span> <span class='ocrx_word' id='word_1_205' title='bbox 632 2113 758 2180; x_wconf 86' lang='lat' dir='ltr'>Quorsus</span> <span class='ocrx_word' id='word_1_206' title='bbox 771 2111 856 2166; x_wconf 89' lang='lat' dir='ltr'>michi</span> <span class='ocrx_word' id='word_1_207' title='bbox 868 2112 1010 2168; x_wconf 90' lang='lat' dir='ltr'>hominem</span> <span class='ocrx_word' id='word_1_208' title='bbox 1023 2113 1144 2169; x_wconf 87' lang='lat' dir='ltr'>educare</span> <span class='ocrx_word' id='word_1_209' title='bbox 1155 2113 1277 2168; x_wconf 89' lang='lat' dir='ltr'>alienum</span> <span class='ocrx_word' id='word_1_210' title='bbox 1285 2113 1312 2169; x_wconf 84' lang='lat' dir='ltr'>i&#39;</span> <span class='ocrx_word' id='word_1_211' title='bbox 1332 2115 1435 2170; x_wconf 89' lang='lat' dir='ltr'>Delec-</span> 
     </span>
     <span class='ocr_line' id='line_1_23' title="bbox 284 2193 1435 2267; baseline 0.001 -17"><span class='ocrx_word' id='word_1_212' title='bbox 284 2205 360 2250; x_wconf 84' lang='lat' dir='ltr'>tatus</span> <span class='ocrx_word' id='word_1_213' title='bbox 369 2195 464 2267; x_wconf 90' lang='lat' dir='ltr'>itaque</span> <span class='ocrx_word' id='word_1_214' title='bbox 474 2213 521 2251; x_wconf 92' lang='lat' dir='ltr'>rex</span> <span class='ocrx_word' id='word_1_215' title='bbox 530 2195 694 2266; x_wconf 90' lang='lat' dir='ltr'>peregrinus</span> <span class='ocrx_word' id='word_1_216' title='bbox 703 2194 863 2251; x_wconf 88' lang='lat' dir='ltr'>huiusmodi</span> <span class='ocrx_word' id='word_1_217' title='bbox 874 2193 1000 2265; x_wconf 88' lang='lat' dir='ltr'>responsi</span> <span class='ocrx_word' id='word_1_218' title='bbox 1009 2195 1127 2266; x_wconf 85' lang='lat' dir='ltr'>allogiis,</span> <span class='ocrx_word' id='word_1_219' title='bbox 1141 2196 1241 2251; x_wconf 90' lang='lat' dir='ltr'>iterum</span> <span class='ocrx_word' id='word_1_220' title='bbox 1250 2197 1435 2252; x_wconf 89' lang='lat' dir='ltr'>Edmundum</span> 
     </span>
     <span class='ocr_line' id='line_1_24' title="bbox 284 2277 1435 2350; baseline 0 -16"><span class='ocrx_word' id='word_1_221' title='bbox 284 2279 458 2349; x_wconf 87' lang='lat' dir='ltr'>amplexibus</span> <span class='ocrx_word' id='word_1_222' title='bbox 470 2279 572 2334; x_wconf 91' lang='lat' dir='ltr'>mulcet</span> <span class='ocrx_word' id='word_1_223' title='bbox 589 2287 617 2333; x_wconf 89' lang='lat' dir='ltr'>et</span> <span class='ocrx_word' id='word_1_224' title='bbox 635 2278 747 2347; x_wconf 88' lang='lat' dir='ltr'>osculis,</span> <span class='ocrx_word' id='word_1_225' title='bbox 760 2289 789 2333; x_wconf 88' lang='lat' dir='ltr'>et</span> <span class='ocrx_word' id='word_1_226' title='bbox 804 2277 889 2333; x_wconf 88' lang='lat' dir='ltr'>alium</span> <span class='ocrx_word' id='word_1_227' title='bbox 907 2279 1020 2334; x_wconf 87' lang='lat' dir='ltr'>anulum</span> <span class='ocrx_word' id='word_1_228' title='bbox 1038 2278 1233 2335; x_wconf 89' lang='lat' dir='ltr'>demonstrans</span> <span class='ocrx_word' id='word_1_229' title='bbox 1248 2279 1435 2350; x_wconf 88' lang='lat' dir='ltr'>abepiscopo</span> 
     </span>
     <span class='ocr_line' id='line_1_25' title="bbox 285 2361 1433 2432; baseline 0 -16"><span class='ocrx_word' id='word_1_230' title='bbox 285 2371 431 2432; x_wconf 90' lang='lat' dir='ltr'>acceptum</span> <span class='ocrx_word' id='word_1_231' title='bbox 449 2361 477 2416; x_wconf 88' lang='lat' dir='ltr'>in</span> <span class='ocrx_word' id='word_1_232' title='bbox 495 2361 574 2431; x_wconf 89' lang='lat' dir='ltr'>regni</span> <span class='ocrx_word' id='word_1_233' title='bbox 593 2361 635 2416; x_wconf 91' lang='lat' dir='ltr'>sui</span> <span class='ocrx_word' id='word_1_234' title='bbox 654 2361 995 2432; x_wconf 88' lang='lat' dir='ltr'>promocione,‘1ntuere‚</span> <span class='ocrx_word' id='word_1_235' title='bbox 1014 2362 1110 2432; x_wconf 91' lang='lat' dir='ltr'>inquit,</span> <span class='ocrx_word' id='word_1_236' title='bbox 1130 2362 1186 2417; x_wconf 90' lang='lat' dir='ltr'>iam</span> <span class='ocrx_word' id='word_1_237' title='bbox 1205 2363 1321 2417; x_wconf 93' lang='lat' dir='ltr'>omnino</span> <span class='ocrx_word' id='word_1_238' title='bbox 1339 2363 1378 2417; x_wconf 89' lang='lat' dir='ltr'>mi</span> <span class='ocrx_word' id='word_1_239' title='bbox 1397 2362 1433 2416; x_wconf 90' lang='lat' dir='ltr'>fili</span> 
     </span>
     <span class='ocr_line' id='line_1_26' title="bbox 241 2443 1434 2516; baseline -0.002 -16"><span class='ocrx_word' id='word_1_240' title='bbox 241 2450 271 2502; x_wconf 81' lang='lat'>²⁵</span> <span class='ocrx_word' id='word_1_241' title='bbox 287 2445 448 2511; x_wconf 88' lang='lat' dir='ltr'>Edmunde,</span> <span class='ocrx_word' id='word_1_242' title='bbox 460 2443 616 2499; x_wconf 89' lang='lat' dir='ltr'>cuiusmodi</span> <span class='ocrx_word' id='word_1_243' title='bbox 634 2443 670 2499; x_wconf 89' lang='lat' dir='ltr'>sit</span> <span class='ocrx_word' id='word_1_244' title='bbox 686 2445 786 2498; x_wconf 89' lang='lat' dir='ltr'>anulus</span> <span class='ocrx_word' id='word_1_245' title='bbox 803 2443 862 2510; x_wconf 87' lang='lat' dir='ltr'>iste,</span> <span class='ocrx_word' id='word_1_246' title='bbox 875 2453 904 2499; x_wconf 81' lang='lat' dir='ltr'>vt</span> <span class='ocrx_word' id='word_1_247' title='bbox 923 2444 946 2498; x_wconf 92' lang='lat' dir='ltr'>si</span> <span class='ocrx_word' id='word_1_248' title='bbox 965 2444 1067 2499; x_wconf 86' lang='lat' dir='ltr'>absens</span> <span class='ocrx_word' id='word_1_249' title='bbox 1085 2444 1190 2516; x_wconf 88' lang='lat' dir='ltr'>aliquid</span> <span class='ocrx_word' id='word_1_250' title='bbox 1203 2443 1252 2500; x_wconf 91' lang='lat' dir='ltr'>tibi</span> <span class='ocrx_word' id='word_1_251' title='bbox 1266 2462 1317 2515; x_wconf 90' lang='lat' dir='ltr'>per</span> <span class='ocrx_word' id='word_1_252' title='bbox 1329 2446 1383 2499; x_wconf 92' lang='lat' dir='ltr'>hoc</span> <span class='ocrx_word' id='word_1_253' title='bbox 1395 2445 1434 2498; x_wconf 93' lang='lat' dir='ltr'>in-</span> 
     </span>
     <span class='ocr_line' id='line_1_27' title="bbox 285 2525 1434 2597; baseline 0 -15"><span class='ocrx_word' id='word_1_254' title='bbox 285 2525 440 2596; x_wconf 89' lang='lat' dir='ltr'>tersignum</span> <span class='ocrx_word' id='word_1_255' title='bbox 452 2525 626 2594; x_wconf 87' lang='lat' dir='ltr'>intimauero‚</span> <span class='ocrx_word' id='word_1_256' title='bbox 640 2537 670 2581; x_wconf 90' lang='lat' dir='ltr'>tu</span> <span class='ocrx_word' id='word_1_257' title='bbox 683 2527 759 2582; x_wconf 88' lang='lat' dir='ltr'>filiali</span> <span class='ocrx_word' id='word_1_258' title='bbox 772 2543 829 2581; x_wconf 91' lang='lat' dir='ltr'>non</span> <span class='ocrx_word' id='word_1_259' title='bbox 843 2527 956 2581; x_wconf 84' lang='lat' dir='ltr'>differas</span> <span class='ocrx_word' id='word_1_260' title='bbox 973 2527 1112 2597; x_wconf 86' lang='lat' dir='ltr'>complere</span> <span class='ocrx_word' id='word_1_261' title='bbox 1123 2528 1266 2597; x_wconf 87' lang='lat' dir='ltr'>obsequio.</span> <span class='ocrx_word' id='word_1_262' title='bbox 1302 2529 1343 2582; x_wconf 94' lang='lat' dir='ltr'>Vt</span> <span class='ocrx_word' id='word_1_263' title='bbox 1360 2529 1434 2582; x_wconf 87' lang='lat' dir='ltr'>enim</span> 
     </span>
     <span class='ocr_line' id='line_1_28' title="bbox 285 2608 1433 2680; baseline 0.002 -16"><span class='ocrx_word' id='word_1_264' title='bbox 285 2609 441 2664; x_wconf 87' lang='lat' dir='ltr'>astancium</span> <span class='ocrx_word' id='word_1_265' title='bbox 457 2608 581 2679; x_wconf 89' lang='lat' dir='ltr'>percepit</span> <span class='ocrx_word' id='word_1_266' title='bbox 598 2609 755 2678; x_wconf 90' lang='lat' dir='ltr'>multitudo,</span> <span class='ocrx_word' id='word_1_267' title='bbox 767 2610 860 2665; x_wconf 87' lang='lat' dir='ltr'>habeo</span> <span class='ocrx_word' id='word_1_268' title='bbox 876 2608 927 2664; x_wconf 92' lang='lat' dir='ltr'>tibi</span> <span class='ocrx_word' id='word_1_269' title='bbox 944 2609 1091 2680; x_wconf 81' lang='lat' dir='ltr'>prouidere</span> <span class='ocrx_word' id='word_1_270' title='bbox 1106 2609 1176 2665; x_wconf 89' lang='lat' dir='ltr'>sicut</span> <span class='ocrx_word' id='word_1_271' title='bbox 1195 2610 1251 2664; x_wconf 92' lang='lat' dir='ltr'>filio</span> <span class='ocrx_word' id='word_1_272' title='bbox 1269 2609 1433 2666; x_wconf 81' lang='lat' dir='ltr'>karissimo.¹</span> 
     </span>
     <span class='ocr_line' id='line_1_29' title="bbox 284 2691 1434 2764; baseline 0.003 -19"><span class='ocrx_word' id='word_1_273' title='bbox 284 2691 443 2747; x_wconf 90' lang='lat' dir='ltr'>Discedens</span> <span class='ocrx_word' id='word_1_274' title='bbox 456 2691 538 2760; x_wconf 88' lang='lat' dir='ltr'>igitur</span> <span class='ocrx_word' id='word_1_275' title='bbox 550 2708 615 2747; x_wconf 89' lang='lat' dir='ltr'>cum</span> <span class='ocrx_word' id='word_1_276' title='bbox 626 2703 763 2763; x_wconf 89' lang='lat' dir='ltr'>apparatu</span> <span class='ocrx_word' id='word_1_277' title='bbox 779 2709 835 2747; x_wconf 91' lang='lat' dir='ltr'>non</span> <span class='ocrx_word' id='word_1_278' title='bbox 851 2691 971 2761; x_wconf 89' lang='lat' dir='ltr'>modico,</span> <span class='ocrx_word' id='word_1_279' title='bbox 983 2691 1072 2747; x_wconf 90' lang='lat' dir='ltr'>arduo</span> <span class='ocrx_word' id='word_1_280' title='bbox 1088 2693 1187 2748; x_wconf 89' lang='lat' dir='ltr'>itinere</span> <span class='ocrx_word' id='word_1_281' title='bbox 1203 2705 1231 2748; x_wconf 90' lang='lat' dir='ltr'>et</span> <span class='ocrx_word' id='word_1_282' title='bbox 1247 2693 1357 2763; x_wconf 91' lang='lat' dir='ltr'>prolixo</span> <span class='ocrx_word' id='word_1_283' title='bbox 1372 2704 1434 2764; x_wconf 90' lang='lat' dir='ltr'>post</span> 
     </span>
     <span class='ocr_line' id='line_1_30' title="bbox 284 2775 1433 2845; baseline 0.002 -17"><span class='ocrx_word' id='word_1_284' title='bbox 284 2777 386 2830; x_wconf 90' lang='lat' dir='ltr'>multos</span> <span class='ocrx_word' id='word_1_285' title='bbox 398 2776 509 2830; x_wconf 84' lang='lat' dir='ltr'>labores</span> <span class='ocrx_word' id='word_1_286' title='bbox 521 2791 652 2831; x_wconf 89' lang='lat' dir='ltr'>emenso:</span> <span class='ocrx_word' id='word_1_287' title='bbox 672 2785 772 2830; x_wconf 87' lang='lat' dir='ltr'>sancta</span> <span class='ocrx_word' id='word_1_288' title='bbox 788 2775 1012 2830; x_wconf 88' lang='lat' dir='ltr'>ierosolimorum</span> <span class='ocrx_word' id='word_1_289' title='bbox 1023 2775 1086 2830; x_wconf 89' lang='lat' dir='ltr'>loca</span> <span class='ocrx_word' id='word_1_290' title='bbox 1098 2775 1174 2830; x_wconf 91' lang='lat' dir='ltr'>iuxta</span> <span class='ocrx_word' id='word_1_291' title='bbox 1185 2785 1281 2830; x_wconf 87' lang='lat' dir='ltr'>votum</span> <span class='ocrx_word' id='word_1_292' title='bbox 1293 2777 1395 2845; x_wconf 85' lang='lat' dir='ltr'>attigit,</span> <span class='ocrx_word' id='word_1_293' title='bbox 1408 2787 1433 2830; x_wconf 91' lang='lat' dir='ltr'>et</span> 
     </span>
     <span class='ocr_line' id='line_1_31' title="bbox 241 2857 1433 2929; baseline -0.003 -12"><span class='ocrx_word' id='word_1_294' title='bbox 241 2867 273 2917; x_wconf 79' lang='lat'>³0</span> <span class='ocrx_word' id='word_1_295' title='bbox 285 2859 400 2913; x_wconf 87' lang='lat' dir='ltr'>laudum</span> <span class='ocrx_word' id='word_1_296' title='bbox 417 2858 521 2929; x_wconf 89' lang='lat' dir='ltr'>pariter</span> <span class='ocrx_word' id='word_1_297' title='bbox 532 2869 560 2914; x_wconf 89' lang='lat' dir='ltr'>et</span> <span class='ocrx_word' id='word_1_298' title='bbox 573 2857 736 2913; x_wconf 89' lang='lat' dir='ltr'>oracionum</span> <span class='ocrx_word' id='word_1_299' title='bbox 749 2857 884 2913; x_wconf 86' lang='lat' dir='ltr'>libamina</span> <span class='ocrx_word' id='word_1_300' title='bbox 902 2859 1015 2913; x_wconf 88' lang='lat' dir='ltr'>sedulus</span> <span class='ocrx_word' id='word_1_301' title='bbox 1034 2858 1144 2928; x_wconf 83' lang='lat' dir='ltr'>optulit.</span> <span class='ocrx_word' id='word_1_302' title='bbox 1180 2859 1288 2928; x_wconf 86' lang='lat' dir='ltr'>Quibus</span> <span class='ocrx_word' id='word_1_303' title='bbox 1301 2859 1433 2928; x_wconf 87' lang='lat' dir='ltr'>expletis:</span> 
     </span>
     <span class='ocr_line' id='line_1_32' title="bbox 284 2940 1433 3011; baseline -0.001 -14"><span class='ocrx_word' id='word_1_304' title='bbox 284 2958 350 2997; x_wconf 89' lang='lat' dir='ltr'>cum</span> <span class='ocrx_word' id='word_1_305' title='bbox 358 2941 521 2997; x_wconf 87' lang='lat' dir='ltr'>familiasua</span> <span class='ocrx_word' id='word_1_306' title='bbox 529 2941 684 3011; x_wconf 90' lang='lat' dir='ltr'>regreditur</span> <span class='ocrx_word' id='word_1_307' title='bbox 692 2940 793 2996; x_wconf 88' lang='lat' dir='ltr'>alacris</span> <span class='ocrx_word' id='word_1_308' title='bbox 802 2951 829 2996; x_wconf 91' lang='lat' dir='ltr'>et</span> <span class='ocrx_word' id='word_1_309' title='bbox 839 2942 919 2996; x_wconf 89' lang='lat' dir='ltr'>letus.</span> <span class='ocrx_word' id='word_1_310' title='bbox 939 2941 988 2996; x_wconf 89' lang='lat' dir='ltr'>Set</span> <span class='ocrx_word' id='word_1_311' title='bbox 997 2941 1105 2996; x_wconf 87' lang='lat' dir='ltr'>eumad</span> <span class='ocrx_word' id='word_1_312' title='bbox 1115 2943 1207 2995; x_wconf 91' lang='lat' dir='ltr'>locum</span> <span class='ocrx_word' id='word_1_313' title='bbox 1215 2941 1433 3010; x_wconf 86' lang='lat' dir='ltr'>qui‘brachium</span> 
     </span>
     <span class='ocr_line' id='line_1_33' title="bbox 284 3023 1433 3095; baseline 0 -16"><span class='ocrx_word' id='word_1_314' title='bbox 284 3024 373 3080; x_wconf 85' lang='lat' dir='ltr'>sancti</span> <span class='ocrx_word' id='word_1_315' title='bbox 394 3025 525 3094; x_wconf 87' lang='lat' dir='ltr'>Georgii&#39;</span> <span class='ocrx_word' id='word_1_316' title='bbox 545 3024 648 3080; x_wconf 88' lang='lat' dir='ltr'>dicitur</span> <span class='ocrx_word' id='word_1_317' title='bbox 667 3024 855 3095; x_wconf 87' lang='lat' dir='ltr'>peruenisset:</span> <span class='ocrx_word' id='word_1_318' title='bbox 874 3023 990 3092; x_wconf 88' lang='lat' dir='ltr'>langore</span> <span class='ocrx_word' id='word_1_319' title='bbox 1012 3033 1163 3093; x_wconf 82' lang='lat' dir='ltr'>correptus,</span> <span class='ocrx_word' id='word_1_320' title='bbox 1181 3023 1236 3078; x_wconf 90' lang='lat' dir='ltr'>hiis</span> <span class='ocrx_word' id='word_1_321' title='bbox 1254 3023 1350 3078; x_wconf 88' lang='lat' dir='ltr'>verbis</span> <span class='ocrx_word' id='word_1_322' title='bbox 1369 3041 1433 3079; x_wconf 88' lang='lat' dir='ltr'>suos</span> 
     </span>
     <span class='ocr_line' id='line_1_34' title="bbox 284 3105 1432 3179; baseline -0.001 -17"><span class='ocrx_word' id='word_1_323' title='bbox 284 3107 445 3179; x_wconf 89' lang='lat' dir='ltr'>alloquitur:</span> <span class='ocrx_word' id='word_1_324' title='bbox 459 3109 509 3162; x_wconf 92' lang='lat' dir='ltr'>‘Vt</span> <span class='ocrx_word' id='word_1_325' title='bbox 520 3107 548 3162; x_wconf 94' lang='lat' dir='ltr'>in</span> <span class='ocrx_word' id='word_1_326' title='bbox 557 3125 624 3178; x_wconf 87' lang='lat' dir='ltr'>rege</span> <span class='ocrx_word' id='word_1_327' title='bbox 634 3107 765 3177; x_wconf 89' lang='lat' dir='ltr'>eligendo</span> <span class='ocrx_word' id='word_1_328' title='bbox 773 3106 865 3162; x_wconf 89' lang='lat' dir='ltr'>omnis</span> <span class='ocrx_word' id='word_1_329' title='bbox 873 3107 946 3161; x_wconf 90' lang='lat' dir='ltr'>inter</span> <span class='ocrx_word' id='word_1_330' title='bbox 953 3123 1004 3161; x_wconf 91' lang='lat' dir='ltr'>vos</span> <span class='ocrx_word' id='word_1_331' title='bbox 1014 3108 1174 3161; x_wconf 88' lang='lat' dir='ltr'>obstruatur</span> <span class='ocrx_word' id='word_1_332' title='bbox 1181 3105 1340 3174; x_wconf 89' lang='lat' dir='ltr'>contencio,</span> <span class='ocrx_word' id='word_1_333' title='bbox 1348 3107 1432 3161; x_wconf 89' lang='lat' dir='ltr'>michi</span> 
     </span>
     <span class='ocr_line' id='line_1_35' title="bbox 286 3187 1433 3258; baseline -0.002 -14"><span class='ocrx_word' id='word_1_334' title='bbox 286 3207 485 3258; x_wconf 86' lang='lat' dir='ltr'>successorem,</span> <span class='ocrx_word' id='word_1_335' title='bbox 499 3191 578 3246; x_wconf 88' lang='lat' dir='ltr'>vobis</span> <span class='ocrx_word' id='word_1_336' title='bbox 591 3198 734 3244; x_wconf 87' lang='lat' dir='ltr'>strenuum</span> <span class='ocrx_word' id='word_1_337' title='bbox 750 3189 867 3258; x_wconf 87' lang='lat' dir='ltr'>designo</span> <span class='ocrx_word' id='word_1_338' title='bbox 883 3189 1107 3258; x_wconf 78' lang='lat' dir='ltr'>gubernatorem,</span> <span class='ocrx_word' id='word_1_339' title='bbox 1120 3187 1235 3258; x_wconf 88' lang='lat' dir='ltr'>cognati</span> <span class='ocrx_word' id='word_1_340' title='bbox 1253 3188 1363 3244; x_wconf 89' lang='lat' dir='ltr'>scilicet</span> <span class='ocrx_word' id='word_1_341' title='bbox 1381 3189 1433 3244; x_wconf 90' lang='lat' dir='ltr'>mei</span> 
     </span>
     <span class='ocr_line' id='line_1_36' title="bbox 241 3271 1434 3342; baseline -0.006 -10"><span class='ocrx_word' id='word_1_342' title='bbox 241 3281 272 3332; x_wconf 80' lang='lat'>35</span> <span class='ocrx_word' id='word_1_343' title='bbox 285 3273 358 3342; x_wconf 89' lang='lat' dir='ltr'>regis</span> <span class='ocrx_word' id='word_1_344' title='bbox 373 3273 493 3328; x_wconf 90' lang='lat' dir='ltr'>Saxonie</span> <span class='ocrx_word' id='word_1_345' title='bbox 506 3273 593 3328; x_wconf 87' lang='lat' dir='ltr'>filiurn</span> <span class='ocrx_word' id='word_1_346' title='bbox 610 3273 793 3327; x_wconf 90' lang='lat' dir='ltr'>Edmundum</span> <span class='ocrx_word' id='word_1_347' title='bbox 806 3271 885 3327; x_wconf 89' lang='lat' dir='ltr'>vobis</span> <span class='ocrx_word' id='word_1_348' title='bbox 898 3288 955 3326; x_wconf 91' lang='lat' dir='ltr'>non</span> <span class='ocrx_word' id='word_1_349' title='bbox 968 3271 1148 3340; x_wconf 88' lang='lat' dir='ltr'>incognitum,</span> <span class='ocrx_word' id='word_1_350' title='bbox 1161 3288 1270 3325; x_wconf 92' lang='lat' dir='ltr'>morum</span> <span class='ocrx_word' id='word_1_351' title='bbox 1289 3272 1434 3327; x_wconf 77' lang='lat' dir='ltr'>honestate</span> 
     </span>
     <span class='ocr_line' id='line_1_37' title="bbox 285 3352 1433 3427; baseline -0.003 -17"><span class='ocrx_word' id='word_1_352' title='bbox 285 3356 433 3427; x_wconf 88' lang='lat' dir='ltr'>preditum,</span> <span class='ocrx_word' id='word_1_353' title='bbox 453 3356 576 3425; x_wconf 92' lang='lat' dir='ltr'>corporis</span> <span class='ocrx_word' id='word_1_354' title='bbox 599 3355 691 3409; x_wconf 88' lang='lat' dir='ltr'>forma</span> <span class='ocrx_word' id='word_1_355' title='bbox 714 3357 880 3424; x_wconf 86' lang='lat' dir='ltr'>elegantem,</span> <span class='ocrx_word' id='word_1_356' title='bbox 899 3352 1042 3423; x_wconf 86' lang='lat' dir='ltr'>sapiencia</span> <span class='ocrx_word' id='word_1_357' title='bbox 1059 3362 1088 3408; x_wconf 88' lang='lat' dir='ltr'>et</span> <span class='ocrx_word' id='word_1_358' title='bbox 1107 3353 1213 3408; x_wconf 86' lang='lat' dir='ltr'>viribus</span> <span class='ocrx_word' id='word_1_359' title='bbox 1233 3355 1433 3423; x_wconf 87' lang='lat' dir='ltr'>prestantem;&#39;</span> 
     </span>
     <span class='ocr_line' id='line_1_38' title="bbox 285 3435 1433 3508; baseline -0.001 -17"><span class='ocrx_word' id='word_1_360' title='bbox 285 3438 400 3491; x_wconf 88' lang='lat' dir='ltr'>anulum</span> <span class='ocrx_word' id='word_1_361' title='bbox 419 3454 529 3508; x_wconf 89' lang='lat' dir='ltr'>quoque</span> <span class='ocrx_word' id='word_1_362' title='bbox 547 3446 720 3506; x_wconf 89' lang='lat' dir='ltr'>pretaxatum</span> <span class='ocrx_word' id='word_1_363' title='bbox 739 3436 779 3492; x_wconf 89' lang='lat' dir='ltr'>eis</span> <span class='ocrx_word' id='word_1_364' title='bbox 797 3436 925 3507; x_wconf 89' lang='lat' dir='ltr'>porrexit,</span> <span class='ocrx_word' id='word_1_365' title='bbox 942 3446 969 3490; x_wconf 92' lang='lat' dir='ltr'>et</span> <span class='ocrx_word' id='word_1_366' title='bbox 988 3445 1017 3490; x_wconf 90' lang='lat' dir='ltr'>ut</span> <span class='ocrx_word' id='word_1_367' title='bbox 1035 3435 1189 3490; x_wconf 90' lang='lat' dir='ltr'>Edmundo</span> <span class='ocrx_word' id='word_1_368' title='bbox 1207 3453 1259 3506; x_wconf 92' lang='lat' dir='ltr'>pro</span> <span class='ocrx_word' id='word_1_369' title='bbox 1280 3435 1433 3505; x_wconf 86' lang='lat' dir='ltr'>intersigno</span> 
     </span>
     <span class='ocr_line' id='line_1_39' title="bbox 285 3517 1434 3590; baseline -0.001 -16"><span class='ocrx_word' id='word_1_370' title='bbox 285 3520 425 3574; x_wconf 88' lang='lat' dir='ltr'>deferrent</span> <span class='ocrx_word' id='word_1_371' title='bbox 437 3519 568 3590; x_wconf 91' lang='lat' dir='ltr'>precepit.</span> <span class='ocrx_word' id='word_1_372' title='bbox 600 3518 712 3573; x_wconf 90' lang='lat' dir='ltr'>Deinde</span> <span class='ocrx_word' id='word_1_373' title='bbox 727 3528 858 3589; x_wconf 88' lang='lat' dir='ltr'>percepta</span> <span class='ocrx_word' id='word_1_374' title='bbox 870 3519 907 3572; x_wconf 91' lang='lat' dir='ltr'>ab</span> <span class='ocrx_word' id='word_1_375' title='bbox 920 3517 960 3573; x_wconf 87' lang='lat' dir='ltr'>eis</span> <span class='ocrx_word' id='word_1_376' title='bbox 974 3517 1029 3572; x_wconf 87' lang='lat' dir='ltr'>fide</span> <span class='ocrx_word' id='word_1_377' title='bbox 1041 3535 1106 3572; x_wconf 93' lang='lat' dir='ltr'>cum</span> <span class='ocrx_word' id='word_1_378' title='bbox 1118 3518 1302 3573; x_wconf 88' lang='lat' dir='ltr'>sacramentis</span> <span class='ocrx_word' id='word_1_379' title='bbox 1316 3535 1368 3588; x_wconf 92' lang='lat' dir='ltr'>pro</span> <span class='ocrx_word' id='word_1_380' title='bbox 1382 3519 1434 3574; x_wconf 89' lang='lat' dir='ltr'>biis</span> 
     </span>
     <span class='ocr_line' id='line_1_40' title="bbox 285 3600 1433 3674; baseline 0 -18"><span class='ocrx_word' id='word_1_381' title='bbox 285 3619 341 3674; x_wconf 91' lang='lat' dir='ltr'>que</span> <span class='ocrx_word' id='word_1_382' title='bbox 361 3601 516 3656; x_wconf 90' lang='lat' dir='ltr'>iniunxerat</span> <span class='ocrx_word' id='word_1_383' title='bbox 536 3601 718 3671; x_wconf 90' lang='lat' dir='ltr'>complendis,</span> <span class='ocrx_word' id='word_1_384' title='bbox 740 3601 811 3655; x_wconf 89' lang='lat' dir='ltr'>inter</span> <span class='ocrx_word' id='word_1_385' title='bbox 835 3617 935 3655; x_wconf 89' lang='lat' dir='ltr'>manus</span> <span class='ocrx_word' id='word_1_386' title='bbox 961 3617 1058 3656; x_wconf 88' lang='lat' dir='ltr'>eorum</span> <span class='ocrx_word' id='word_1_387' title='bbox 1082 3617 1162 3655; x_wconf 89' lang='lat' dir='ltr'>sacro</span> <span class='ocrx_word' id='word_1_388' title='bbox 1186 3601 1314 3655; x_wconf 89' lang='lat' dir='ltr'>munitus</span> <span class='ocrx_word' id='word_1_389' title='bbox 1333 3600 1433 3657; x_wconf 83' lang='lat' dir='ltr'>viatico</span> 
     </span>
     <span class='ocr_line' id='line_1_41' title="bbox 239 3683 1433 3756; baseline 0 -16"><span class='ocrx_word' id='word_1_390' title='bbox 239 3705 274 3756; x_wconf 78' lang='lat'>40</span> <span class='ocrx_word' id='word_1_391' title='bbox 287 3685 410 3739; x_wconf 88' lang='lat' dir='ltr'>animam</span> <span class='ocrx_word' id='word_1_392' title='bbox 429 3684 559 3740; x_wconf 87' lang='lat' dir='ltr'>exalauit.</span> <span class='ocrx_word' id='word_1_393' title='bbox 596 3685 661 3753; x_wconf 92' lang='lat' dir='ltr'>Quo</span> <span class='ocrx_word' id='word_1_394' title='bbox 680 3685 807 3753; x_wconf 88' lang='lat' dir='ltr'>sepulto:</span> <span class='ocrx_word' id='word_1_395' title='bbox 829 3683 980 3738; x_wconf 90' lang='lat' dir='ltr'>Saxoniam</span> <span class='ocrx_word' id='word_1_396' title='bbox 998 3684 1087 3752; x_wconf 85' lang='lat' dir='ltr'>gradu</span> <span class='ocrx_word' id='word_1_397' title='bbox 1106 3683 1192 3738; x_wconf 89' lang='lat' dir='ltr'>citato</span> <span class='ocrx_word' id='word_1_398' title='bbox 1209 3683 1388 3753; x_wconf 82' lang='lat' dir='ltr'>repedarunt,</span> <span class='ocrx_word' id='word_1_399' title='bbox 1408 3696 1433 3740; x_wconf 88' lang='lat' dir='ltr'>et</span> 
     </span>
     <span class='ocr_line' id='line_1_42' title="bbox 286 3765 1433 3840; baseline -0.001 -17"><span class='ocrx_word' id='word_1_400' title='bbox 286 3769 361 3840; x_wconf 89' lang='lat' dir='ltr'>regis</span> <span class='ocrx_word' id='word_1_401' title='bbox 380 3767 503 3823; x_wconf 76' lang='lat' dir='ltr'>defuncti</span> <span class='ocrx_word' id='word_1_402' title='bbox 521 3767 656 3822; x_wconf 89' lang='lat' dir='ltr'>mandata</span> <span class='ocrx_word' id='word_1_403' title='bbox 674 3783 724 3836; x_wconf 91' lang='lat' dir='ltr'>per</span> <span class='ocrx_word' id='word_1_404' title='bbox 742 3765 926 3836; x_wconf 80' lang='lat' dir='ltr'>intersignum</span> <span class='ocrx_word' id='word_1_405' title='bbox 945 3765 1118 3836; x_wconf 88' lang='lat' dir='ltr'>porrigentes</span> <span class='ocrx_word' id='word_1_406' title='bbox 1139 3766 1299 3833; x_wconf 85' lang='lat' dir='ltr'>Edmunde,</span> <span class='ocrx_word' id='word_1_407' title='bbox 1313 3767 1395 3836; x_wconf 89' lang='lat' dir='ltr'>quasi</span> <span class='ocrx_word' id='word_1_408' title='bbox 1407 3767 1433 3822; x_wconf 89' lang='lat' dir='ltr'>ui</span> 
     </span>
     <span class='ocr_line' id='line_1_43' title="bbox 287 3847 1433 3918; baseline -0.003 -11"><span class='ocrx_word' id='word_1_409' title='bbox 287 3851 428 3907; x_wconf 89' lang='lat' dir='ltr'>exactoria</span> <span class='ocrx_word' id='word_1_410' title='bbox 448 3851 526 3905; x_wconf 91' lang='lat' dir='ltr'>illum</span> <span class='ocrx_word' id='word_1_411' title='bbox 548 3850 576 3904; x_wconf 91' lang='lat' dir='ltr'>in</span> <span class='ocrx_word' id='word_1_412' title='bbox 595 3865 690 3918; x_wconf 89' lang='lat' dir='ltr'>regem</span> <span class='ocrx_word' id='word_1_413' title='bbox 713 3847 859 3918; x_wconf 87' lang='lat' dir='ltr'>Estanglie</span> <span class='ocrx_word' id='word_1_414' title='bbox 877 3847 1029 3918; x_wconf 86' lang='lat' dir='ltr'>pecierunt.</span> <span class='ocrx_word' id='word_1_415' title='bbox 1066 3849 1128 3902; x_wconf 88' lang='lat' dir='ltr'>Rex</span> <span class='ocrx_word' id='word_1_416' title='bbox 1147 3865 1213 3902; x_wconf 87' lang='lat' dir='ltr'>vero</span> <span class='ocrx_word' id='word_1_417' title='bbox 1238 3849 1353 3916; x_wconf 88' lang='lat' dir='ltr'>cognati</span> <span class='ocrx_word' id='word_1_418' title='bbox 1378 3849 1433 3904; x_wconf 89' lang='lat' dir='ltr'>eius</span> 
     </span>
     <span class='ocr_line' id='line_1_44' title="bbox 287 3929 1431 4005; baseline -0.003 -16"><span class='ocrx_word' id='word_1_419' title='bbox 287 3935 361 4005; x_wconf 90' lang='lat' dir='ltr'>regis</span> <span class='ocrx_word' id='word_1_420' title='bbox 374 3935 470 4005; x_wconf 89' lang='lat' dir='ltr'>agnita</span> <span class='ocrx_word' id='word_1_421' title='bbox 484 3930 604 4004; x_wconf 88' lang='lat' dir='ltr'>[morte],</span> <span class='ocrx_word' id='word_1_422' title='bbox 618 3933 742 3986; x_wconf 89' lang='lat' dir='ltr'>tristatus</span> <span class='ocrx_word' id='word_1_423' title='bbox 755 3941 806 3996; x_wconf 89' lang='lat' dir='ltr'>est,</span> <span class='ocrx_word' id='word_1_424' title='bbox 817 3930 860 3985; x_wconf 91' lang='lat' dir='ltr'>cui</span> <span class='ocrx_word' id='word_1_425' title='bbox 871 3929 1013 4000; x_wconf 78' lang='lat' dir='ltr'>utriusque</span> <span class='ocrx_word' id='word_1_426' title='bbox 1025 3929 1131 3985; x_wconf 91' lang='lat' dir='ltr'>ordinis</span> <span class='ocrx_word' id='word_1_427' title='bbox 1143 3930 1263 4000; x_wconf 90' lang='lat' dir='ltr'>populus</span> <span class='ocrx_word' id='word_1_428' title='bbox 1275 3931 1431 4000; x_wconf 88' lang='lat' dir='ltr'>condoluit;</span> 
     </span>
     <span class='ocr_line' id='line_1_45' title="bbox 287 4012 1431 4083; baseline -0.004 -10"><span class='ocrx_word' id='word_1_429' title='bbox 287 4019 374 4073; x_wconf 86' lang='lat' dir='ltr'>filium</span> <span class='ocrx_word' id='word_1_430' title='bbox 385 4036 466 4072; x_wconf 89' lang='lat' dir='ltr'>suum</span> <span class='ocrx_word' id='word_1_431' title='bbox 476 4033 542 4072; x_wconf 90' lang='lat' dir='ltr'>vero</span> <span class='ocrx_word' id='word_1_432' title='bbox 554 4013 740 4069; x_wconf 89' lang='lat' dir='ltr'>Edmundum</span> <span class='ocrx_word' id='word_1_433' title='bbox 753 4014 781 4068; x_wconf 91' lang='lat' dir='ltr'>in</span> <span class='ocrx_word' id='word_1_434' title='bbox 794 4023 851 4068; x_wconf 91' lang='lat' dir='ltr'>tam</span> <span class='ocrx_word' id='word_1_435' title='bbox 864 4024 1002 4068; x_wconf 90' lang='lat' dir='ltr'>remotam</span> <span class='ocrx_word' id='word_1_436' title='bbox 1014 4012 1134 4083; x_wconf 90' lang='lat' dir='ltr'>patriam</span> <span class='ocrx_word' id='word_1_437' title='bbox 1146 4013 1256 4068; x_wconf 90' lang='lat' dir='ltr'>mittere</span> <span class='ocrx_word' id='word_1_438' title='bbox 1268 4013 1431 4080; x_wconf 84' lang='lat' dir='ltr'>detrectans,</span> 
     </span>
     <span class='ocr_line' id='line_1_46' title="bbox 242 4095 1429 4170; baseline -0.005 -14"><span class='ocrx_word' id='word_1_439' title='bbox 242 4118 273 4168; x_wconf 85' lang='lat'>45</span> <span class='ocrx_word' id='word_1_440' title='bbox 287 4102 435 4156; x_wconf 90' lang='lat' dir='ltr'>consilium</span> <span class='ocrx_word' id='word_1_441' title='bbox 448 4116 532 4170; x_wconf 90' lang='lat' dir='ltr'>super</span> <span class='ocrx_word' id='word_1_442' title='bbox 544 4098 598 4152; x_wconf 93' lang='lat' dir='ltr'>hoc</span> <span class='ocrx_word' id='word_1_443' title='bbox 609 4098 647 4152; x_wconf 92' lang='lat' dir='ltr'>ab</span> <span class='ocrx_word' id='word_1_444' title='bbox 659 4097 800 4167; x_wconf 90' lang='lat' dir='ltr'>episcopis</span> <span class='ocrx_word' id='word_1_445' title='bbox 812 4096 870 4152; x_wconf 91' lang='lat' dir='ltr'>suis</span> <span class='ocrx_word' id='word_1_446' title='bbox 882 4096 1042 4166; x_wconf 88' lang='lat' dir='ltr'>interrogat.</span> <span class='ocrx_word' id='word_1_447' title='bbox 1080 4095 1136 4164; x_wconf 85' lang='lat' dir='ltr'>Qui</span> <span class='ocrx_word' id='word_1_448' title='bbox 1155 4112 1253 4150; x_wconf 89' lang='lat' dir='ltr'>omnes</span> <span class='ocrx_word' id='word_1_449' title='bbox 1271 4096 1389 4150; x_wconf 90' lang='lat' dir='ltr'>laudant</span> <span class='ocrx_word' id='word_1_450' title='bbox 1404 4097 1429 4150; x_wconf 87' lang='lat' dir='ltr'>in</span> 
     </span>
     <span class='ocr_line' id='line_1_47' title="bbox 288 4178 1430 4251; baseline -0.007 -12"><span class='ocrx_word' id='word_1_451' title='bbox 288 4200 445 4251; x_wconf 91' lang='lat' dir='ltr'>commune,</span> <span class='ocrx_word' id='word_1_452' title='bbox 455 4191 485 4236; x_wconf 86' lang='lat' dir='ltr'>vt</span> <span class='ocrx_word' id='word_1_453' title='bbox 498 4179 676 4250; x_wconf 84' lang='lat' dir='ltr'>disposicioni</span> <span class='ocrx_word' id='word_1_454' title='bbox 689 4196 745 4234; x_wconf 89' lang='lat' dir='ltr'>non</span> <span class='ocrx_word' id='word_1_455' title='bbox 757 4179 912 4250; x_wconf 84' lang='lat' dir='ltr'>refragetur</span> <span class='ocrx_word' id='word_1_456' title='bbox 923 4178 1026 4245; x_wconf 90' lang='lat' dir='ltr'>diuine,</span> <span class='ocrx_word' id='word_1_457' title='bbox 1042 4189 1199 4233; x_wconf 88' lang='lat' dir='ltr'>asserentes</span> <span class='ocrx_word' id='word_1_458' title='bbox 1210 4195 1274 4233; x_wconf 88' lang='lat' dir='ltr'>esse</span> <span class='ocrx_word' id='word_1_459' title='bbox 1286 4179 1430 4250; x_wconf 88' lang='lat' dir='ltr'>scriptum:</span> 
     </span>
    </p>
   </div>
   <div class='ocr_carea' id='block_1_3' title="bbox 488 4295 1237 4352">
    <p class='ocr_par' dir='ltr' id='par_1_3' title="bbox 488 4295 1237 4352">
     <span class='ocr_line' id='line_1_48' title="bbox 488 4295 1237 4352; baseline 0 -3"><span class='ocrx_word' id='word_1_460' title='bbox 488 4300 496 4330; x_wconf 91' lang='lat'>¹</span> <span class='ocrx_word' id='word_1_461' title='bbox 515 4299 571 4351; x_wconf 77' lang='lat' dir='ltr'>its.</span> <span class='ocrx_word' id='word_1_462' title='bbox 583 4315 684 4352; x_wconf 72' lang='lat' dir='ltr'>annun.</span> <span class='ocrx_word' id='word_1_463' title='bbox 1038 4295 1049 4326; x_wconf 88' lang='lat'><strong>¹</strong></span> <span class='ocrx_word' id='word_1_464' title='bbox 1065 4297 1120 4350; x_wconf 84' lang='lat' dir='ltr'>MS.</span> <span class='ocrx_word' id='word_1_465' title='bbox 1133 4297 1237 4349; x_wconf 84' lang='lat' dir='ltr'>Tamen.</span> 
     </span>
    </p>
   </div>
   <div class='ocr_carea' id='block_1_4' title="bbox 0 0 1536 4888">
    <p class='ocr_par' dir='ltr' id='par_1_4' title="bbox 0 0 1536 4888">
     <span class='ocr_line' id='line_1_49' title="bbox 0 0 1536 4888; baseline 0 2"><span class='ocrx_word' id='word_1_466' title='bbox 0 0 1536 4888; x_wconf 95' lang='lat' dir='ltr'> </span> 
     </span>
    </p>
   </div>
  </div>
 </body>
</html>
