3028 4894
112 329 135 365 1.
153 314 221 364 nn
234 304 318 379 rna]
457 300 532 394 ma
556 297 722 388 bunna
749 298 919 392 titania.
1183 327 1256 402 473

108 515 186 570 gans
198 500 285 558 valde
298 499 353 557 suit
365 509 395 558 et
407 502 524 572 decora,
533 501 800 574 uniuersorumque
814 502 908 559 oculis
920 501 1097 576 gratissima
1122 502 1258 578 Denique

109 595 140 642 et
159 604 277 644 morum
296 589 375 645 illius
393 589 535 647 honestas
548 599 637 663 atque
655 589 802 646 modestia
814 590 923 663 vbique
936 591 1133 664 predicatur¹‚
1148 591 1258 665 vbique

109 674 246 731 laudatur
254 675 271 732 ¹.
316 676 409 733 Fama
438 679 560 734 tandem
591 678 686 751 ipsius
716 676 788 734 felix
819 687 849 735 et
879 680 989 748 suauis,
1015 681 1149 752 odorque
1179 681 1258 737 bone

108 763 260 836 opinionis
279 764 353 833 eius,
372 765 410 821 ad
431 783 534 838 regem
557 768 708 839 quendam
728 766 866 839 peruenit
889 784 1046 840 paganum,
1067 769 1122 824 sed
1147 767 1258 824 diuitiis

108 859 199 923 atque
224 851 358 925 potentia
380 853 466 910 huius
486 854 585 926 puelle
612 863 697 927 patre
723 853 885 910 fortiorem.
923 853 992 910 Rex
1017 854 1165 927 siquidem
1191 853 1286 914 hic²⁵

108 939 222 995 austeri
241 949 305 996 erat
320 940 420 1011 animi,
434 943 488 997 sed
501 959 577 998 vxor
589 941 668 997 illius
682 941 719 997 ab
734 941 856 997 infantia
872 941 959 998 bonis
973 942 1102 1015 pollebat
1116 943 1257 1000 moribus.

109 1025 169 1096 Qui
180 1027 273 1084 lilium
284 1028 458 1102 habeba[n]t
467 1029 608 1086 iuuenem
618 1038 648 1086 et
658 1029 855 1086 honestumin
864 1028 1010 1085 omnibus.
1037 1029 1131 1086 Porro
1140 1030 1258 1088 iuuenis

108 1113 192 1170 idem
211 1115 423 1188 regius³bone
440 1116 538 1173 extitit
557 1116 673 1186 indolis,
692 1116 848 1189 speciosus
867 1116 962 1173 forma
980 1127 1010 1174 et
1029 1119 1165 1174 decorus.
1202 1118 1257 1175 Cui

108 1210 196 1274 pater
208 1211 238 1260 et
252 1214 348 1260 mater
360 1203 424 1261 eius
437 1203 545 1277 prelati
558 1204 639 1277 regis
652 1204 722 1260 boni
735 1205 827 1260 liliam
839 1203 870 1260 in
884 1203 1105 1261 matrimonium
1118 1206 1258 1278 copulare

108 1292 283 1362 querebant.
321 1291 453 1348 Consilio
471 1293 590 1349 autem‘
610 1292 717 1362 habito,
737 1291 857 1348 mittunt
875 1291 998 1364 legatos,
1019 1309 1088 1349 cum
1108 1293 1258 1350 blanditiis
1273 1314 1304 1351 ro

107 1387 258 1451 temptant
282 1389 311 1436 et
336 1379 493 1452 promissis
518 1390 676 1452 parentum
700 1377 835 1435 animos⁵
860 1380 897 1435 ad
923 1397 1103 1437 consensum
1128 1380 1258 1452 allicere,

108 1483 178 1521 cum
197 1466 287 1523 etiam
307 1467 396 1523 minis
414 1469 546 1540 gestiunt
566 1468 703 1524 nolentes
725 1466 914 1539 compellere.
951 1466 1030 1536 Quid
1052 1469 1159 1540 plural
1198 1468 1258 1525 Re·

107 1553 215 1625 ligioso
240 1571 312 1628 rege
336 1572 429 1628 super
452 1555 513 1611 filia
538 1554 733 1611 nihilominus
762 1553 901 1626 religiosa
925 1563 955 1611 et
979 1554 1088 1627 pudica
1112 1555 1258 1614 titubante

107 1640 259 1713 nimisque
289 1641 450 1699 lluctuante
480 1642 552 1716 quid
584 1643 640 1699 sibi
672 1641 770 1698 soret⁶
795 1642 954 1714 agendum,
979 1641 1105 1699 mittitur
1128 1644 1167 1699 de
1194 1644 1258 1700 celo

106 1728 235 1802 angelus
256 1729 345 1785 huius
366 1730 472 1802 copule
496 1729 724 1803 paranimphus,
747 1731 852 1786 suadet
872 1729 964 1784 tiliam
986 1747 1167 1786 consensum
1190 1748 1302 1803 pre-15

107 1816 182 1872 bere
194 1812 308 1888 legatis,
321 1834 465 1890 sponsam
478 1817 586 1886 vocari,
600 1817 736 1874 dotalicia
753 1816 916 1889 suscipere,
930 1825 959 1872 et
972 1816 1128 1889 proprium
1141 1827 1258 1890 patrem

108 1903 148 1959 de
167 1903 307 1976 periculis
326 1904 550 1960 imminentibus
569 1921 683 1970 eruere,
702 1905 890 1976 alterumque
909 1921 1014 1975 regem
1034 1921 1091 1960 vna
1110 1921 1178 1960 cum
1197 1905 1258 1960 lilio

108 1991 268 2064 promissis
298 1991 409 2064 nuptiis
439 1991 592 2050 letificare.
636 1991 778 2049 Preterea
808 1991 913 2047 suadet
938 1990 1080 2047 Vrsulam
1110 1991 1258 2064 virginem

108 2078 248 2135 vndecim
269 2079 349 2135 milia
369 2079 519 2152 virginum
544 2088 697 2151 expetere,
717 2095 842 2152 quarum
864 2096 903 2136 ex
922 2078 1063 2135 societate
1087 2079 1257 2151 [triennio]⁷

108 2164 274 2222 instruatur
292 2166 404 2240 nuptiis
423 2169 614 2240 preparanda
631 2166 747 2224 suturis.
784 2165 932 2239 Suscepto
945 2165 1035 2238 igitur
1047 2166 1157 2222 nuncio
1170 2168 1257 2236 bono,
1272 2184 1304 2220 ao

109 2253 199 2326 legati
218 2264 409 2311 reuertuntur
426 2255 458 2310 in
477 2253 631 2327 regionem
651 2271 736 2310 suam
755 2253 875 2322 hilares,
894 2255 973 2309 bona
990 2254 1141 2322 nunciant,
1154 2272 1257 2328 regem

110 2350 140 2398 et
162 2341 257 2398 filium
278 2342 430 2400 letificant.
467 2341 616 2398 Continuo
634 2341 843 2398 vniuersarum
866 2339 1086 2414 prouinciarum
1107 2342 1258 2415 virgines⁸

109 2438 319 2499 conuocantur,
346 2430 406 2487 filie
431 2447 536 2503 regum
559 2430 607 2486 et⁸
631 2431 742 2486 ducum
766 2429 816 2485 et8
838 2429 1017 2502 principum,
1039 2429 1203 2487 comitum⁹
1223 2449 1257 2488 ac

108 2517 254 2573 nobilium
273 2527 303 2574 et
322 2517 458 2574 militaris
477 2517 598 2590 generis
616 2517 725 2590 puelle.
764 2515 798 2572 In
817 2517 921 2590 plures
942 2517 1089 2590 siquidem
1108 2535 1196 2590 reges
1217 2520 1257 2591 [et

108 2604 282 2678 regiones]⁷
302 2613 372 2661 tunc
389 2605 534 2678 temporis
556 2605 605 2661 illa
622 2605 705 2661 suere
725 2621 821 2679 regna
833 2604 937 2661 diuisa.
975 2603 1044 2660 Rex
1056 2615 1157 2661 tamen
1177 2606 1257 2662 idem
1272 2619 1302 2670 25

109 2703 197 2766 pater
221 2693 338 2750 iuuenis
358 2693 459 2749 labore
483 2692 671 2766 permaximo
692 2693 773 2749 acies
791 2691 942 2765 virginum
967 2692 1130 2749 electarum
1155 2693 1258 2766 plures

109 2797 305 2853 congregans,
325 2780 458 2852 predicte
476 2779 583 2853 virgini
601 2780 710 2836 Vrsule
728 2797 797 2836 cum
816 2779 930 2853 ingenti
944 2779 1043 2852 dirigit
1061 2789 1206 2853 apparatu
1227 2791 1258 2837 et

107 2867 212 2940 gloria
250 2867 339 2924 Pater
368 2885 442 2924 sane
473 2867 609 2925 eiusdem
639 2867 763 2940 virginis
789 2867 923 2940 virgines
950 2867 1070 2935 electas,
1094 2868 1257 2940 elegantes,

108 2954 227 3012 nobiles
250 2955 361 3028 vbique
385 2955 528 3028 colligens
550 2965 579 3012 et
604 2957 740 3012 adunans
764 2955 806 3011 illi
828 2956 958 3011 donauit.
1004 2954 1087 3024 Quas
1107 2953 1158 3010 illa
1178 2954 1258 3010 velut

107 3043 215 3100 celitus
239 3042 296 3100 sibi
320 3045 513 3100 transmissas
537 3043 712 3116 suscipiens,
738 3044 797 3100 fide
825 3042 934 3100 Christi
958 3052 989 3100 et
1013 3042 1156 3114 religione
1174 3042 1258 3114 virgo
1272 3057 1304 3107 30

107 3131 219 3188 nobilis
233 3141 262 3188 et
275 3129 413 3204 religiosa
423 3132 444 3164 ¹⁰
456 3131 595 3189 nobiliter
607 3131 755 3188 instruxit
786 3131 942 3187 Venerunt
954 3130 1057 3203 sepius
1069 3129 1172 3202 angeli¹
1180 3129 1259 3186 inter

107 3235 163 3275 eas
187 3219 225 3276 de
249 3219 321 3276 celis
345 3219 459 3288 directi,
478 3219 599 3276 visitare
621 3220 687 3276 illas
712 3229 800 3293 atque
822 3223 852 3274 ln
872 3220 950 3275 bono
972 3218 1165 3275 corroborare
1190 3235 1257 3290 pro-

107 3307 216 3380 posito.
256 3305 393 3379 Denique
411 3316 441 3362 et
458 3307 557 3380 angeli
576 3308 767 3364 tenebrarum
786 3306 920 3363 crebrius
935 3305 1126 3378 [venerunt]⁷
1139 3305 1258 3378 nuptias

107 3393 154 3450 eis
174 3395 301 3450 suadere
320 3393 480 3466 legittimae
499 3403 589 3467 atque
606 3395 663 3451 ad⁸
685 3411 776 3467 opera
794 3393 924 3466 maligna
944 3401 974 3449 et
992 3392 1140 3450 desideria
1159 3394 1258 3450 carnis

107 3481 301 3554 adimplenda
313 3481 444 3538 incitare.
469 3481 510 3538 At
522 3481 571 3538 ille
584 3481 633 3539 dei
651 3482 751 3539 adiute
769 3482 873 3555 gratia,
886 3490 974 3554 atque
987 3481 1161 3554 angelorum
1174 3499 1258 3538 sanc·
1272 3493 1303 3546 35

106 3579 209 3626 torum
234 3569 347 3626 munite
372 3569 513 3637 custodia,
538 3569 569 3626 in
594 3569 735 3642 religioso
762 3569 882 3626 luerunt
903 3569 1035 3642 quotidie
1066 3569 1258 3642 proficientes

106 3657 217 3713 studio.
253 3657 364 3730 Angeli
385 3656 533 3729 siquidem
555 3657 660 3714 missi⁸
679 3659 718 3714 de
739 3657 811 3714 celis
835 3659 953 3714 beatam
973 3657 1113 3713 Vrsulam
1135 3673 1257 3714 omnem

108 3745 201 3802 futuri
222 3743 366 3817 triumphi
391 3744 501 3800 seriem
526 3746 697 3813 edocentes,
716 3745 873 3817 predicunt
899 3762 951 3802 eas
971 3744 1126 3801 Coloniam
1145 3744 1259 3817 pariter

106 3836 202 3890 ituras
213 3832 403 3906 gloriosoque
416 3832 540 3889 martirii
553 3833 680 3905 tropheo
693 3849 799 3889 omnes
809 3834 1003 3890 coronandae„

177 3993 183 4022 ¹
201 3993 231 4045 B.
243 3994 439 4058 predicabatur.
451 4030 458 4045 .
474 4033 480 4045 .
491 3994 651 4044 laudabatur.
727 3991 737 4022 ¹
754 3992 784 4044 B.
797 3993 838 4043 hic
850 3993 926 4044 idem.
1001 3993 1011 4022 ⁸
1029 3993 1096 4042 idem
1109 3993 1195 4054 regius
1207 4007 1257 4044 om.

105 4063 135 4112 in
149 4061 179 4110 B.
261 4060 271 4089 ⁴
288 4061 318 4110 B.
330 4076 401 4110 sanc.
487 4059 497 4089 ⁵
515 4061 544 4110 B.
557 4061 676 4110 animum.
762 4059 772 4086 ⁸
789 4059 820 4108 B.
832 4067 909 4108 esset.
994 4056 1051 4108 'so
1063 4059 1109 4120 B.;
1126 4075 1175 4109 om.
1188 4059 1215 4108 in
1227 4059 1256 4109 E.

105 4127 116 4158 ⁸
135 4143 176 4178 om
197 4127 224 4176 in
237 4125 268 4177 B.
334 4127 344 4157 ⁹
362 4127 393 4177 B.
406 4125 585 4190 comitumque.
651 4127 669 4155 ¹⁰
686 4125 716 4177 B.
729 4132 756 4176 et
766 4141 791 4175 n.
804 4133 830 4175 et
842 4125 962 4188 gloriosa.
