<?xml version="1.0" encoding="UTF-8"?>
<!DOCTYPE html PUBLIC "-//W3C//DTD XHTML 1.0 Transitional//EN"
    "http://www.w3.org/TR/xhtml1/DTD/xhtml1-transitional.dtd">
<html xmlns="http://www.w3.org/1999/xhtml" xml:lang="en" lang="en">
 <head>
  <title>
</title>
<meta http-equiv="Content-Type" content="text/html;charset=utf-8" />
  <meta name='ocr-system' content='tesseract 3.04.00' />
  <meta name='ocr-capabilities' content='ocr_page ocr_carea ocr_par ocr_line ocrx_word'/>
</head>
<body>
  <div class='ocr_page' id='page_1' title='image "./novalegendaangl00wordgoog/novalegendaangl00wordgoog_0024.png"; bbox 0 0 3044 4894; ppageno 0'>
   <div class='ocr_carea' id='block_1_1' title="bbox 432 305 1234 416">
    <p class='ocr_par' dir='ltr' id='par_1_1' title="bbox 432 305 1234 416">
     <span class='ocr_line' id='line_1_1' title="bbox 432 305 1234 416; baseline -0.001 -7"><span class='ocrx_word' id='word_1_1' title='bbox 432 305 889 416; x_wconf 59' lang='lat' dir='ltr'>mesoarcheriis.</span> <span class='ocrx_word' id='word_1_2' title='bbox 1192 335 1234 408; x_wconf 82' lang='lat'>13</span> 
     </span>
    </p>
   </div>
   <div class='ocr_carea' id='block_1_2' title="bbox 81 515 1308 3578">
    <p class='ocr_par' dir='ltr' id='par_1_2' title="bbox 81 515 1308 3578">
     <span class='ocr_line' id='line_1_2' title="bbox 81 515 1235 591; baseline 0.002 -17"><span class='ocrx_word' id='word_1_3' title='bbox 81 517 208 575; x_wconf 89' lang='lat' dir='ltr'>minima</span> <span class='ocrx_word' id='word_1_4' title='bbox 233 517 308 576; x_wconf 80' lang='lat' dir='ltr'>facie</span> <span class='ocrx_word' id='word_1_5' title='bbox 334 519 410 576; x_wconf 90' lang='lat' dir='ltr'>deus</span> <span class='ocrx_word' id='word_1_6' title='bbox 435 535 543 575; x_wconf 90' lang='lat' dir='ltr'>omnes</span> <span class='ocrx_word' id='word_1_7' title='bbox 567 535 676 574; x_wconf 90' lang='lat' dir='ltr'>sensus</span> <span class='ocrx_word' id='word_1_8' title='bbox 703 517 837 591; x_wconf 91' lang='lat' dir='ltr'>corporis</span> <span class='ocrx_word' id='word_1_9' title='bbox 862 515 1030 575; x_wconf 87' lang='lat' dir='ltr'>collocauit.’</span> <span class='ocrx_word' id='word_1_10' title='bbox 1066 517 1235 576; x_wconf 89' lang='lat' dir='ltr'>Audientes</span> 
     </span>
     <span class='ocr_line' id='line_1_3' title="bbox 81 605 1235 680; baseline 0 -18"><span class='ocrx_word' id='word_1_11' title='bbox 81 615 184 662; x_wconf 92' lang='lat' dir='ltr'>autem</span> <span class='ocrx_word' id='word_1_12' title='bbox 198 623 304 663; x_wconf 90' lang='lat' dir='ltr'>omnes</span> <span class='ocrx_word' id='word_1_13' title='bbox 317 606 547 680; x_wconf 85' lang='lat' dir='ltr'>responsionem</span> <span class='ocrx_word' id='word_1_14' title='bbox 561 605 697 662; x_wconf 90' lang='lat' dir='ltr'>admirati</span> <span class='ocrx_word' id='word_1_15' title='bbox 717 614 796 662; x_wconf 92' lang='lat' dir='ltr'>sunt.</span> <span class='ocrx_word' id='word_1_16' title='bbox 834 605 1049 678; x_wconf 88' lang='lat' dir='ltr'>‘Proponatur,</span> <span class='ocrx_word' id='word_1_17' title='bbox 1063 605 1158 678; x_wconf 92' lang='lat' dir='ltr'>inquit</span> <span class='ocrx_word' id='word_1_18' title='bbox 1176 606 1235 675; x_wconf 92' lang='lat' dir='ltr'>illa,</span> 
     </span>
     <span class='ocr_line' id='line_1_4' title="bbox 82 693 1234 767; baseline -0.001 -17"><span class='ocrx_word' id='word_1_19' title='bbox 82 694 141 750; x_wconf 88' lang='lat' dir='ltr'><strong>sibi</strong></span> <span class='ocrx_word' id='word_1_20' title='bbox 154 696 289 751; x_wconf 87' lang='lat' dir='ltr'>secunda</span> <span class='ocrx_word' id='word_1_21' title='bbox 302 694 419 767; x_wconf 86' lang='lat' dir='ltr'><strong>questio</strong></span> <span class='ocrx_word' id='word_1_22' title='bbox 434 693 564 767; x_wconf 88' lang='lat' dir='ltr'>grauior,</span> <span class='ocrx_word' id='word_1_23' title='bbox 575 693 674 767; x_wconf 93' lang='lat' dir='ltr'>inqua</span> <span class='ocrx_word' id='word_1_24' title='bbox 688 693 795 749; x_wconf 89' lang='lat' dir='ltr'>melius</span> <span class='ocrx_word' id='word_1_25' title='bbox 803 709 966 766; x_wconf 89' lang='lat' dir='ltr'>possumus</span> <span class='ocrx_word' id='word_1_26' title='bbox 979 693 1043 750; x_wconf 90' lang='lat' dir='ltr'>eius</span> <span class='ocrx_word' id='word_1_27' title='bbox 1057 693 1234 766; x_wconf 86' lang='lat' dir='ltr'>sapientiam</span> 
     </span>
     <span class='ocr_line' id='line_1_5' title="bbox 82 781 1235 855; baseline 0 -17"><span class='ocrx_word' id='word_1_28' title='bbox 82 783 224 855; x_wconf 87' lang='lat' dir='ltr'>experiri.</span> <span class='ocrx_word' id='word_1_29' title='bbox 257 783 408 852; x_wconf 88' lang='lat' dir='ltr'>Queratur</span> <span class='ocrx_word' id='word_1_30' title='bbox 419 784 456 838; x_wconf 88' lang='lat' dir='ltr'>ab</span> <span class='ocrx_word' id='word_1_31' title='bbox 466 801 506 838; x_wconf 83' lang='lat' dir='ltr'>eo</span> <span class='ocrx_word' id='word_1_32' title='bbox 516 783 566 838; x_wconf 88' lang='lat' dir='ltr'>vbi</span> <span class='ocrx_word' id='word_1_33' title='bbox 576 791 658 838; x_wconf 87' lang='lat' dir='ltr'>terra</span> <span class='ocrx_word' id='word_1_34' title='bbox 668 782 706 839; x_wconf 91' lang='lat' dir='ltr'>sit</span> <span class='ocrx_word' id='word_1_35' title='bbox 717 781 802 837; x_wconf 87' lang='lat' dir='ltr'>altior</span> <span class='ocrx_word' id='word_1_36' title='bbox 812 781 894 837; x_wconf 89' lang='lat' dir='ltr'>omni</span> <span class='ocrx_word' id='word_1_37' title='bbox 907 781 988 838; x_wconf 71' lang='lat' dir='ltr'>celo!</span> <span class='ocrx_word' id='word_1_38' title='bbox 1020 781 1235 838; x_wconf 90' lang='lat' dir='ltr'>Percunctatus</span> 
     </span>
     <span class='ocr_line' id='line_1_6' title="bbox 83 869 1264 944; baseline 0.001 -19"><span class='ocrx_word' id='word_1_39' title='bbox 83 871 123 926; x_wconf 93' lang='lat' dir='ltr'>de</span> <span class='ocrx_word' id='word_1_40' title='bbox 142 871 199 926; x_wconf 93' lang='lat' dir='ltr'>hoc</span> <span class='ocrx_word' id='word_1_41' title='bbox 219 869 408 944; x_wconf 67' lang='lat' dir='ltr'>peregrinus</span> <span class='ocrx_word' id='word_1_42' title='bbox 427 870 601 943; x_wconf 83' lang='lat' dir='ltr'>respondit:</span> <span class='ocrx_word' id='word_1_43' title='bbox 622 869 669 926; x_wconf 91' lang='lat' dir='ltr'>‘in</span> <span class='ocrx_word' id='word_1_44' title='bbox 689 871 753 926; x_wconf 90' lang='lat' dir='ltr'>celo</span> <span class='ocrx_word' id='word_1_45' title='bbox 772 870 916 942; x_wconf 85' lang='lat' dir='ltr'>empireo,</span> <span class='ocrx_word' id='word_1_46' title='bbox 927 869 977 927; x_wconf 88' lang='lat' dir='ltr'>vbi</span> <span class='ocrx_word' id='word_1_47' title='bbox 996 872 1108 927; x_wconf 87' lang='lat' dir='ltr'>residet</span> <span class='ocrx_word' id='word_1_48' title='bbox 1126 887 1264 943; x_wconf 73' lang='lat' dir='ltr'>corpuss</span> 
     </span>
     <span class='ocr_line' id='line_1_7' title="bbox 82 957 1236 1032; baseline 0 -18"><span class='ocrx_word' id='word_1_49' title='bbox 82 959 206 1014; x_wconf 88' lang='lat' dir='ltr'>Christi.</span> <span class='ocrx_word' id='word_1_50' title='bbox 243 959 361 1032; x_wconf 90' lang='lat' dir='ltr'>Corpus</span> <span class='ocrx_word' id='word_1_51' title='bbox 369 959 450 1014; x_wconf 90' lang='lat' dir='ltr'>enim</span> <span class='ocrx_word' id='word_1_52' title='bbox 461 959 580 1024; x_wconf 88' lang='lat' dir='ltr'>Christi,</span> <span class='ocrx_word' id='word_1_53' title='bbox 592 960 671 1032; x_wconf 91' lang='lat' dir='ltr'>quod</span> <span class='ocrx_word' id='word_1_54' title='bbox 685 967 731 1015; x_wconf 89' lang='lat' dir='ltr'>est</span> <span class='ocrx_word' id='word_1_55' title='bbox 744 959 832 1014; x_wconf 90' lang='lat' dir='ltr'>altius</span> <span class='ocrx_word' id='word_1_56' title='bbox 845 957 927 1014; x_wconf 90' lang='lat' dir='ltr'>omni</span> <span class='ocrx_word' id='word_1_57' title='bbox 941 958 1013 1026; x_wconf 88' lang='lat' dir='ltr'>ce10,</span> <span class='ocrx_word' id='word_1_58' title='bbox 1023 967 1069 1014; x_wconf 92' lang='lat' dir='ltr'>est</span> <span class='ocrx_word' id='word_1_59' title='bbox 1081 960 1120 1015; x_wconf 93' lang='lat' dir='ltr'>de</span> <span class='ocrx_word' id='word_1_60' title='bbox 1134 967 1236 1014; x_wconf 86' lang='lat' dir='ltr'>nostra</span> 
     </span>
     <span class='ocr_line' id='line_1_8' title="bbox 82 1045 1235 1118; baseline 0.002 -17"><span class='ocrx_word' id='word_1_61' title='bbox 82 1063 176 1102; x_wconf 87' lang='lat' dir='ltr'>carne</span> <span class='ocrx_word' id='word_1_62' title='bbox 189 1046 357 1103; x_wconf 79' lang='lat' dir='ltr'>formatum.</span> <span class='ocrx_word' id='word_1_63' title='bbox 396 1047 490 1103; x_wconf 92' lang='lat' dir='ltr'>Porro</span> <span class='ocrx_word' id='word_1_64' title='bbox 510 1064 580 1103; x_wconf 91' lang='lat' dir='ltr'>caro</span> <span class='ocrx_word' id='word_1_65' title='bbox 599 1055 702 1102; x_wconf 90' lang='lat' dir='ltr'>nostra</span> <span class='ocrx_word' id='word_1_66' title='bbox 723 1045 890 1102; x_wconf 89' lang='lat' dir='ltr'>substantia</span> <span class='ocrx_word' id='word_1_67' title='bbox 912 1055 957 1102; x_wconf 89' lang='lat' dir='ltr'>est</span> <span class='ocrx_word' id='word_1_68' title='bbox 978 1048 1108 1118; x_wconf 89' lang='lat' dir='ltr'>quedam</span> <span class='ocrx_word' id='word_1_69' title='bbox 1127 1055 1235 1103; x_wconf 88' lang='lat' dir='ltr'>terrea.</span> 
     </span>
     <span class='ocr_line' id='line_1_9' title="bbox 83 1133 1236 1208; baseline 0.001 -18"><span class='ocrx_word' id='word_1_70' title='bbox 83 1134 162 1190; x_wconf 91' lang='lat' dir='ltr'>Cum</span> <span class='ocrx_word' id='word_1_71' title='bbox 177 1135 266 1207; x_wconf 91' lang='lat' dir='ltr'>igitur</span> <span class='ocrx_word' id='word_1_72' title='bbox 278 1153 388 1208; x_wconf 88' lang='lat' dir='ltr'>corpus</span> <span class='ocrx_word' id='word_1_73' title='bbox 400 1133 512 1192; x_wconf 88' lang='lat' dir='ltr'>Christi</span> <span class='ocrx_word' id='word_1_74' title='bbox 531 1151 624 1207; x_wconf 90' lang='lat' dir='ltr'>super</span> <span class='ocrx_word' id='word_1_75' title='bbox 636 1151 742 1192; x_wconf 91' lang='lat' dir='ltr'>omnes</span> <span class='ocrx_word' id='word_1_76' title='bbox 761 1135 843 1191; x_wconf 90' lang='lat' dir='ltr'>celos</span> <span class='ocrx_word' id='word_1_77' title='bbox 863 1133 901 1190; x_wconf 89' lang='lat' dir='ltr'>sit</span> <span class='ocrx_word' id='word_1_78' title='bbox 920 1143 951 1190; x_wconf 91' lang='lat' dir='ltr'>et</span> <span class='ocrx_word' id='word_1_79' title='bbox 970 1135 1008 1190; x_wconf 89' lang='lat' dir='ltr'>dc</span> <span class='ocrx_word' id='word_1_80' title='bbox 1024 1142 1126 1190; x_wconf 90' lang='lat' dir='ltr'>nostra</span> <span class='ocrx_word' id='word_1_81' title='bbox 1145 1151 1236 1191; x_wconf 88' lang='lat' dir='ltr'>carne</span> 
     </span>
     <span class='ocr_line' id='line_1_10' title="bbox 83 1221 1235 1295; baseline 0.001 -18"><span class='ocrx_word' id='word_1_82' title='bbox 83 1222 232 1294; x_wconf 88' lang='lat' dir='ltr'>originem</span> <span class='ocrx_word' id='word_1_83' title='bbox 240 1223 488 1294; x_wconf 85' lang='lat' dir='ltr'>dux[er]it¹,caro</span> <span class='ocrx_word' id='word_1_84' title='bbox 496 1231 595 1279; x_wconf 89' lang='lat' dir='ltr'>autem</span> <span class='ocrx_word' id='word_1_85' title='bbox 604 1231 707 1279; x_wconf 90' lang='lat' dir='ltr'>nostra</span> <span class='ocrx_word' id='word_1_86' title='bbox 715 1223 753 1280; x_wconf 89' lang='lat' dir='ltr'>de</span> <span class='ocrx_word' id='word_1_87' title='bbox 761 1231 841 1278; x_wconf 89' lang='lat' dir='ltr'>terra</span> <span class='ocrx_word' id='word_1_88' title='bbox 849 1221 887 1278; x_wconf 91' lang='lat' dir='ltr'>sit</span> <span class='ocrx_word' id='word_1_89' title='bbox 895 1223 1022 1291; x_wconf 91' lang='lat' dir='ltr'>condita,</span> <span class='ocrx_word' id='word_1_90' title='bbox 1031 1230 1147 1278; x_wconf 89' lang='lat' dir='ltr'>constat</span> <span class='ocrx_word' id='word_1_91' title='bbox 1155 1223 1235 1295; x_wconf 92' lang='lat' dir='ltr'>quod</span> 
     </span>
     <span class='ocr_line' id='line_1_11' title="bbox 82 1308 1282 1382; baseline -0.003 -17"><span class='ocrx_word' id='word_1_92' title='bbox 82 1308 135 1365; x_wconf 82' lang='lat' dir='ltr'>vbi</span> <span class='ocrx_word' id='word_1_93' title='bbox 154 1327 263 1382; x_wconf 88' lang='lat' dir='ltr'>corpus</span> <span class='ocrx_word' id='word_1_94' title='bbox 282 1309 394 1366; x_wconf 84' lang='lat' dir='ltr'>Christi</span> <span class='ocrx_word' id='word_1_95' title='bbox 413 1309 534 1378; x_wconf 88' lang='lat' dir='ltr'>residet,</span> <span class='ocrx_word' id='word_1_96' title='bbox 555 1309 594 1366; x_wconf 93' lang='lat' dir='ltr'>ibi</span> <span class='ocrx_word' id='word_1_97' title='bbox 614 1309 810 1382; x_wconf 87' lang='lat' dir='ltr'>proculdubio</span> <span class='ocrx_word' id='word_1_98' title='bbox 829 1319 910 1366; x_wconf 90' lang='lat' dir='ltr'>terra</span> <span class='ocrx_word' id='word_1_99' title='bbox 929 1309 1017 1366; x_wconf 86' lang='lat' dir='ltr'>altior</span> <span class='ocrx_word' id='word_1_100' title='bbox 1032 1310 1097 1366; x_wconf 90' lang='lat' dir='ltr'>celo</span> <span class='ocrx_word' id='word_1_101' title='bbox 1116 1312 1235 1366; x_wconf 67' lang='lat' dir='ltr'>manet!</span> <span class='ocrx_word' id='word_1_102' title='bbox 1252 1325 1282 1363; x_wconf 85' lang='grc' dir='ltr'>ιο</span> 
     </span>
     <span class='ocr_line' id='line_1_12' title="bbox 83 1397 1236 1470; baseline 0 -16"><span class='ocrx_word' id='word_1_103' title='bbox 83 1397 222 1470; x_wconf 90' lang='lat' dir='ltr'>Cumque</span> <span class='ocrx_word' id='word_1_104' title='bbox 241 1415 347 1454; x_wconf 90' lang='lat' dir='ltr'>omnes</span> <span class='ocrx_word' id='word_1_105' title='bbox 366 1398 602 1470; x_wconf 83' lang='lat' dir='ltr'>responsiones¹</span> <span class='ocrx_word' id='word_1_106' title='bbox 615 1397 680 1454; x_wconf 88' lang='lat' dir='ltr'>eius</span> <span class='ocrx_word' id='word_1_107' title='bbox 700 1397 878 1454; x_wconf 88' lang='lat' dir='ltr'>mirabiliter</span> <span class='ocrx_word' id='word_1_108' title='bbox 895 1398 1099 1470; x_wconf 85' lang='lat' dir='ltr'>approbantes</span> <span class='ocrx_word' id='word_1_109' title='bbox 1118 1398 1236 1470; x_wconf 92' lang='lat' dir='ltr'>sapien-</span> 
     </span>
     <span class='ocr_line' id='line_1_13' title="bbox 81 1485 1236 1559; baseline -0.001 -16"><span class='ocrx_word' id='word_1_110' title='bbox 81 1485 158 1543; x_wconf 88' lang='lat' dir='ltr'>tiam</span> <span class='ocrx_word' id='word_1_111' title='bbox 184 1485 248 1544; x_wconf 88' lang='lat' dir='ltr'>eius</span> <span class='ocrx_word' id='word_1_112' title='bbox 274 1485 431 1559; x_wconf 89' lang='lat' dir='ltr'>magnifice</span> <span class='ocrx_word' id='word_1_113' title='bbox 456 1486 621 1555; x_wconf 80' lang='lat' dir='ltr'>laudarent,</span> <span class='ocrx_word' id='word_1_114' title='bbox 641 1486 691 1542; x_wconf 89' lang='lat' dir='ltr'>illa</span> <span class='ocrx_word' id='word_1_115' title='bbox 716 1485 809 1543; x_wconf 81' lang='lat' dir='ltr'>dixit:</span> <span class='ocrx_word' id='word_1_116' title='bbox 838 1485 923 1543; x_wconf 88' lang='lat' dir='ltr'>‘Fiat</span> <span class='ocrx_word' id='word_1_117' title='bbox 947 1485 988 1542; x_wconf 93' lang='lat' dir='ltr'>illi</span> <span class='ocrx_word' id='word_1_118' title='bbox 1013 1485 1100 1542; x_wconf 88' lang='lat' dir='ltr'>tertia</span> <span class='ocrx_word' id='word_1_119' title='bbox 1119 1485 1236 1558; x_wconf 86' lang='lat' dir='ltr'>questio</span> 
     </span>
     <span class='ocr_line' id='line_1_14' title="bbox 82 1572 1236 1646; baseline 0.003 -18"><span class='ocrx_word' id='word_1_120' title='bbox 82 1573 262 1646; x_wconf 81' lang='lat' dir='ltr'>grauissIma</span> <span class='ocrx_word' id='word_1_121' title='bbox 274 1583 304 1630; x_wconf 91' lang='lat' dir='ltr'>et</span> <span class='ocrx_word' id='word_1_122' title='bbox 317 1575 431 1630; x_wconf 87' lang='lat' dir='ltr'>occulta</span> <span class='ocrx_word' id='word_1_123' title='bbox 443 1583 472 1630; x_wconf 89' lang='lat' dir='ltr'>et</span> <span class='ocrx_word' id='word_1_124' title='bbox 486 1575 522 1630; x_wconf 90' lang='lat' dir='ltr'>ad</span> <span class='ocrx_word' id='word_1_125' title='bbox 536 1572 714 1630; x_wconf 90' lang='lat' dir='ltr'>soluendum</span> <span class='ocrx_word' id='word_1_126' title='bbox 725 1573 855 1630; x_wconf 86' lang='lat' dir='ltr'>difficilis</span> <span class='ocrx_word' id='word_1_127' title='bbox 868 1583 898 1630; x_wconf 91' lang='lat' dir='ltr'>et</span> <span class='ocrx_word' id='word_1_128' title='bbox 911 1575 1046 1644; x_wconf 87' lang='lat' dir='ltr'>obscura,</span> <span class='ocrx_word' id='word_1_129' title='bbox 1059 1583 1091 1638; x_wconf 87' lang='lat' dir='ltr'>vt</span> <span class='ocrx_word' id='word_1_130' title='bbox 1108 1573 1151 1631; x_wconf 90' lang='lat' dir='ltr'>sic</span> <span class='ocrx_word' id='word_1_131' title='bbox 1169 1574 1236 1631; x_wconf 92' lang='lat' dir='ltr'>eius</span> 
     </span>
     <span class='ocr_line' id='line_1_15' title="bbox 83 1660 1236 1735; baseline -0.001 -17"><span class='ocrx_word' id='word_1_132' title='bbox 83 1661 234 1734; x_wconf 87' lang='lat' dir='ltr'>sapientia</span> <span class='ocrx_word' id='word_1_133' title='bbox 253 1662 342 1718; x_wconf 87' lang='lat' dir='ltr'>tertio</span> <span class='ocrx_word' id='word_1_134' title='bbox 364 1663 578 1734; x_wconf 88' lang='lat' dir='ltr'>comprobetur</span> <span class='ocrx_word' id='word_1_135' title='bbox 599 1670 629 1717; x_wconf 91' lang='lat' dir='ltr'>et</span> <span class='ocrx_word' id='word_1_136' title='bbox 650 1661 759 1734; x_wconf 88' lang='lat' dir='ltr'>dignus</span> <span class='ocrx_word' id='word_1_137' title='bbox 781 1661 819 1718; x_wconf 92' lang='lat' dir='ltr'>sit</span> <span class='ocrx_word' id='word_1_138' title='bbox 835 1669 867 1718; x_wconf 89' lang='lat' dir='ltr'>vt</span> <span class='ocrx_word' id='word_1_139' title='bbox 889 1663 926 1718; x_wconf 92' lang='lat' dir='ltr'>ad</span> <span class='ocrx_word' id='word_1_140' title='bbox 945 1679 1083 1719; x_wconf 89' lang='lat' dir='ltr'>mensam</span> <span class='ocrx_word' id='word_1_141' title='bbox 1102 1660 1236 1735; x_wconf 89' lang='lat' dir='ltr'>episcopi</span> 
     </span>
     <span class='ocr_line' id='line_1_16' title="bbox 84 1749 1281 1822; baseline 0.003 -18"><span class='ocrx_word' id='word_1_142' title='bbox 84 1750 193 1805; x_wconf 89' lang='lat' dir='ltr'>merito</span> <span class='ocrx_word' id='word_1_143' title='bbox 212 1749 391 1805; x_wconf 86' lang='lat' dir='ltr'>admittatur.</span> <span class='ocrx_word' id='word_1_144' title='bbox 429 1749 580 1818; x_wconf 88' lang='lat' dir='ltr'>Queratur</span> <span class='ocrx_word' id='word_1_145' title='bbox 598 1749 688 1822; x_wconf 89' lang='lat' dir='ltr'>igitur</span> <span class='ocrx_word' id='word_1_146' title='bbox 708 1750 747 1805; x_wconf 91' lang='lat' dir='ltr'>ab</span> <span class='ocrx_word' id='word_1_147' title='bbox 768 1767 805 1806; x_wconf 91' lang='lat' dir='ltr'>eo</span> <span class='ocrx_word' id='word_1_148' title='bbox 824 1758 969 1822; x_wconf 90' lang='lat' dir='ltr'>quantum</span> <span class='ocrx_word' id='word_1_149' title='bbox 987 1749 1140 1822; x_wconf 81' lang='lat' dir='ltr'>spacium³</span> <span class='ocrx_word' id='word_1_150' title='bbox 1162 1749 1200 1806; x_wconf 94' lang='lat' dir='ltr'>sit</span> <span class='ocrx_word' id='word_1_151' title='bbox 1218 1767 1281 1820; x_wconf 79' lang='lat' dir='ltr'>a15</span> 
     </span>
     <span class='ocr_line' id='line_1_17' title="bbox 83 1836 1236 1910; baseline 0.002 -18"><span class='ocrx_word' id='word_1_152' title='bbox 83 1845 167 1892; x_wconf 88' lang='lat' dir='ltr'>terra</span> <span class='ocrx_word' id='word_1_153' title='bbox 178 1854 275 1909; x_wconf 86' lang='lat' dir='ltr'>vsque</span> <span class='ocrx_word' id='word_1_154' title='bbox 292 1836 323 1892; x_wconf 92' lang='lat' dir='ltr'>in</span> <span class='ocrx_word' id='word_1_155' title='bbox 343 1837 456 1894; x_wconf 90' lang='lat' dir='ltr'>celum.¹</span> <span class='ocrx_word' id='word_1_156' title='bbox 495 1836 671 1909; x_wconf 91' lang='lat' dir='ltr'>Requisitus</span> <span class='ocrx_word' id='word_1_157' title='bbox 690 1838 729 1892; x_wconf 90' lang='lat' dir='ltr'>de</span> <span class='ocrx_word' id='word_1_158' title='bbox 748 1837 803 1892; x_wconf 95' lang='lat' dir='ltr'>hoc</span> <span class='ocrx_word' id='word_1_159' title='bbox 823 1837 1001 1910; x_wconf 89' lang='lat' dir='ltr'>peregrinus</span> <span class='ocrx_word' id='word_1_160' title='bbox 1021 1837 1114 1894; x_wconf 82' lang='lat' dir='ltr'>dixit:</span> <span class='ocrx_word' id='word_1_161' title='bbox 1135 1836 1236 1894; x_wconf 91' lang='lat' dir='ltr'>‘Vade</span> 
     </span>
     <span class='ocr_line' id='line_1_18' title="bbox 83 1923 1236 1998; baseline 0.002 -18"><span class='ocrx_word' id='word_1_162' title='bbox 83 1924 124 1980; x_wconf 89' lang='lat' dir='ltr'>ad</span> <span class='ocrx_word' id='word_1_163' title='bbox 144 1941 212 1979; x_wconf 91' lang='lat' dir='ltr'>eum</span> <span class='ocrx_word' id='word_1_164' title='bbox 230 1924 323 1996; x_wconf 90' lang='lat' dir='ltr'>quite</span> <span class='ocrx_word' id='word_1_165' title='bbox 346 1923 426 1980; x_wconf 91' lang='lat' dir='ltr'>misit</span> <span class='ocrx_word' id='word_1_166' title='bbox 444 1926 482 1981; x_wconf 86' lang='lat' dir='ltr'>ad</span> <span class='ocrx_word' id='word_1_167' title='bbox 496 1941 555 1994; x_wconf 89' lang='lat' dir='ltr'>me,</span> <span class='ocrx_word' id='word_1_168' title='bbox 569 1933 599 1980; x_wconf 91' lang='lat' dir='ltr'>et</span> <span class='ocrx_word' id='word_1_169' title='bbox 620 1925 730 1981; x_wconf 91' lang='lat' dir='ltr'>dehoc</span> <span class='ocrx_word' id='word_1_170' title='bbox 751 1941 820 1981; x_wconf 90' lang='lat' dir='ltr'>eum</span> <span class='ocrx_word' id='word_1_171' title='bbox 840 1923 1010 1998; x_wconf 88' lang='lat' dir='ltr'>diligentius</span> <span class='ocrx_word' id='word_1_172' title='bbox 1031 1933 1236 1997; x_wconf 88' lang='lat' dir='ltr'>percunctare.</span> 
     </span>
     <span class='ocr_line' id='line_1_19' title="bbox 85 2010 1235 2084; baseline 0.003 -17"><span class='ocrx_word' id='word_1_173' title='bbox 85 2011 160 2084; x_wconf 90' lang='lat' dir='ltr'>Ipse</span> <span class='ocrx_word' id='word_1_174' title='bbox 172 2011 253 2068; x_wconf 88' lang='lat' dir='ltr'>enim</span> <span class='ocrx_word' id='word_1_175' title='bbox 264 2012 372 2068; x_wconf 91' lang='lat' dir='ltr'>melius</span> <span class='ocrx_word' id='word_1_176' title='bbox 383 2029 431 2068; x_wconf 89' lang='lat' dir='ltr'>me</span> <span class='ocrx_word' id='word_1_177' title='bbox 445 2010 501 2069; x_wconf 91' lang='lat' dir='ltr'>hoc</span> <span class='ocrx_word' id='word_1_178' title='bbox 511 2012 603 2082; x_wconf 90' lang='lat' dir='ltr'>nouit,</span> <span class='ocrx_word' id='word_1_179' title='bbox 611 2021 641 2068; x_wconf 91' lang='lat' dir='ltr'>et</span> <span class='ocrx_word' id='word_1_180' title='bbox 651 2012 718 2068; x_wconf 91' lang='lat' dir='ltr'>ideo</span> <span class='ocrx_word' id='word_1_181' title='bbox 727 2012 779 2069; x_wconf 92' lang='lat' dir='ltr'>tibi</span> <span class='ocrx_word' id='word_1_182' title='bbox 789 2013 827 2068; x_wconf 90' lang='lat' dir='ltr'>de</span> <span class='ocrx_word' id='word_1_183' title='bbox 837 2011 892 2068; x_wconf 96' lang='lat' dir='ltr'>hoc</span> <span class='ocrx_word' id='word_1_184' title='bbox 903 2013 1011 2068; x_wconf 90' lang='lat' dir='ltr'>melius</span> <span class='ocrx_word' id='word_1_185' title='bbox 1022 2013 1217 2084; x_wconf 87' lang='lat' dir='ltr'>respondebit</span> <span class='ocrx_word' id='word_1_186' title='bbox 1228 2031 1235 2071; x_wconf 97' lang='lat'>:</span> 
     </span>
     <span class='ocr_line' id='line_1_20' title="bbox 83 2098 1236 2174; baseline 0.001 -19"><span class='ocrx_word' id='word_1_187' title='bbox 83 2115 157 2155; x_wconf 89' lang='lat' dir='ltr'>narn</span> <span class='ocrx_word' id='word_1_188' title='bbox 182 2098 249 2174; x_wconf 90' lang='lat' dir='ltr'>ipse</span> <span class='ocrx_word' id='word_1_189' title='bbox 274 2099 345 2155; x_wconf 94' lang='lat' dir='ltr'>illud</span> <span class='ocrx_word' id='word_1_190' title='bbox 367 2099 503 2172; x_wconf 89' lang='lat' dir='ltr'>spacium</span> <span class='ocrx_word' id='word_1_191' title='bbox 527 2100 730 2156; x_wconf 85' lang='lat' dir='ltr'>mensurauit⁴</span> <span class='ocrx_word' id='word_1_192' title='bbox 752 2101 872 2173; x_wconf 92' lang='lat' dir='ltr'>quando</span> <span class='ocrx_word' id='word_1_193' title='bbox 897 2100 936 2155; x_wconf 88' lang='lat' dir='ltr'>de</span> <span class='ocrx_word' id='word_1_194' title='bbox 957 2100 1022 2156; x_wconf 89' lang='lat' dir='ltr'>celo</span> <span class='ocrx_word' id='word_1_195' title='bbox 1047 2099 1077 2154; x_wconf 89' lang='lat' dir='ltr'>in</span> <span class='ocrx_word' id='word_1_196' title='bbox 1104 2100 1236 2156; x_wconf 86' lang='lat' dir='ltr'>abissum</span> 
     </span>
     <span class='ocr_line' id='line_1_21' title="bbox 83 2186 1283 2261; baseline 0.002 -19"><span class='ocrx_word' id='word_1_197' title='bbox 83 2186 209 2254; x_wconf 91' lang='lat' dir='ltr'>cecidit;</span> <span class='ocrx_word' id='word_1_198' title='bbox 235 2205 290 2260; x_wconf 88' lang='lat' dir='ltr'>ego</span> <span class='ocrx_word' id='word_1_199' title='bbox 310 2195 410 2244; x_wconf 91' lang='lat' dir='ltr'>autem</span> <span class='ocrx_word' id='word_1_200' title='bbox 430 2189 468 2244; x_wconf 91' lang='lat' dir='ltr'>de</span> <span class='ocrx_word' id='word_1_201' title='bbox 489 2187 554 2244; x_wconf 90' lang='lat' dir='ltr'>celo</span> <span class='ocrx_word' id='word_1_202' title='bbox 575 2205 728 2261; x_wconf 87' lang='lat' dir='ltr'>nunquam</span> <span class='ocrx_word' id='word_1_203' title='bbox 749 2186 842 2244; x_wconf 88' lang='lat' dir='ltr'>cecidi</span> <span class='ocrx_word' id='word_1_204' title='bbox 867 2197 897 2244; x_wconf 92' lang='lat' dir='ltr'>et</span> <span class='ocrx_word' id='word_1_205' title='bbox 919 2186 987 2243; x_wconf 89' lang='lat' dir='ltr'>ideo</span> <span class='ocrx_word' id='word_1_206' title='bbox 1007 2187 1078 2243; x_wconf 90' lang='lat' dir='ltr'>illud</span> <span class='ocrx_word' id='word_1_207' title='bbox 1102 2187 1236 2260; x_wconf 86' lang='lat' dir='ltr'>spacium</span> <span class='ocrx_word' id='word_1_208' title='bbox 1252 2209 1283 2244; x_wconf 67' lang='grc' dir='ltr'>πο</span> 
     </span>
     <span class='ocr_line' id='line_1_22' title="bbox 84 2273 1237 2348; baseline 0.001 -18"><span class='ocrx_word' id='word_1_209' title='bbox 84 2291 241 2346; x_wconf 84' lang='lat' dir='ltr'>nunquam</span> <span class='ocrx_word' id='word_1_210' title='bbox 254 2273 352 2331; x_wconf 88' lang='lat' dir='ltr'>taliter</span> <span class='ocrx_word' id='word_1_211' title='bbox 364 2274 544 2331; x_wconf 89' lang='lat' dir='ltr'>mensuraui.</span> <span class='ocrx_word' id='word_1_212' title='bbox 583 2275 651 2330; x_wconf 93' lang='lat' dir='ltr'>Non</span> <span class='ocrx_word' id='word_1_213' title='bbox 671 2284 717 2331; x_wconf 89' lang='lat' dir='ltr'>est</span> <span class='ocrx_word' id='word_1_214' title='bbox 735 2275 817 2332; x_wconf 92' lang='lat' dir='ltr'>enim</span> <span class='ocrx_word' id='word_1_215' title='bbox 832 2274 948 2344; x_wconf 91' lang='lat' dir='ltr'>mulier,</span> <span class='ocrx_word' id='word_1_216' title='bbox 962 2276 1016 2332; x_wconf 91' lang='lat' dir='ltr'>sed</span> <span class='ocrx_word' id='word_1_217' title='bbox 1029 2275 1173 2345; x_wconf 84' lang='lat' dir='ltr'>diabolus,</span> <span class='ocrx_word' id='word_1_218' title='bbox 1186 2275 1237 2348; x_wconf 92' lang='lat' dir='ltr'>qui</span> 
     </span>
     <span class='ocr_line' id='line_1_23' title="bbox 83 2361 1237 2434; baseline 0 -14"><span class='ocrx_word' id='word_1_219' title='bbox 83 2380 122 2420; x_wconf 89' lang='lat' dir='ltr'>se</span> <span class='ocrx_word' id='word_1_220' title='bbox 146 2361 248 2434; x_wconf 85' lang='lat' dir='ltr'>posuit</span> <span class='ocrx_word' id='word_1_221' title='bbox 266 2362 297 2418; x_wconf 91' lang='lat' dir='ltr'>in</span> <span class='ocrx_word' id='word_1_222' title='bbox 317 2361 543 2419; x_wconf 90' lang='lat' dir='ltr'>similitudinem</span> <span class='ocrx_word' id='word_1_223' title='bbox 562 2362 714 2419; x_wconf 74' lang='lat' dir='ltr'>mulieris.²</span> <span class='ocrx_word' id='word_1_224' title='bbox 751 2363 888 2419; x_wconf 89' lang='lat' dir='ltr'>Audiens</span> <span class='ocrx_word' id='word_1_225' title='bbox 913 2363 969 2418; x_wconf 94' lang='lat' dir='ltr'>hoc</span> <span class='ocrx_word' id='word_1_226' title='bbox 990 2362 1127 2432; x_wconf 88' lang='lat' dir='ltr'>nuncius,</span> <span class='ocrx_word' id='word_1_227' title='bbox 1146 2363 1237 2420; x_wconf 88' lang='lat' dir='ltr'>vehe-</span> 
     </span>
     <span class='ocr_line' id='line_1_24' title="bbox 84 2449 1238 2523; baseline -0.002 -15"><span class='ocrx_word' id='word_1_228' title='bbox 84 2459 206 2508; x_wconf 88' lang='lat' dir='ltr'>menter</span> <span class='ocrx_word' id='word_1_229' title='bbox 218 2450 348 2523; x_wconf 88' lang='lat' dir='ltr'>expauit,</span> <span class='ocrx_word' id='word_1_230' title='bbox 358 2459 388 2506; x_wconf 90' lang='lat' dir='ltr'>et</span> <span class='ocrx_word' id='word_1_231' title='bbox 400 2467 436 2506; x_wconf 91' lang='lat' dir='ltr'>ea</span> <span class='ocrx_word' id='word_1_232' title='bbox 449 2469 507 2522; x_wconf 89' lang='lat' dir='ltr'>que</span> <span class='ocrx_word' id='word_1_233' title='bbox 520 2449 654 2507; x_wconf 88' lang='lat' dir='ltr'>audierat</span> <span class='ocrx_word' id='word_1_234' title='bbox 663 2467 765 2507; x_wconf 90' lang='lat' dir='ltr'>coram</span> <span class='ocrx_word' id='word_1_235' title='bbox 773 2452 912 2508; x_wconf 89' lang='lat' dir='ltr'>omnibus</span> <span class='ocrx_word' id='word_1_236' title='bbox 922 2449 1064 2508; x_wconf 90' lang='lat' dir='ltr'>recitauit.</span> <span class='ocrx_word' id='word_1_237' title='bbox 1103 2450 1238 2507; x_wconf 90' lang='lat' dir='ltr'>Miranti·</span> 
     </span>
     <span class='ocr_line' id='line_1_25' title="bbox 84 2537 1237 2612; baseline 0.001 -18"><span class='ocrx_word' id='word_1_238' title='bbox 84 2541 144 2594; x_wconf 89' lang='lat' dir='ltr'>bus</span> <span class='ocrx_word' id='word_1_239' title='bbox 163 2537 263 2611; x_wconf 86' lang='lat' dir='ltr'>itaque</span> <span class='ocrx_word' id='word_1_240' title='bbox 283 2537 421 2594; x_wconf 91' lang='lat' dir='ltr'>omnibus</span> <span class='ocrx_word' id='word_1_241' title='bbox 437 2547 466 2594; x_wconf 91' lang='lat' dir='ltr'>et</span> <span class='ocrx_word' id='word_1_242' title='bbox 485 2537 685 2610; x_wconf 80' lang='lat' dir='ltr'>stupentibus„</span> <span class='ocrx_word' id='word_1_243' title='bbox 699 2539 839 2612; x_wconf 88' lang='lat' dir='ltr'>antiquus</span> <span class='ocrx_word' id='word_1_244' title='bbox 851 2539 946 2595; x_wconf 91' lang='lat' dir='ltr'>hostis</span> <span class='ocrx_word' id='word_1_245' title='bbox 962 2540 1001 2594; x_wconf 89' lang='lat' dir='ltr'>de</span> <span class='ocrx_word' id='word_1_246' title='bbox 1016 2538 1115 2596; x_wconf 90' lang='lat' dir='ltr'>medio</span> <span class='ocrx_word' id='word_1_247' title='bbox 1133 2556 1237 2595; x_wconf 90' lang='lat' dir='ltr'>eorum</span> 
     </span>
     <span class='ocr_line' id='line_1_26' title="bbox 83 2625 1282 2699; baseline -0.001 -16"><span class='ocrx_word' id='word_1_248' title='bbox 83 2625 218 2683; x_wconf 90' lang='lat' dir='ltr'>euanuit.</span> <span class='ocrx_word' id='word_1_249' title='bbox 256 2625 423 2699; x_wconf 87' lang='lat' dir='ltr'>Episcopus</span> <span class='ocrx_word' id='word_1_250' title='bbox 442 2634 542 2682; x_wconf 89' lang='lat' dir='ltr'>autem</span> <span class='ocrx_word' id='word_1_251' title='bbox 560 2627 598 2682; x_wconf 90' lang='lat' dir='ltr'>ad</span> <span class='ocrx_word' id='word_1_252' title='bbox 618 2643 652 2682; x_wconf 91' lang='lat' dir='ltr'>se</span> <span class='ocrx_word' id='word_1_253' title='bbox 671 2626 802 2697; x_wconf 90' lang='lat' dir='ltr'>rediens,</span> <span class='ocrx_word' id='word_1_254' title='bbox 815 2643 915 2682; x_wconf 87' lang='lat' dir='ltr'>amare</span> <span class='ocrx_word' id='word_1_255' title='bbox 934 2625 1084 2698; x_wconf 81' lang='lat' dir='ltr'>redarguit</span> <span class='ocrx_word' id='word_1_256' title='bbox 1102 2625 1237 2698; x_wconf 88' lang='lat' dir='ltr'>seipsum</span> <span class='ocrx_word' id='word_1_257' title='bbox 1253 2646 1282 2696; x_wconf 82' lang='lat'>²5</span> 
     </span>
     <span class='ocr_line' id='line_1_27' title="bbox 84 2712 1237 2787; baseline 0.003 -18"><span class='ocrx_word' id='word_1_258' title='bbox 84 2723 117 2770; x_wconf 93' lang='lat' dir='ltr'>et</span> <span class='ocrx_word' id='word_1_259' title='bbox 130 2714 169 2770; x_wconf 88' lang='lat' dir='ltr'>dc</span> <span class='ocrx_word' id='word_1_260' title='bbox 179 2722 353 2786; x_wconf 89' lang='lat' dir='ltr'>perpetrata</span> <span class='ocrx_word' id='word_1_261' title='bbox 361 2712 448 2786; x_wconf 88' lang='lat' dir='ltr'>culpa</span> <span class='ocrx_word' id='word_1_262' title='bbox 456 2712 575 2770; x_wconf 91' lang='lat' dir='ltr'>veniam</span> <span class='ocrx_word' id='word_1_263' title='bbox 585 2713 814 2770; x_wconf 86' lang='lat' dir='ltr'>lamentabiliter</span> <span class='ocrx_word' id='word_1_264' title='bbox 822 2715 1006 2787; x_wconf 88' lang='lat' dir='ltr'>precabatur.</span> <span class='ocrx_word' id='word_1_265' title='bbox 1044 2713 1125 2770; x_wconf 90' lang='lat' dir='ltr'>Misit</span> <span class='ocrx_word' id='word_1_266' title='bbox 1138 2713 1237 2786; x_wconf 86' lang='lat' dir='ltr'>itaque</span> 
     </span>
     <span class='ocr_line' id='line_1_28' title="bbox 84 2800 1237 2874; baseline 0.002 -16"><span class='ocrx_word' id='word_1_267' title='bbox 84 2801 230 2858; x_wconf 91' lang='lat' dir='ltr'>nuncium</span> <span class='ocrx_word' id='word_1_268' title='bbox 254 2810 286 2858; x_wconf 90' lang='lat' dir='ltr'>vt</span> <span class='ocrx_word' id='word_1_269' title='bbox 313 2801 493 2873; x_wconf 90' lang='lat' dir='ltr'>peregrinus</span> <span class='ocrx_word' id='word_1_270' title='bbox 519 2800 779 2858; x_wconf 88' lang='lat' dir='ltr'>introduceretur:</span> <span class='ocrx_word' id='word_1_271' title='bbox 810 2802 865 2858; x_wconf 91' lang='lat' dir='ltr'>sed</span> <span class='ocrx_word' id='word_1_272' title='bbox 896 2818 1085 2874; x_wconf 84' lang='lat' dir='ltr'>nequaquam</span> <span class='ocrx_word' id='word_1_273' title='bbox 1109 2801 1237 2873; x_wconf 88' lang='lat' dir='ltr'>amplius</span> 
     </span>
     <span class='ocr_line' id='line_1_29' title="bbox 84 2887 1238 2962; baseline 0 -16"><span class='ocrx_word' id='word_1_274' title='bbox 84 2888 249 2946; x_wconf 90' lang='lat' dir='ltr'>inuenitur.</span> <span class='ocrx_word' id='word_1_275' title='bbox 284 2887 369 2945; x_wconf 87' lang='lat' dir='ltr'>Tunc</span> <span class='ocrx_word' id='word_1_276' title='bbox 389 2897 554 2946; x_wconf 88' lang='lat' dir='ltr'>conuocato</span> <span class='ocrx_word' id='word_1_277' title='bbox 571 2888 681 2962; x_wconf 91' lang='lat' dir='ltr'>populo</span> <span class='ocrx_word' id='word_1_278' title='bbox 694 2889 831 2945; x_wconf 88' lang='lat' dir='ltr'>ordinem</span> <span class='ocrx_word' id='word_1_279' title='bbox 851 2887 894 2945; x_wconf 91' lang='lat' dir='ltr'>rei</span> <span class='ocrx_word' id='word_1_280' title='bbox 913 2897 998 2962; x_wconf 82' lang='lat' dir='ltr'>geste</span> <span class='ocrx_word' id='word_1_281' title='bbox 1016 2888 1060 2946; x_wconf 89' lang='lat' dir='ltr'>eis</span> <span class='ocrx_word' id='word_1_282' title='bbox 1077 2889 1238 2961; x_wconf 88' lang='lat' dir='ltr'>episcopus</span> 
     </span>
     <span class='ocr_line' id='line_1_30' title="bbox 85 2969 1238 3050; baseline -0.001 -17"><span class='ocrx_word' id='word_1_283' title='bbox 85 2969 240 3049; x_wconf 84' lang='lat' dir='ltr'>exposuit,</span> <span class='ocrx_word' id='word_1_284' title='bbox 253 2977 448 3050; x_wconf 90' lang='lat' dir='ltr'>precepitque</span> <span class='ocrx_word' id='word_1_285' title='bbox 459 2985 492 3032; x_wconf 90' lang='lat' dir='ltr'>vt</span> <span class='ocrx_word' id='word_1_286' title='bbox 508 2993 615 3033; x_wconf 90' lang='lat' dir='ltr'>omnes</span> <span class='ocrx_word' id='word_1_287' title='bbox 634 2976 752 3034; x_wconf 90' lang='lat' dir='ltr'>ieiuniis</span> <span class='ocrx_word' id='word_1_288' title='bbox 770 2986 800 3032; x_wconf 90' lang='lat' dir='ltr'>et</span> <span class='ocrx_word' id='word_1_289' title='bbox 819 2976 1002 3032; x_wconf 89' lang='lat' dir='ltr'>orationibus</span> <span class='ocrx_word' id='word_1_290' title='bbox 1016 2976 1198 3046; x_wconf 91' lang='lat' dir='ltr'>insisterent,</span> <span class='ocrx_word' id='word_1_291' title='bbox 1211 2976 1238 3034; x_wconf 91' lang='lat' dir='ltr'>si</span> 
     </span>
     <span class='ocr_line' id='line_1_31' title="bbox 85 3062 1284 3136; baseline 0 -16"><span class='ocrx_word' id='word_1_292' title='bbox 85 3065 165 3120; x_wconf 83' lang='lat' dir='ltr'>sorte</span> <span class='ocrx_word' id='word_1_293' title='bbox 190 3063 331 3119; x_wconf 89' lang='lat' dir='ltr'>dominus</span> <span class='ocrx_word' id='word_1_294' title='bbox 356 3062 442 3120; x_wconf 90' lang='lat' dir='ltr'>alicui</span> <span class='ocrx_word' id='word_1_295' title='bbox 467 3064 601 3121; x_wconf 85' lang='lat' dir='ltr'>reuelare</span> <span class='ocrx_word' id='word_1_296' title='bbox 627 3064 802 3136; x_wconf 86' lang='lat' dir='ltr'>dignaretur</span> <span class='ocrx_word' id='word_1_297' title='bbox 820 3063 958 3136; x_wconf 90' lang='lat' dir='ltr'>quisnam</span> <span class='ocrx_word' id='word_1_298' title='bbox 987 3062 1036 3120; x_wconf 89' lang='lat' dir='ltr'>ille</span> <span class='ocrx_word' id='word_1_299' title='bbox 1062 3064 1238 3136; x_wconf 85' lang='lat' dir='ltr'>peregrinus</span> <span class='ocrx_word' id='word_1_300' title='bbox 1253 3083 1284 3132; x_wconf 81' lang='lat'>30</span> 
     </span>
     <span class='ocr_line' id='line_1_32' title="bbox 84 3151 1238 3223; baseline 0 -15"><span class='ocrx_word' id='word_1_301' title='bbox 84 3151 176 3208; x_wconf 85' lang='lat' dir='ltr'>suerit</span> <span class='ocrx_word' id='word_1_302' title='bbox 189 3151 239 3223; x_wconf 91' lang='lat' dir='ltr'>qui</span> <span class='ocrx_word' id='word_1_303' title='bbox 255 3167 324 3206; x_wconf 88' lang='lat' dir='ltr'>eum</span> <span class='ocrx_word' id='word_1_304' title='bbox 342 3168 359 3206; x_wconf 87' lang='lat' dir='ltr'>a</span> <span class='ocrx_word' id='word_1_305' title='bbox 380 3159 462 3206; x_wconf 88' lang='lat' dir='ltr'>tanto</span> <span class='ocrx_word' id='word_1_306' title='bbox 479 3151 611 3223; x_wconf 90' lang='lat' dir='ltr'>periculo</span> <span class='ocrx_word' id='word_1_307' title='bbox 634 3151 779 3208; x_wconf 85' lang='lat' dir='ltr'>liberauit.</span> <span class='ocrx_word' id='word_1_308' title='bbox 818 3151 996 3209; x_wconf 86' lang='lat' dir='ltr'>Reuelatum</span> <span class='ocrx_word' id='word_1_309' title='bbox 1019 3159 1065 3208; x_wconf 87' lang='lat' dir='ltr'>est</span> <span class='ocrx_word' id='word_1_310' title='bbox 1083 3152 1132 3208; x_wconf 86' lang='lat' dir='ltr'>illa</span> <span class='ocrx_word' id='word_1_311' title='bbox 1150 3160 1238 3209; x_wconf 88' lang='lat' dir='ltr'>nocte</span> 
     </span>
     <span class='ocr_line' id='line_1_33' title="bbox 85 3239 1308 3312; baseline 0.001 -16"><span class='ocrx_word' id='word_1_312' title='bbox 85 3239 231 3312; x_wconf 91' lang='lat' dir='ltr'>episcopo</span> <span class='ocrx_word' id='word_1_313' title='bbox 262 3239 342 3310; x_wconf 86' lang='lat' dir='ltr'>quod</span> <span class='ocrx_word' id='word_1_314' title='bbox 374 3239 479 3295; x_wconf 89' lang='lat' dir='ltr'>beatus</span> <span class='ocrx_word' id='word_1_315' title='bbox 505 3239 646 3295; x_wconf 87' lang='lat' dir='ltr'>Andreas</span> <span class='ocrx_word' id='word_1_316' title='bbox 670 3239 766 3307; x_wconf 82' lang='lat' dir='ltr'>luerit,</span> <span class='ocrx_word' id='word_1_317' title='bbox 788 3239 838 3312; x_wconf 92' lang='lat' dir='ltr'>qui</span> <span class='ocrx_word' id='word_1_318' title='bbox 863 3257 919 3312; x_wconf 90' lang='lat' dir='ltr'>pro</span> <span class='ocrx_word' id='word_1_319' title='bbox 939 3239 1112 3296; x_wconf 89' lang='lat' dir='ltr'>liberatione</span> <span class='ocrx_word' id='word_1_320' title='bbox 1142 3239 1238 3312; x_wconf 91' lang='lat' dir='ltr'>ipsius</span> <span class='ocrx_word' id='word_1_321' title='bbox 1305 3281 1308 3290; x_wconf 70' lang='lat'>.</span> 
     </span>
     <span class='ocr_line' id='line_1_34' title="bbox 86 3325 1237 3401; baseline 0 -18"><span class='ocrx_word' id='word_1_322' title='bbox 86 3325 223 3401; x_wconf 90' lang='lat' dir='ltr'>episcopi</span> <span class='ocrx_word' id='word_1_323' title='bbox 237 3325 418 3398; x_wconf 89' lang='lat' dir='ltr'>seposuerit</span> <span class='ocrx_word' id='word_1_324' title='bbox 431 3327 463 3382; x_wconf 91' lang='lat' dir='ltr'>in</span> <span class='ocrx_word' id='word_1_325' title='bbox 476 3326 578 3383; x_wconf 85' lang='lat' dir='ltr'>habitu</span> <span class='ocrx_word' id='word_1_326' title='bbox 591 3326 750 3399; x_wconf 91' lang='lat' dir='ltr'>peregrini.</span> <span class='ocrx_word' id='word_1_327' title='bbox 788 3327 874 3400; x_wconf 90' lang='lat' dir='ltr'>Cepit</span> <span class='ocrx_word' id='word_1_328' title='bbox 885 3345 957 3399; x_wconf 89' lang='lat' dir='ltr'>ergo</span> <span class='ocrx_word' id='word_1_329' title='bbox 970 3327 1131 3399; x_wconf 88' lang='lat' dir='ltr'>episcopus</span> <span class='ocrx_word' id='word_1_330' title='bbox 1144 3328 1174 3382; x_wconf 93' lang='lat' dir='ltr'>in</span> <span class='ocrx_word' id='word_1_331' title='bbox 1188 3329 1237 3383; x_wconf 90' lang='lat' dir='ltr'>de-</span> 
     </span>
     <span class='ocr_line' id='line_1_35' title="bbox 86 3413 1237 3488; baseline 0.001 -17"><span class='ocrx_word' id='word_1_332' title='bbox 86 3414 242 3472; x_wconf 91' lang='lat' dir='ltr'>uotionem</span> <span class='ocrx_word' id='word_1_333' title='bbox 255 3413 335 3470; x_wconf 86' lang='lat' dir='ltr'>beati</span> <span class='ocrx_word' id='word_1_334' title='bbox 349 3413 473 3470; x_wconf 87' lang='lat' dir='ltr'>Andree</span> <span class='ocrx_word' id='word_1_335' title='bbox 492 3414 588 3488; x_wconf 87' lang='lat' dir='ltr'>magis</span> <span class='ocrx_word' id='word_1_336' title='bbox 607 3432 744 3472; x_wconf 90' lang='lat' dir='ltr'>crescere</span> <span class='ocrx_word' id='word_1_337' title='bbox 759 3432 793 3471; x_wconf 93' lang='lat' dir='ltr'>ac</span> <span class='ocrx_word' id='word_1_338' title='bbox 817 3431 887 3471; x_wconf 90' lang='lat' dir='ltr'>eum</span> <span class='ocrx_word' id='word_1_339' title='bbox 900 3415 1009 3472; x_wconf 87' lang='lat' dir='ltr'>exinde</span> <span class='ocrx_word' id='word_1_340' title='bbox 1023 3413 1053 3470; x_wconf 92' lang='lat' dir='ltr'>in</span> <span class='ocrx_word' id='word_1_341' title='bbox 1068 3415 1237 3472; x_wconf 90' lang='lat' dir='ltr'>reuerentia</span> 
     </span>
     <span class='ocr_line' id='line_1_36' title="bbox 85 3502 1283 3578; baseline 0 -20"><span class='ocrx_word' id='word_1_342' title='bbox 85 3504 158 3578; x_wconf 90' lang='lat' dir='ltr'>plus</span> <span class='ocrx_word' id='word_1_343' title='bbox 170 3502 291 3558; x_wconf 88' lang='lat' dir='ltr'>habere.</span> <span class='ocrx_word' id='word_1_344' title='bbox 990 3523 994 3532; x_wconf 93' lang='lat'>·</span> <span class='ocrx_word' id='word_1_345' title='bbox 1254 3523 1283 3573; x_wconf 80' lang='lat'>35</span> 
     </span>
    </p>
   </div>
   <div class='ocr_carea' id='block_1_3' title="bbox 191 3653 1137 3726">
    <p class='ocr_par' dir='ltr' id='par_1_3' title="bbox 191 3653 1137 3726">
     <span class='ocr_line' id='line_1_37' title="bbox 191 3653 1137 3726; baseline -0.003 -1"><span class='ocrx_word' id='word_1_346' title='bbox 191 3667 215 3726; x_wconf 63' lang='lat' dir='ltr'>Ii</span> <span class='ocrx_word' id='word_1_347' title='bbox 237 3653 356 3722; x_wconf 78' lang='lat' dir='ltr'>INCIPIT</span> <span class='ocrx_word' id='word_1_348' title='bbox 375 3682 525 3722; x_wconf 77' lang='lat' dir='ltr'>PREFATIO</span> <span class='ocrx_word' id='word_1_349' title='bbox 543 3683 573 3722; x_wconf 82' lang='lat' dir='ltr'>IN</span> <span class='ocrx_word' id='word_1_350' title='bbox 593 3683 686 3722; x_wconf 77' lang='lat' dir='ltr'>vmnlt</span> <span class='ocrx_word' id='word_1_351' title='bbox 706 3683 821 3724; x_wconf 67' lang='lat' dir='ltr'>sanctu:</span> <span class='ocrx_word' id='word_1_352' title='bbox 843 3653 979 3722; x_wconf 73' lang='lat' dir='ltr'><strong>HELENE</strong></span> <span class='ocrx_word' id='word_1_353' title='bbox 998 3665 1137 3722; x_wconf 73' lang='lat' dir='ltr'>smmi-2⁶.</span> 
     </span>
    </p>
   </div>
   <div class='ocr_carea' id='block_1_4' title="bbox 84 3787 1239 4037">
    <p class='ocr_par' dir='ltr' id='par_1_4' title="bbox 84 3787 1239 4037">
     <span class='ocr_line' id='line_1_38' title="bbox 84 3787 1238 3860; baseline -0.001 -15"><span class='ocrx_word' id='word_1_354' title='bbox 84 3800 88 3808; x_wconf 89' lang='grc'><strong>’</strong></span> <span class='ocrx_word' id='word_1_355' title='bbox 145 3787 237 3845; x_wconf 91' lang='lat' dir='ltr'>Olent</span> <span class='ocrx_word' id='word_1_356' title='bbox 248 3787 360 3845; x_wconf 88' lang='lat' dir='ltr'>diuersi</span> <span class='ocrx_word' id='word_1_357' title='bbox 374 3789 495 3844; x_wconf 90' lang='lat' dir='ltr'>diuersa</span> <span class='ocrx_word' id='word_1_358' title='bbox 507 3787 621 3845; x_wconf 90' lang='lat' dir='ltr'>sentire</span> <span class='ocrx_word' id='word_1_359' title='bbox 640 3789 679 3844; x_wconf 91' lang='lat' dir='ltr'>de</span> <span class='ocrx_word' id='word_1_360' title='bbox 694 3789 747 3844; x_wconf 89' lang='lat' dir='ltr'>hac</span> <span class='ocrx_word' id='word_1_361' title='bbox 768 3787 956 3844; x_wconf 89' lang='lat' dir='ltr'>sanctissima</span> <span class='ocrx_word' id='word_1_362' title='bbox 973 3787 1099 3844; x_wconf 90' lang='lat' dir='ltr'>muliere</span> <span class='ocrx_word' id='word_1_363' title='bbox 1113 3787 1238 3860; x_wconf 91' lang='lat' dir='ltr'>eiusque</span> 
     </span>
     <span class='ocr_line' id='line_1_39' title="bbox 181 3874 1238 3949; baseline -0.001 -17"><span class='ocrx_word' id='word_1_364' title='bbox 181 3875 295 3949; x_wconf 88' lang='lat' dir='ltr'>origine</span> <span class='ocrx_word' id='word_1_365' title='bbox 303 3894 337 3932; x_wconf 93' lang='lat' dir='ltr'>ac</span> <span class='ocrx_word' id='word_1_366' title='bbox 346 3875 407 3932; x_wconf 89' lang='lat' dir='ltr'>vite</span> <span class='ocrx_word' id='word_1_367' title='bbox 418 3893 506 3932; x_wconf 92' lang='lat' dir='ltr'>cursu</span> <span class='ocrx_word' id='word_1_368' title='bbox 518 3896 524 3933; x_wconf 94' lang='lat'>:</span> <span class='ocrx_word' id='word_1_369' title='bbox 538 3875 743 3949; x_wconf 82' lang='lat' dir='ltr'>unusquisque</span> <span class='ocrx_word' id='word_1_370' title='bbox 752 3875 841 3942; x_wconf 92' lang='lat' dir='ltr'>enim,</span> <span class='ocrx_word' id='word_1_371' title='bbox 850 3883 880 3931; x_wconf 91' lang='lat' dir='ltr'>vt</span> <span class='ocrx_word' id='word_1_372' title='bbox 889 3875 1042 3948; x_wconf 90' lang='lat' dir='ltr'>apostolus</span> <span class='ocrx_word' id='word_1_373' title='bbox 1050 3875 1098 3942; x_wconf 89' lang='lat' dir='ltr'>ait,</span> <span class='ocrx_word' id='word_1_374' title='bbox 1108 3874 1137 3930; x_wconf 92' lang='lat' dir='ltr'>in</span> <span class='ocrx_word' id='word_1_375' title='bbox 1147 3893 1238 3931; x_wconf 91' lang='lat' dir='ltr'>sensu</span> 
     </span>
     <span class='ocr_line' id='line_1_40' title="bbox 86 3962 1239 4037; baseline -0.003 -16"><span class='ocrx_word' id='word_1_376' title='bbox 86 3983 145 4022; x_wconf 88' lang='lat' dir='ltr'>suo</span> <span class='ocrx_word' id='word_1_377' title='bbox 158 3964 319 4021; x_wconf 89' lang='lat' dir='ltr'>habundat.</span> <span class='ocrx_word' id='word_1_378' title='bbox 355 3963 444 4021; x_wconf 90' lang='lat' dir='ltr'>Vnde</span> <span class='ocrx_word' id='word_1_379' title='bbox 457 3973 487 4020; x_wconf 92' lang='lat' dir='ltr'>et</span> <span class='ocrx_word' id='word_1_380' title='bbox 499 3964 590 4037; x_wconf 88' lang='lat' dir='ltr'>aliqui</span> <span class='ocrx_word' id='word_1_381' title='bbox 603 3964 701 4037; x_wconf 88' lang='lat' dir='ltr'>ipsam</span> <span class='ocrx_word' id='word_1_382' title='bbox 710 3967 717 3995; x_wconf 81' lang='lat'><em>⁴</em></span> <span class='ocrx_word' id='word_1_383' title='bbox 726 3963 1123 4020; x_wconf 87' lang='lat' dir='ltr'>stabulariam’asseruntac</span> <span class='ocrx_word' id='word_1_384' title='bbox 1136 3962 1239 4018; x_wconf 87' lang='lat' dir='ltr'>infima</span> 
     </span>
    </p>
   </div>
   <div class='ocr_carea' id='block_1_5' title="bbox 88 4110 1238 4440">
    <p class='ocr_par' dir='ltr' id='par_1_5' title="bbox 88 4110 1238 4440">
     <span class='ocr_line' id='line_1_41' title="bbox 121 4110 1238 4174; baseline -0.001 -12"><span class='ocrx_word' id='word_1_385' title='bbox 121 4112 311 4164; x_wconf 82' lang='lat' dir='ltr'>¹T.E.duxit.</span> <span class='ocrx_word' id='word_1_386' title='bbox 397 4113 453 4163; x_wconf 74' lang='lat'>¹1.</span> <span class='ocrx_word' id='word_1_387' title='bbox 467 4113 498 4162; x_wconf 82' lang='lat' dir='ltr'>A.</span> <span class='ocrx_word' id='word_1_388' title='bbox 511 4113 715 4174; x_wconf 87' lang='lat' dir='ltr'>responsionem.</span> <span class='ocrx_word' id='word_1_389' title='bbox 804 4111 902 4161; x_wconf 60' lang='lat' dir='ltr'>&#39;Lm</span> <span class='ocrx_word' id='word_1_390' title='bbox 914 4112 1002 4174; x_wconf 86' lang='lat' dir='ltr'>quanti</span> <span class='ocrx_word' id='word_1_391' title='bbox 1014 4111 1098 4172; x_wconf 87' lang='lat' dir='ltr'>spatii.</span> <span class='ocrx_word' id='word_1_392' title='bbox 1181 4110 1238 4161; x_wconf 65' lang='grc' dir='ltr'>*Β</span> 
     </span>
     <span class='ocr_line' id='line_1_42' title="bbox 88 4177 1238 4240; baseline -0.002 -12"><span class='ocrx_word' id='word_1_393' title='bbox 88 4181 286 4229; x_wconf 87' lang='lat' dir='ltr'>mensurauerit.</span> <span class='ocrx_word' id='word_1_394' title='bbox 448 4178 457 4207; x_wconf 81' lang='lat'><strong>³</strong></span> <span class='ocrx_word' id='word_1_395' title='bbox 474 4179 537 4227; x_wconf 88' lang='lat' dir='ltr'>This</span> <span class='ocrx_word' id='word_1_396' title='bbox 549 4179 592 4228; x_wconf 88' lang='lat' dir='ltr'>lise</span> <span class='ocrx_word' id='word_1_397' title='bbox 605 4179 627 4228; x_wconf 86' lang='lat' dir='ltr'>is</span> <span class='ocrx_word' id='word_1_398' title='bbox 638 4179 757 4240; x_wconf 84' lang='lat' dir='ltr'>wanting</span> <span class='ocrx_word' id='word_1_399' title='bbox 768 4178 792 4226; x_wconf 94' lang='lat' dir='ltr'>in</span> <span class='ocrx_word' id='word_1_400' title='bbox 804 4179 849 4238; x_wconf 85' lang='grc' dir='ltr'>Τ.;</span> <span class='ocrx_word' id='word_1_401' title='bbox 866 4177 897 4228; x_wconf 85' lang='lat' dir='ltr'>cl.</span> <span class='ocrx_word' id='word_1_402' title='bbox 910 4179 956 4226; x_wconf 88' lang='lat' dir='ltr'>the</span> <span class='ocrx_word' id='word_1_403' title='bbox 969 4178 1025 4226; x_wconf 85' lang='lat' dir='ltr'>Lisc</span> <span class='ocrx_word' id='word_1_404' title='bbox 1037 4178 1071 4239; x_wconf 86' lang='lat' dir='ltr'>by</span> <span class='ocrx_word' id='word_1_405' title='bbox 1083 4177 1193 4226; x_wconf 89' lang='lat' dir='ltr'>loscelin</span> <span class='ocrx_word' id='word_1_406' title='bbox 1205 4178 1238 4226; x_wconf 89' lang='lat' dir='ltr'>de</span> 
     </span>
     <span class='ocr_line' id='line_1_43' title="bbox 89 4243 1238 4306; baseline -0.002 -12"><span class='ocrx_word' id='word_1_407' title='bbox 89 4245 215 4294; x_wconf 86' lang='lat' dir='ltr'>Fornesio</span> <span class='ocrx_word' id='word_1_408' title='bbox 229 4246 254 4293; x_wconf 92' lang='lat' dir='ltr'>in</span> <span class='ocrx_word' id='word_1_409' title='bbox 268 4243 324 4294; x_wconf 86' lang='lat' dir='ltr'>MS.</span> <span class='ocrx_word' id='word_1_410' title='bbox 334 4243 407 4294; x_wconf 88' lang='lat' dir='ltr'>Bodl.</span> <span class='ocrx_word' id='word_1_411' title='bbox 416 4259 471 4306; x_wconf 78' lang='lat'>240,</span> <span class='ocrx_word' id='word_1_412' title='bbox 484 4245 562 4306; x_wconf 87' lang='lat' dir='ltr'>Corp.</span> <span class='ocrx_word' id='word_1_413' title='bbox 574 4245 635 4293; x_wconf 90' lang='lat' dir='ltr'>Chr.</span> <span class='ocrx_word' id='word_1_414' title='bbox 648 4243 712 4293; x_wconf 89' lang='lat' dir='ltr'>Coll.</span> <span class='ocrx_word' id='word_1_415' title='bbox 722 4244 781 4293; x_wconf 90' lang='lat' dir='ltr'>Cbr.</span> <span class='ocrx_word' id='word_1_416' title='bbox 794 4259 850 4306; x_wconf 81' lang='lat'><strong>25²·</strong></span> <span class='ocrx_word' id='word_1_417' title='bbox 884 4243 940 4292; x_wconf 85' lang='lat' dir='ltr'>The</span> <span class='ocrx_word' id='word_1_418' title='bbox 952 4243 995 4291; x_wconf 87' lang='lat' dir='ltr'>lise</span> <span class='ocrx_word' id='word_1_419' title='bbox 1008 4244 1029 4292; x_wconf 91' lang='lat' dir='ltr'>is</span> <span class='ocrx_word' id='word_1_420' title='bbox 1041 4245 1115 4292; x_wconf 88' lang='lat' dir='ltr'>made</span> <span class='ocrx_word' id='word_1_421' title='bbox 1127 4259 1161 4304; x_wconf 93' lang='lat' dir='ltr'>up</span> <span class='ocrx_word' id='word_1_422' title='bbox 1174 4243 1238 4292; x_wconf 81' lang='lat' dir='ltr'>from</span> 
     </span>
     <span class='ocr_line' id='line_1_44' title="bbox 88 4308 1238 4372; baseline -0.002 -12"><span class='ocrx_word' id='word_1_423' title='bbox 88 4311 211 4360; x_wconf 81' lang='lat' dir='ltr'>different</span> <span class='ocrx_word' id='word_1_424' title='bbox 233 4311 402 4372; x_wconf 77' lang='lat' dir='ltr'>ingredients,</span> <span class='ocrx_word' id='word_1_425' title='bbox 426 4309 525 4360; x_wconf 83' lang='lat' dir='ltr'>Galtrid</span> <span class='ocrx_word' id='word_1_426' title='bbox 550 4310 764 4368; x_wconf 83' lang='lat' dir='ltr'>llonmuthensis,</span> <span class='ocrx_word' id='word_1_427' title='bbox 787 4310 853 4358; x_wconf 83' lang='lat' dir='ltr'>Acta</span> <span class='ocrx_word' id='word_1_428' title='bbox 872 4309 898 4363; x_wconf 86' lang='lat' dir='ltr'>S.</span> <span class='ocrx_word' id='word_1_429' title='bbox 920 4308 1047 4368; x_wconf 85' lang='lat' dir='ltr'>Silvestri,</span> <span class='ocrx_word' id='word_1_430' title='bbox 1068 4309 1185 4358; x_wconf 84' lang='lat' dir='ltr'>Historia</span> <span class='ocrx_word' id='word_1_431' title='bbox 1206 4310 1238 4358; x_wconf 93' lang='lat' dir='ltr'>de</span> 
     </span>
     <span class='ocr_line' id='line_1_45' title="bbox 89 4374 1065 4440; baseline -0.002 -14"><span class='ocrx_word' id='word_1_432' title='bbox 89 4377 246 4426; x_wconf 87' lang='lat' dir='ltr'>Inventione</span> <span class='ocrx_word' id='word_1_433' title='bbox 258 4377 357 4439; x_wconf 90' lang='lat' dir='ltr'>Crucis,</span> <span class='ocrx_word' id='word_1_434' title='bbox 370 4375 487 4426; x_wconf 83' lang='lat' dir='ltr'>Historia</span> <span class='ocrx_word' id='word_1_435' title='bbox 499 4377 574 4425; x_wconf 88' lang='lat' dir='ltr'>trium</span> <span class='ocrx_word' id='word_1_436' title='bbox 586 4391 674 4438; x_wconf 86' lang='lat' dir='ltr'>regum</span> <span class='ocrx_word' id='word_1_437' title='bbox 688 4377 739 4440; x_wconf 66' lang='lat' dir='ltr'>ted.</span> <span class='ocrx_word' id='word_1_438' title='bbox 755 4375 783 4424; x_wconf 89' lang='lat' dir='ltr'>E.</span> <span class='ocrx_word' id='word_1_439' title='bbox 797 4375 826 4424; x_wconf 83' lang='grc' dir='ltr'>Ε.</span> <span class='ocrx_word' id='word_1_440' title='bbox 838 4374 867 4426; x_wconf 86' lang='grc' dir='ltr'>Τ.</span> <span class='ocrx_word' id='word_1_441' title='bbox 882 4375 1009 4436; x_wconf 60' lang='grc'><strong>5.,1887).</strong></span> <span class='ocrx_word' id='word_1_442' title='bbox 1063 4405 1065 4410; x_wconf 81' lang='lat'>.</span> 
     </span>
    </p>
   </div>
   <div class='ocr_carea' id='block_1_6' title="bbox 0 0 1534 4894">
    <p class='ocr_par' dir='ltr' id='par_1_6' title="bbox 0 0 1534 4894">
     <span class='ocr_line' id='line_1_46' title="bbox 0 0 1534 4894; baseline 0 0"><span class='ocrx_word' id='word_1_443' title='bbox 0 0 1534 4894; x_wconf 95' lang='lat' dir='ltr'> </span> 
     </span>
    </p>
   </div>
  </div>
 </body>
</html>
