3032 4882
281 285 355 376 ³56
590 275 722 366 tanna
748 271 939 376 branna
963 270 1116 375 annia

283 477 435 552 Egbertus
451 487 481 536 et
494 475 662 546 lotharius,
675 475 736 533 lille
748 493 867 549 quoque
883 475 1072 533 metimime
1085 473 1259 532 Ermenilda
1271 481 1303 530 et
1317 471 1434 529 Erken-

281 567 368 640 goda,
381 583 509 640 quarum
524 565 607 639 prior
624 567 723 622 iuncta
739 574 787 622 est
801 563 982 622 llereiorum
1000 563 1064 636 regi
1077 562 1203 631 wlfero,
1219 580 1280 635 que
1297 569 1434 618 sanctam

283 656 401 728 peperit
413 653 632 726 Werburgam3
654 651 748 710 altera
764 651 965 710 nansmarim
982 651 1164 710 monasteria
1182 651 1263 719 adiit,
1275 649 1327 706 ubi
1346 665 1434 721 pere·

283 741 370 816 grina
393 742 559 815 quiescens,
582 757 617 798 se
638 757 656 796 a
677 739 798 798 Christo
818 747 991 814 susceptam
1012 741 1101 796 claris
1121 737 1273 796 miraculis
1294 735 1435 794 ostendit.

255 829 361 900 sQuis
378 839 478 886 autem
496 827 587 902 digne
605 835 752 884 memoret
769 825 897 900 qualiter
914 826 1103 884 sanctissima
1116 827 1275 900 sexburga
1294 826 1353 882 sub
1369 825 1435 898 ipm

284 916 353 990 iugo
365 915 544 974 matrimonii
551 915 644 973 vitam
656 915 796 974 duxerit?
822 914 922 974 Duces
935 915 1098 973 nouemnt¹
1107 914 1271 983 dominam,
1280 930 1435 988 pauperes

284 1005 474 1077 alumpnam:
502 1003 544 1060 illi
562 1002 739 1077 principem,
757 1003 806 1059 isti
824 1001 1054 1075 frequentabant
1072 1011 1219 1071 matrem
1245 1001 1288 1058 illi
1306 1019 1435 1058 venera·

285 1093 393 1149 bantur
401 1089 1026 1165 maiestatem,isticolebanthumilitatem;
1045 1091 1250 1164 superioribus
1259 1087 1436 1163 imperialis,

285 1179 475 1236 inferioribus
497 1179 654 1236 videbatur
676 1177 811 1252 equalia;
842 1176 971 1236 summis
995 1177 1189 1252 precipiebat,
1211 1177 1326 1234 infimis
1351 1175 1436 1234 mini·

242 1281 274 1319 ro
285 1267 414 1324 strabat:
433 1275 465 1323 ut
477 1265 610 1322 omnium
623 1275 728 1335 mater,
740 1265 900 1323 omnibus¹
910 1275 976 1322 erat
993 1265 1142 1336 amabilis,
1154 1265 1295 1323 omnibus
1307 1281 1436 1321 venera·

285 1353 370 1423 bilis;
390 1370 458 1410 rara
475 1351 506 1410 in
518 1354 615 1423 turba,
624 1351 768 1426 frequens
780 1354 811 1409 in
825 1351 965 1420 eeclesia3
979 1369 1082 1426 regem
1096 1352 1238 1409 attentius
1250 1352 1436 1408 accendebat

284 1442 322 1497 ad
343 1439 480 1498 diuinum
497 1439 683 1514 obsequium
720 1440 790 1498 Rex
808 1440 908 1513 itaque
927 1441 1032 1499 crebro
1050 1440 1148 1513 ipsius
1167 1439 1319 1507 instinctu,
1337 1438 1437 1511 primo

285 1527 385 1584 omnia
408 1527 498 1601 ydola
522 1545 581 1601 que
606 1527 836 1600 subprioribus
866 1527 987 1600 regibus
1011 1527 1108 1585 adhue
1131 1535 1218 1584 erant
1242 1527 1376 1594 residua,
1399 1526 1436 1580 ab

285 1614 426 1672 uniuerso
448 1631 541 1687 regno
565 1631 621 1672 suo
646 1631 714 1672 cum
739 1615 822 1672 omni
847 1613 1023 1688 paganismo
1043 1614 1195 1674 funditus¹
1213 1613 1437 1684 exterminauit,

243 1719 272 1772 ¹5
286 1719 472 1776 regnumque
485 1701 595 1760 Christi
614 1719 673 1758 non
693 1711 753 1758 tam
772 1701 906 1758 dilatauit
922 1719 1012 1775 quant
1031 1711 1126 1759 totum
1139 1699 1251 1760 Christi
1269 1718 1341 1758 esse
1360 1699 1438 1758 lecit.

287 1789 434 1848 instinctu
463 1789 568 1862 regine
595 1792 653 1847 deo
677 1789 791 1860 dilecte,
815 1806 869 1846 rex
894 1789 1075 1847 monasteria
1105 1787 1267 1862 ampliauit,
1292 1787 1439 1845 ecclesias

286 1877 460 1934 construxit.
497 1876 617 1934 Primus
636 1875 726 1934 etiam
745 1876 1011 1950 quadragesimalis
1035 1875 1214 1934 abstinentie
1233 1876 1274 1933 ita
1295 1875 1439 1932 omnibus

286 1963 393 2022 indixit
422 1964 654 2031 obseruantiarn,
678 1973 709 2020 vt
733 1963 868 2022 violatori
892 1965 1069 2021 decerneret
1092 1963 1262 2022 vindictam.
1308 1963 1440 2021 Liberos

286 2061 386 2108 autem
406 2049 594 2108 sanctissima
613 2068 724 2124 parens
748 2052 786 2108 ad
806 2067 927 2108 omnem
948 2051 998 2108 dei
1019 2051 1158 2108 timorem
1180 2061 1210 2108 et
1233 2049 1438 2108 reuerentiam

243 2159 275 2196 ao
287 2141 441 2198 erudiebat
460 2157 495 2196 ac
515 2139 722 2196 mandatorum
741 2138 838 2214 ipsius
855 2138 1029 2197 custodiam
1065 2139 1202 2196 Tandem
1219 2139 1440 2196 Ercombertus

286 2227 429 2284 vicesimo
452 2235 559 2300 quarto
583 2225 668 2299 regni
692 2228 740 2286 sui
764 2243 844 2284 anno
867 2225 948 2297 obiit,
972 2236 1003 2284 et
1027 2227 1114 2284 beata
1138 2227 1298 2300 Sexburga
1325 2226 1441 2300 regalia

286 2323 462 2372 ornamenta
485 2331 553 2370 cum
577 2331 689 2388 pompa
711 2322 742 2370 et
773 2313 845 2371 luxu
870 2312 961 2372 seculi
986 2314 1084 2372 abiicit
1114 2324 1145 2372 et
1169 2314 1303 2372 habitum
1327 2316 1440 2372 sancti·

288 2401 447 2458 monialem
472 2400 567 2458 induit
591 2402 671 2475 apud
695 2401 853 2459 cenobium
877 2401 1022 2472 heliense,
1044 2403 1101 2460 sub
1125 2419 1228 2459 sorore
1252 2419 1309 2459 sua
1333 2413 1442 2460 sancta

289 2488 480 2546 Etheldxeda.
518 2487 560 2545 Se
578 2505 697 2562 quoque
715 2488 746 2544 in
764 2505 886 2546 omnem
904 2489 1045 2546 vinutem
1064 2490 1170 2558 erexit,
1188 2489 1315 2558 ieiuniis,
1327 2489 1442 2564 vigiliis

244 2601 275 2654 ag
289 2593 323 2634 ac
336 2576 427 2633 variis
439 2575 592 2633 laboribus
604 2593 714 2649 corpus
726 2577 859 2650 affligere
867 2575 887 2646 ⁴,
898 2577 1084 2651 voluptatum
1097 2579 1229 2635 maculas
1241 2578 1311 2651 igne
1324 2579 1441 2635 amoris

288 2663 338 2721 dei
356 2665 533 2736 decoquere,
546 2663 758 2720 lachrimamm
770 2663 870 2722 lluuiis
888 2664 1019 2734 abluere,
1032 2664 1194 2738 omnique⁸
1205 2665 1391 2723 continentia
1409 2675 1440 2722 et

288 2751 454 2808 humilitate
464 2750 589 2808 emulari
601 2750 826 2809 sancfimoniam
836 2751 922 2808 beate
931 2752 1043 2808 sororis
1055 2771 1110 2810 sue
1119 2752 1207 2825 cepit
1238 2753 1311 2810 Post
1323 2753 1441 2810 obitum

289 2838 421 2896 sororis·
440 2855 494 2896 sue
513 2839 656 2895 successit
675 2839 830 2912 regimine,
849 2838 982 2896 omnium
1001 2841 1133 2896 unanimi
1154 2839 1309 2898 electione.
1348 2839 1442 2900 Intel-

289 2925 360 2983 lexit
373 2925 460 2982 beata
468 2933 539 2982 tunc
552 2941 585 2982 se
598 2925 703 2982 maiori
715 2935 869 2984 oneratam
882 2926 1044 3000 diligentia,
1053 2945 1121 2984 cum
1131 2928 1221 2986 etiarn
1234 2946 1290 3001 pro
1303 2930 1441 2988 omnium

243 3041 276 3092 ³⁰
289 3011 519 3070 commissorum
537 3011 594 3070 sibi
612 3013 815 3087 vigilandum⁷
833 3023 915 3071 esset
932 3013 1032 3072 tutela
1069 3015 1219 3072 Omnibus
1237 3033 1310 3090 ergo
1329 3018 1443 3075 deuote

289 3108 320 3158 et
333 3100 500 3157 humiliter·
513 3101 666 3174 satagebat
679 3099 858 3158 ministrare.
896 3100 979 3158 Inter
990 3101 1148 3160 innumera
1160 3112 1260 3160 autem
1273 3103 1441 3177 gratiarum

291 3187 402 3246 Christi
425 3187 606 3245 charismata
622 3188 678 3246 hoc
695 3187 804 3246 etiam'
824 3187 913 3248 altius
936 3190 1073 3254 accendit
1094 3191 1132 3248 ad
1150 3189 1292 3248 virtutium
1312 3191 1441 3263 premia,

290 3277 370 3349 quod
379 3275 400 3308 ¹⁰
412 3276 546 3348 predicte
560 3293 705 3349 germane
719 3293 775 3333 sue
789 3275 886 3350 gleba,
898 3286 969 3351 post
983 3277 1138 3334 sexdecim
1157 3295 1254 3336 annos
1273 3281 1441 3352 sepulture,

290 3363 413 3420 inuenta
431 3373 478 3421 est
495 3372 557 3421 tota
575 3363 755 3437 incorrupta.
792 3363 905 3420 Exacto
923 3365 1045 3422 tandem
1064 3363 1094 3421 in
1113 3366 1200 3422 bonis
1218 3367 1364 3439 operibus
1380 3369 1440 3426 vite

245 3477 276 3530 35
290 3467 345 3507 sue
362 3467 459 3522 cursu,
472 3451 570 3525 pridie
588 3451 689 3508 Nonas
704 3451 766 3508 iulii
783 3452 822 3508 ad
841 3462 946 3510 eterna
963 3453 1071 3526 gaudia
1088 3453 1263 3510 conscendit
1272 3453 1301 3524 ¹¹,
1313 3464 1344 3512 et
1357 3455 1441 3513 iuxta

290 3555 425 3595 sororem
447 3556 533 3596 suain
555 3540 740 3611 sepulturam
765 3539 1066 3597 meruit-Floruit
1089 3549 1190 3598 autem
1216 3540 1294 3598 circa
1324 3559 1439 3600 annum

290 3624 403 3683 donnni
415 3627 671 3684 sexcentesimum
684 3627 947 3700 quadragesimum
953 3627 982 3685 ¹¹.

323 3777 401 3828 ²Vit.
415 3787 548 3855 nouerant.
637 3776 686 3826 'E
707 3779 900 3856 omnibusque..
969 3779 1161 3830 ⁸E.lundlter.
1254 3779 1438 3846 'Colligere

290 3844 300 3875 ⁸
317 3844 345 3894 E.
358 3841 596 3960 ommiimffuefim·
612 3843 642 3894 E.
652 3841 1048 3960 florgzoneeirdpitwmm
1108 3844 1118 3875 ⁸
1135 3845 1165 3895 Ε.
1178 3845 1298 3900 humiler.
1361 3847 1372 3879 ⁸
1388 3849 1441 3902 Vit

291 3925 466 4038 “ii'nnupn
479 3925 713 4026 aleonoram

325 4038 401 4100 Tota
411 4049 499 4112 pulcra
510 4065 547 4106 es,
559 4049 640 4098 amica
651 4064 716 4108 mea,
727 4055 755 4098 et
765 4049 863 4098 macula
874 4065 927 4099 non
939 4059 980 4100 est
992 4049 1018 4099 in
1030 4057 1064 4101 te.
1098 4049 1130 4100 V.
1148 4051 1203 4101 Ora
1213 4067 1260 4115 pro
1272 4053 1357 4104 nobis.

328 4112 424 4176 Preata
435 4139 582 4186 quesumus,
591 4123 755 4186 omnipotens
767 4123 839 4184 deus,
849 4124 928 4187 utqui
940 4125 1014 4175 beau
1022 4125 1157 4188 Sexburge
1166 4127 1441 4178 commemorecionem

293 4189 400 4254 agimus,
413 4191 468 4240 eius
483 4191 582 4239 meritis
597 4195 624 4238 et
640 4190 759 4252 precibus
774 4189 823 4238 sibi
839 4191 865 4238 iu
882 4191 971 4240 celesti
986 4191 1114 4242 sociemur
1128 4191 1252 4258 claritate,
1268 4193 1312 4243 ubi
1327 4195 1442 4258 gloriose

293 4255 401 4306 uisionix
413 4262 456 4306 tue
466 4255 595 4322 perhenni
605 4255 764 4320 gratulemur
774 4255 940 4320 iocunditate,
952 4272 1006 4322 per.
