3046 4902
109 304 329 370 ussarius]
364 287 438 379 De
458 284 518 375 ᾗ.
536 286 754 374 dumento
776 302 870 392 tfflss
893 295 933 374 tt
955 292 1144 391 mutim
1183 296 1255 384 643

106 489 266 559 funderent,
288 500 432 560 exurgunt,
453 487 499 546 et¹
524 490 625 546 feretro
649 490 734 546 labris
760 489 904 562 inpressis,
927 493 1097 548 monachum
1122 491 1162 547 sic
1188 492 1258 548 eilo-

108 583 229 645 quatur:
250 573 480 632 ‘Nudiustercius
496 573 611 632 marinis
628 575 841 646 tempestatibus
861 575 978 648 expositi
992 575 1094 632 fuimus
1113 575 1141 628 in
1158 573 1259 646 quibus

108 655 187 710 beati
201 655 344 711 Edmundi
358 656 475 712 celerem
491 656 668 728 probauimus
686 658 938 727 magnificenciam.
975 657 1117 714 Horrendi
1136 657 1259 729 procella

108 739 278 794 discriminis
291 739 417 795 seuiebat
430 740 459 794 in
471 756 581 810 equore,
593 750 622 795 et
635 741 854 796 intumescentes
869 741 1047 812 tempestatis
1065 740 1139 796 vnde
1156 757 1259 795 nauem

110 821 352 878 irremediabiliter
367 823 572 894 opprimebant.
609 825 694 880 Nunc
705 825 743 878 ad
755 825 846 880 celum
858 841 947 896 vsque
960 825 1062 895 puppis
1074 824 1222 891 extollitur,
1230 834 1258 880 et
1273 840 1287 890 5

108 917 173 975 post
187 903 247 978 [ad]
261 907 387 960 abissum
399 907 427 960 in
440 906 552 962 modico
564 917 719 962 reuocetur.
757 907 840 962 Vnde
853 924 917 978 spes
930 907 986 964 vite
999 917 1059 964 tota
1069 907 1218 974 defecerat,
1231 917 1259 963 et

109 989 219 1046 letifera
240 989 367 1060 profundi
387 989 557 1045 Acherontis
579 989 722 1045 immersio
744 1000 891 1045 cuntorum
914 989 1061 1048 formidine
1082 1001 1190 1046 mentes
1211 1008 1259 1046 oc·

109 1072 239 1142 cupabat
267 1075 348 1128 Tunc
360 1089 431 1127 unus
444 1073 602 1128 consodalis
614 1072 670 1128 ait:
691 1073 708 1102 “
719 1075 839 1129 Sanctus
852 1073 1020 1128 Edmundus
1033 1073 1130 1130 martir
1142 1073 1258 1128 celebris

109 1165 138 1210 et
155 1155 306 1211 Orientalis
319 1155 422 1227 Anglie
440 1173 488 1212 rex
506 1155 628 1225 illustris,
642 1157 803 1212 innumeros
821 1157 858 1211 ab
877 1166 992 1227 utraque
1011 1166 1100 1211 morte
1114 1156 1259 1212 consueuit

109 1239 246 1294 liberare:
266 1239 345 1295 cuius
358 1239 548 1297 inuocantium
561 1241 589 1294 in
601 1240 725 1311 presenti
738 1240 860 1311 periculo
873 1257 929 1296 non
944 1239 1104 1294 diffidamus
1117 1239 1259 1307 auxilium,
1275 1263 1305 1298 ro

109 1332 141 1377 ut
153 1323 191 1376 ab
203 1323 333 1394 angustia
345 1340 397 1378 nos
408 1341 505 1379 eruere
512 1323 610 1378 mortis
618 1324 764 1392 acceleret,
774 1333 803 1379 et
816 1325 852 1378 ad
862 1335 973 1394 portum
983 1322 1080 1378 salutis
1088 1323 1259 1378 introductos

110 1405 327 1462 misericorditer
339 1407 509 1462 conseruet.”
537 1407 602 1462 Hiis
617 1407 733 1462 animati
740 1405 922 1475 monitoriis⁸,
932 1424 1030 1462 omnes
1042 1408 1154 1464 beatum
1166 1406 1260 1462 marti-

110 1506 171 1544 rem
193 1501 327 1560 ceperunt
348 1489 489 1558 inuocare,
511 1489 654 1547 dicentes:
687 1491 740 1546 “O
761 1501 859 1547 sancte
877 1490 1028 1546 Edmunde
1048 1507 1097 1546 rex
1116 1501 1144 1546 et
1164 1490 1261 1545 martir

110 1573 240 1644 gloriose,
255 1575 282 1630 in
300 1574 422 1645 presenti
441 1574 522 1630 nobis
541 1575 724 1630 tribulacione
743 1577 890 1631 succurre!
929 1576 954 1629 O
974 1585 1073 1645 potens
1092 1585 1120 1630 et
1139 1575 1261 1644 benigne

111 1657 251 1728 princeps,
269 1658 352 1712 nobis
370 1658 502 1714 auxilium
524 1668 569 1714 tue
588 1657 701 1728 pietatis
720 1659 840 1728 porrige,
859 1657 976 1730 insignis
997 1657 1182 1728 triumphator
1202 1658 1259 1712 Ed·
1277 1677 1305 1728 ¹5

110 1741 214 1796 munde
227 1742 256 1794 !”
294 1743 371 1796 Inter
384 1743 436 1796 has
448 1758 532 1796 uoces
544 1741 688 1796 orantium
705 1741 846 1796 doloribus
861 1742 969 1812 plenas,
982 1739 1052 1795 mira
1069 1741 1115 1796 dei
1128 1740 1219 1812 pietas
1232 1750 1260 1795 et

111 1823 240 1878 miranda
264 1823 384 1879 martiris
408 1823 528 1879 occurrit
552 1823 698 1896 potencia:
727 1841 805 1879 mare
826 1841 948 1896 namque
970 1823 1092 1891 sedatur,
1114 1824 1261 1892 celumque

111 1906 282 1980 spirantibus
299 1907 428 1978 a[u]stris
444 1925 518 1962 noua
536 1907 626 1964 cuntis
639 1907 721 1962 rediit
740 1908 929 1978 oportunitate
947 1923 1084 1962 serenum.
1123 1908 1261 1976 Magnum

112 1991 197 2062 igitur
220 1991 306 2046 creuit
334 1991 364 2046 in
392 1992 441 2045 illa
468 1990 594 2061 protinus
618 1991 768 2046 sodalitate
794 1990 954 2062 tripudium,
979 1989 1115 2062 factisque
1141 1990 1261 2044 fidenter

111 2073 260 2130 anchoris:
279 2075 463 2146 multiplicant
473 2092 546 2129 noua
555 2072 905 2146 recencium⁸sollempnia
913 2073 1094 2144 gaudiorum
1110 2072 1192 2144 etqui
1202 2082 1261 2127 tam
1275 2090 1306 2127 ro

111 2175 198 2228 graue
210 2159 430 2214 formidaruerunt
442 2157 471 2212 in
484 2159 544 2213 salo
556 2157 741 2228 naufragium,
754 2159 784 2214 in
799 2161 859 2214 solo
875 2175 925 2228 per
943 2159 1018 2211 hunc
1038 2156 1157 2211 solidum
1170 2166 1260 2212 trans-

111 2242 237 2296 feruntur
260 2242 297 2296 ad
321 2251 441 2312 portum.
483 2241 559 2296 Hinc
581 2251 623 2296 est
645 2243 719 2312 quod
743 2251 823 2297 tanto
847 2241 966 2312 principi
987 2240 1096 2312 gracias
1115 2250 1144 2297 et
1163 2241 1260 2294 laudes

113 2323 264 2395 reddimus,
288 2324 369 2398 eique
396 2323 491 2398 capita
521 2335 618 2382 nostra
648 2325 847 2394 submittimus,
871 2335 898 2380 et
928 2341 1074 2380 munerum
1103 2333 1261 2380 nostrorum

112 2407 247 2463 libamina
260 2408 333 2464 uotis
347 2408 520 2480 supplicibus
532 2410 758 2480 comportamus!

185 2598 234 2653 DE
253 2608 386 2658 thtlttco
404 2609 506 2653 DESUB
524 2609 623 2654 UNDIS
642 2609 740 2654 MARIS
759 2611 820 2654 PER
840 2611 968 2654 suatum
988 2599 1182 2656 Entwttburt

326 2692 492 2738 EXTRACTO
510 2693 551 2736 st·
568 2693 680 2738 SOLIDE
698 2693 835 2738 TELLURI
854 2693 1039 2739 RESTITUTO.

400 2801 507 2857 Uidam
530 2802 648 2857 clericus
676 2803 712 2857 de
740 2802 817 2857 Licio
841 2801 961 2872 campo*
986 2802 1098 2872 gloriosi
1124 2801 1262 2872 pontificis
1277 2825 1305 2875 ²5

434 2885 538 2940 Christi
563 2885 669 2951 Cedde,
689 2903 784 2940 coram
808 2885 965 2940 senioribus
989 2885 1018 2940 in
1042 2885 1164 2955 capitulo
1188 2885 1262 2954 regis

114 2966 258 3022 Edmundi
270 2968 363 3024 retulit
374 2970 429 3024 hoc
441 2969 605 3023 miraculum
618 2969 654 3024 de
666 2986 697 3024 se
710 2968 772 3039 ipso
785 2967 945 3038 contigisse.
982 2968 1163 3023 ‘Tendentes
1178 2966 1263 3036 igitur

115 3051 307 3106 lerosolimam
329 3069 394 3108 cum
414 3051 525 3122 plurimi
545 3052 692 3108 nobiscum
717 3069 819 3106 nauem
839 3051 1060 3121 ingrederentur,
1085 3061 1112 3105 et
1142 3050 1213 3104 velis
1232 3049 1261 3102 in

114 3151 217 3206 equore
225 3136 363 3206 prosperis
372 3145 634 3207 portumsperareut
643 3135 741 3191 salutis
750 3135 976 3206 apprehendere:
989 3151 1024 3188 ex
1033 3134 1178 3203 inopinato
1186 3133 1262 3203 passi

115 3235 212 3273 sumus
224 3236 322 3273 omnes
334 3219 507 3288 naufragium
520 3219 647 3274 luctuosa
659 3229 833 3290 tempestate.
870 3220 908 3272 Et
921 3235 984 3272 cum
997 3217 1120 3288 procella
1133 3215 1262 3271 immanis
1276 3241 1308 3290 30

114 3301 152 3356 ad
172 3302 298 3358 abissum
317 3301 487 3373 perdicionis
506 3301 658 3372 inpelleret,
679 3311 707 3357 et
728 3303 757 3358 in
777 3301 846 3356 mari
868 3301 986 3372 quisque
1003 3299 1199 3356 miserabiliter
1215 3317 1261 3354 ex-

115 3385 235 3455 piraret:
255 3402 308 3456 ego
321 3394 462 3456 superstes
480 3385 541 3455 cepi
558 3386 610 3440 sub
626 3385 709 3440 undis
727 3385 905 3440 inestimabili
922 3395 1042 3440 tremore
1059 3384 1220 3454 pallescere,
1234 3392 1262 3438 et

114 3479 244 3523 sanctum
256 3469 361 3524 domini
374 3485 468 3538 regem
478 3467 658 3524 Edmundum
671 3469 723 3523 sub
736 3469 835 3523 mortis
846 3469 962 3524 articulo
976 3469 1082 3524 crebris
1095 3468 1263 3523 clamoribus

115 3551 255 3607 inuocare.
292 3553 331 3606 Et
354 3550 425 3607 sicut
446 3551 483 3606 de
507 3552 591 3606 beato
616 3550 746 3606 scribitur
769 3551 908 3607 Nicholao
933 3553 1009 3622 quod
1029 3552 1123 3607 nautis
1144 3553 1173 3606 in
1192 3551 1262 3604 mari

113 3634 302 3690 clamantibus
315 3635 442 3690 celeriter
455 3634 542 3700 affuit,
560 3633 599 3688 ita
617 3650 664 3689 rex
681 3634 818 3703 gloriosus
837 3646 864 3690 et
879 3635 975 3690 martir
992 3636 1158 3690 Edmundus
1177 3633 1262 3688 michi
1276 3634 1308 3683 ³5

115 3717 291 3788 naufraganti
308 3717 477 3789 patrocinari
494 3735 552 3772 non
567 3716 683 3785 destitit,
702 3718 749 3788 qui
767 3719 946 3788 apprehensa
963 3717 1068 3772 cesarie
1082 3715 1182 3786 capitis
1198 3715 1262 3782 mei,

115 3802 313 3872 supervndam
322 3801 409 3856 maris
418 3801 499 3856 traxit
509 3817 555 3855 me
565 3801 602 3855 ad
611 3799 741 3856 arridam.
766 3802 804 3856 Et
816 3819 881 3856 cum
892 3821 909 3856 a
919 3819 965 3856 me
974 3801 1057 3854 vellet
1067 3799 1146 3855 testis
1157 3798 1261 3853 Christi

114 3883 256 3953 recedere,
276 3885 330 3939 biis
351 3900 416 3939 eum
438 3883 500 3956 cepi
524 3884 618 3938 denuo
639 3883 770 3954 precibus
793 3883 942 3938 inuocare:
969 3882 1117 3949 “Edicito,
1139 3879 1262 3948 domine,

113 3966 182 4038 qnid
195 3967 231 4022 de
243 3977 270 4022 te
283 3967 367 4022 michi
379 3967 462 4022 liceat
475 3965 597 4034 credere,
610 3977 638 4022 et
651 3966 717 4037 quid
730 3967 766 4021 de
778 3967 834 4020 tuis
846 3967 965 4021 debeam
978 3965 1086 4020 auxiliis
1097 3963 1262 4018 scissitanti-

115 4052 169 4106 bus
192 4050 255 4106 aliis
279 4049 416 4106 intimare.
461 4052 573 4105 Nomen
598 4060 678 4105 tuum
699 4050 772 4104 scire
794 4049 932 4117 desidero,
954 4064 1108 4119 perquem
1127 4065 1145 4101 a
1164 4045 1262 4101 mortis
1276 4062 1309 4112 40

114 4133 233 4190 nexibus
252 4144 363 4204 ereptus
381 4133 513 4204 respiro.''
550 4133 565 4162 “
576 4134 660 4188 lbesu
678 4132 793 4200 Christi,
812 4133 965 4203 respondit,
981 4132 1101 4188 famulus
1120 4147 1173 4200 ego
1191 4146 1262 4195 sum,

115 4217 286 4272 Edmundus
312 4217 391 4272 cuius
417 4216 574 4287 implorasti
603 4233 705 4288 pronus
730 4215 879 4284 auxilium
910 4232 974 4270 mea
997 4225 1026 4270 te
1050 4229 1204 4284 cognosces
1234 4213 1263 4268 in

151 2840 291 2895 Osbertus.

142 4365 295 4418 ²MS.eta.
393 4366 623 4419 ²MS.monltoria
724 4365 935 4420 'MS.reoencia.
1033 4364 1094 4418 ‘sc
1107 4363 1237 4417 Lichfreld.

655 4458 728 4504 Tt2
