3052 4896
416 305 508 398 ,ὩΒ
532 302 697 394 &anon
722 304 912 393 mittito.
1178 328 1249 404 513
1303 383 1304 386 a

10 545 23 554 ψ
104 503 169 562 Nec
190 522 283 576 mora,
305 503 452 563 iudicum¹
471 503 640 579 iniquorum
663 505 797 564 unanimi
821 505 970 564 sententia
993 504 1153 564 diffinitum
1180 515 1246 565 est:

10 646 13 654 ,
102 591 173 665 quia
193 592 240 650 hic
259 593 348 649 homo
368 610 438 649 reus
457 603 503 650 est
521 594 634 662 mortis,
651 595 816 667 dignasque
837 613 893 668 pro
915 593 1030 652 meritis
1051 595 1160 652 debeat
1178 595 1252 652 dare

101 695 208 752 penas.
236 679 355 737 Iniectis
368 679 467 754 itaque
480 681 618 738 manibus
631 681 754 754 capitur,
762 681 895 751 trahitur,
903 683 1035 755 primum
1048 681 1079 738 in
1092 681 1251 739 ecclesiam

10 793 12 844 3
101 767 213 826 deinde
225 785 282 840 per
294 768 460 836 ecclesiam,
473 769 540 825 sine
553 768 744 826 miseratione
756 769 815 826 vlla
826 778 977 828 tractatur.
1015 770 1151 842 Cumque
1170 770 1252 826 foras

10 893 18 929 :
103 855 263 912 eeclesiam
283 856 343 912 iam
364 864 445 912 esset
465 855 638 926 eliciendus,
659 857 823 914 adueniens
843 857 927 930 virgo
948 857 1202 926 reuerentissime,
1222 865 1280 926 ets

13 983 17 986 -
101 941 294 1016 interrogans
313 960 366 1000 cur
383 943 424 1000 ita
441 943 631 1000 innocentem
651 961 762 1000 vexare
780 953 1001 1017 presumerent,
1021 944 1137 1002 manica
1156 944 1252 1016 expli·

103 1037 171 1086 cata
183 1047 289 1087 omnes
302 1031 414 1103 pariter
426 1031 605 1088 euentilauit
643 1031 768 1089 Fecerat
780 1031 860 1088 enirn
873 1031 922 1088 die
936 1031 986 1088 illo
999 1032 1084 1088 beate
1097 1032 1252 1088 cuiusdam

10 1163 12 1168 .
102 1117 229 1190 virginis
242 1117 272 1174 in
286 1117 379 1175 missa
389 1119 711 1186 commemorationem,
720 1127 749 1176 et
758 1118 824 1191 ipsa
832 1129 897 1176 erat
910 1137 969 1192 que
982 1118 1121 1176 iudicauit
1130 1135 1252 1176 causam

10 1277 15 1282 ,
103 1203 171 1261 eius
184 1205 221 1261 de
235 1222 325 1261 manu
337 1204 524 1262 inimicorum
536 1223 668 1262 suorum.
722 1195 923 1280 Alioquoque
935 1215 1072 1279 tempore
1080 1206 1253 1263 infirmante

10 1341 12 1348 Α
103 1291 170 1348 viro
182 1291 231 1349 dei
243 1291 373 1349 introiuit
385 1292 532 1363 inimicus,
545 1304 576 1351 et
588 1292 768 1351 terribilibus
780 1294 873 1352 oculis
887 1294 1010 1351 intuens
1022 1311 1102 1361 eum,
1112 1293 1250 1350 baculum
1269 1316 1299 1354 ιο

10 1366 14 1464 ,¹
103 1397 196 1452 quem
214 1397 305 1436 manu
318 1381 438 1438 tenebat
450 1380 560 1438 leuauit
578 1380 608 1436 in
621 1381 713 1437 altum
726 1398 857 1454 eumque
875 1381 964 1439 tertio
979 1381 1079 1439 valide
1095 1381 1253 1454 percussit.

10 1519 12 1552 3
103 1467 156 1524 Ad
183 1468 261 1541 que¹
287 1468 361 1527 nihil
389 1477 488 1525 motus
516 1486 623 1526 seruus
647 1469 696 1526 dei
719 1469 894 1541 respondit:
921 1468 1004 1525 ‘Iam
1030 1485 1111 1525 nunc
1135 1470 1253 1539 recede,

104 1553 246 1628 maligne,
258 1555 398 1628 quoniam
413 1556 590 1630 ampliorem
603 1574 633 1612 m
646 1574 695 1613 me
712 1564 891 1628 potestatem
909 1574 971 1613 non
990 1556 1105 1620 habes;
1124 1557 1179 1613 sed
1196 1573 1253 1614 nec

104 1642 183 1699 hanc
203 1643 324 1700 omnino
344 1643 480 1714 haberes,
493 1644 552 1700 nisi
569 1643 621 1700 tibi
640 1645 772 1716 desuper
789 1645 859 1701 data
877 1644 999 1701 suisset!
1072 1631 1194 1701 Tentus
1208 1653 1253 1702 est

10 1787 12 1818 ;
104 1731 187 1788 enirn
206 1732 301 1788 semel
319 1731 457 1789 inimicus
475 1749 493 1788 a
509 1731 574 1790 viro
592 1731 640 1789 dei
658 1740 688 1789 et
707 1732 817 1789 diutius
836 1731 1022 1804 flagellatus:
1045 1749 1101 1788 nec
1119 1731 1203 1804 prius
1221 1740 1254 1789 vt
1271 1752 1300 1804 ¹5

104 1818 190 1874 abire
208 1827 311 1891 posset
329 1819 463 1889 obtinuit,
480 1837 571 1893 quam
589 1837 622 1876 se
641 1820 718 1876 vltra
737 1837 797 1876 non
817 1836 1010 1877 reuersurum
1028 1821 1067 1876 ad
1085 1836 1164 1888 eum,
1177 1818 1254 1876 iure·

103 1904 233 1962 iurando
257 1907 452 1980 promitteret.
538 1896 575 1965 ln
606 1907 828 1980 aquilonaribus
852 1907 964 1980 Anglie
996 1907 1131 1980 partibus
1162 1907 1252 1963 horno

104 1993 227 2066 quidam
247 2003 311 2050 erat
330 1995 417 2052 valde
438 1994 625 2066 miserabilis,
644 1995 695 2068 qui
719 1993 868 2052 fortunam
891 1992 1076 2068 paupertatis
1095 2011 1156 2050 non
1177 2011 1255 2066 eque

104 2080 218 2149 ferens,
231 2081 348 2138 diabolo
365 2080 507 2140 manum⁸
519 2083 601 2140 dedit
614 2091 643 2140 et
657 2082 830 2155 homagium
847 2081 876 2139 ei
890 2081 968 2139 lecit.
1004 2082 1142 2139 Tandem
1161 2081 1255 2138 miser

103 2167 159 2226 ille
171 2168 340 2241 intelligens
353 2179 477 2240 reatum,
490 2170 628 2243 penitere
647 2169 736 2243 cepit.
776 2169 814 2226 Et
832 2187 900 2227 cum
917 2169 1035 2226 cuidam
1048 2187 1151 2226 casum
1164 2186 1252 2226 suum
1270 2187 1302 2225 ιο

104 2265 139 2314 et
148 2257 335 2329 propositum
345 2258 518 2326 reuelasset,
526 2257 618 2315 astitit
627 2257 656 2315 ei
666 2256 803 2314 diabolus
813 2258 843 2314 in
855 2257 954 2330 effigie
963 2266 1105 2314 consueta
1115 2257 1163 2314 et*
1176 2265 1256 2326 nota,

105 2343 193 2400 illurn
216 2345 392 2417 proditionis
422 2363 570 2418 arguens;
597 2345 791 2420 castigatione
816 2345 928 2402 crudeli
953 2362 987 2401 se
1017 2344 1117 2417 ipsum
1148 2343 1256 2416 punire

107 2431 248 2499 minatur,
261 2431 287 2488 si
299 2432 371 2505 quid
387 2433 448 2490 tale
462 2433 602 2490 decetero
618 2442 797 2506 attemptare
812 2440 1011 2504 presumeret.
1047 2431 1088 2487 At
1101 2432 1192 2488 bomo
1205 2431 1256 2488 ille

107 2520 216 2576 videns
235 2520 314 2592 quod
335 2519 474 2578 inimicus
496 2519 562 2576 eius
583 2520 776 2594 cogitationes
797 2519 894 2577 cordis
916 2519 961 2576 sui
983 2536 1044 2576 non
1066 2518 1256 2592 cognouisset

108 2606 168 2664 nisi
187 2624 240 2663 eas
258 2607 342 2680 prius
360 2625 416 2680 per
433 2609 558 2665 verbum
577 2610 626 2666 vel
645 2607 765 2681 signum
787 2608 979 2681 prodidisset,
998 2606 1185 2665 dissimulato
1202 2607 1256 2664 ali·
1271 2627 1301 2680 ²⁵

106 2694 250 2767 quamdiu
274 2694 439 2766 penitentie
469 2712 523 2753 sue
554 2695 707 2768 proposito
732 2697 770 2752 ad
793 2695 941 2752 Wln‘cum
968 2695 1017 2752 dei
1041 2695 1170 2752 amicum
1200 2695 1257 2751 iter

107 2782 231 2839 tandem
252 2782 386 2855 arripuit,
408 2791 438 2839 et
461 2784 500 2839 ad
519 2784 629 2840 vadum
649 2783 799 2855 quoddam
824 2782 904 2840 illius
929 2781 1041 2839 lluuioli
1066 2783 1146 2854 quod
1171 2791 1257 2840 extra

109 2868 360 2941 Heselbergiam⁸
373 2869 463 2927 situm
477 2879 532 2942 est,
541 2869 667 2928 accessit
675 2870 694 2927 ⁸.
718 2870 836 2927 Etcum
849 2871 958 2926 vadum
972 2869 1077 2926 fuisset
1089 2871 1256 2941 ingressus,

108 2957 286 3028 superuenit
304 2957 441 3014 diabolus
463 2957 507 3014 ira
528 2974 638 3031 magna
662 2975 835 3024 succensus,
856 2965 886 3013 et
910 2972 1020 3012 manus
1044 2955 1075 3012 in
1100 2955 1256 3012 hominem

107 3043 282 3114 immittens,
295 3043 455 3112 infremuit,
470 3054 500 3101 et
518 3045 576 3103 ait:
597 3044 694 3115 ‘Quid
713 3053 769 3114 est,
786 3044 891 3117 inquit,
904 3043 1047 3116 proditor,
1059 3044 1141 3115 quod
1158 3043 1257 3099 facere
1271 3064 1304 3114 ³0

107 3130 250 3188 voluisti?
288 3129 403 3188 Moliris
427 3141 547 3205 pactum
579 3143 715 3189 nostrum
744 3131 920 3199 dissoluere,
946 3131 1000 3187 sed
1030 3129 1156 3200 frustra3
1188 3129 1257 3201 quia

109 3217 295 3293 proditionis,
314 3235 374 3291 qua
392 3219 462 3276 olim
482 3220 538 3276 deo
559 3219 751 3289 renunciasti,
768 3227 798 3275 et
813 3236 872 3291 qua
891 3233 970 3274 nunc
988 3216 1061 3273 mihi
1080 3216 1258 3273 renunciare

109 3305 231 3377 cogitas,
249 3306 368 3362 soluere
386 3322 483 3379 penas
501 3308 591 3364 modo
608 3308 711 3374 debes,
729 3305 799 3380 quia
818 3305 877 3362 iam
897 3304 1106 3361 miserabiliter
1123 3305 1257 3360 submer-

108 3391 208 3466 geris!
247 3392 286 3449 Et
309 3402 417 3450 tenens
438 3411 508 3450 eum
533 3394 677 3462 diabolus,
700 3394 742 3449 ita
765 3392 951 3450 immobilem
976 3391 1074 3459 secit',
1099 3392 1179 3464 quod
1201 3408 1257 3449 nec

108 3481 276 3554 procedere
289 3498 345 3538 nec
358 3481 390 3537 in
402 3480 481 3537 latus
493 3480 613 3553 aliquod
625 3481 716 3538 valuit
734 3480 893 3538 declinare.
931 3479 1010 3535 Dum
1028 3478 1083 3535 hec
1098 3488 1259 3550 agerentur
1271 3490 1304 3552 ³5

108 3584 148 3638 rnv
164 3565 296 3638 llumine,
318 3568 364 3625 vir
389 3567 437 3624 dei
458 3567 613 3625 ericus⁸
634 3567 742 3640 angelo
762 3567 916 3624 reuelante
938 3575 1044 3623 cuncta
1064 3583 1258 3637 cognoscens,

108 3654 226 3712 vocauit
245 3655 283 3710 ad
302 3672 336 3712 se
355 3655 557 3729 presbiterum
567 3654 585 3723 ⁹,
604 3663 634 3712 et
653 3655 713 3712 ait:
742 3655 912 3724 ‘Accelera,
931 3652 1036 3725 inquit,
1055 3661 1085 3709 et
1103 3662 1259 3726 assumpta

110 3757 201 3799 cruce
220 3759 288 3798 cum
310 3759 388 3814 aqua
408 3741 575 3812 benedicta,
594 3759 718 3799 occurre
737 3740 850 3798 homini
870 3757 960 3814 quem
978 3739 1114 3796 diabolus
1132 3740 1163 3796 in
1181 3741 1259 3802 vado

109 3829 191 3901 quod
210 3835 296 3885 extra
308 3828 409 3886 villam
429 3837 484 3900 est,
502 3829 654 3902 captiuum
670 3837 762 3898 tenet,
780 3838 810 3885 et
829 3845 906 3901 aqua
923 3827 1080 3884 benedicta
1097 3843 1257 3900 aspersum

110 3916 244 3972 adduces
256 3916 294 3971 ad
311 3919 377 3972 me!
413 3916 455 3973 At
473 3916 524 3974 ille
543 3932 676 3990 pergens
694 3915 810 3972 inuenit
828 3915 982 3972 hominem
1001 3914 1042 3971 ita
1059 3913 1090 3971 in
1108 3932 1185 3988 aqua
1204 3915 1259 3972 im·
1271 3925 1306 3977 4ο

109 4001 259 4060 mobiliter
277 4003 371 4059 fixum
390 4005 469 4076 quod
492 4004 615 4060 deloco
633 4020 667 4060 se
685 4020 808 4060 mouere
829 4019 890 4059 non
913 4002 1015 4075 potuit
1061 4001 1161 4072 Quem
1183 4019 1260 4075 aqua

109 4089 269 4147 benedicta
287 4090 482 4163 perfundens,
501 4091 667 4164 predonem
688 4091 808 4164 fugauit,
821 4099 851 4146 et
870 4091 909 4146 ad
922 4089 1020 4147 virum
1039 4089 1087 4147 dei
1107 4090 1260 4148 hominem

145 4251 202 4302 ιΕ.
215 4253 342 4303 iudicium.
387 4251 445 4305 ¹T.
459 4253 488 4304 E.
505 4269 589 4316 quem.
632 4252 687 4304 ΙΤ.
700 4269 815 4312 manum3
833 4252 862 4303 E.
874 4267 973 4304 manus.
1016 4253 1114 4302 ‘cons
1126 4260 1153 4303 et
1162 4254 1195 4304 al,
1209 4270 1261 4305 om.

10 4299 12 4322 ⁵
110 4317 170 4368 ’Β
184 4317 390 4382 Heiesbergiam.
468 4316 527 4370 ⁸13.
539 4320 641 4370 acessit.
717 4318 855 4370 'civita
934 4319 1123 4370 ⁸T.uulricus.
1197 4319 1259 4372 ’so

112 4383 272 4434 Brictricurn.

149 4477 213 4516 vor.
227 4476 257 4516 ιι
669 4460 709 4518 ul
