3028 4894
262 329 338 402 414
576 305 708 394 mila
732 301 922 408 [tuenda
947 303 1099 408 tituta

263 505 495 566 commendauit.
542 505 668 566 Addidit
693 505 820 581 insuper
847 507 928 580 quod
958 523 1069 582 corpus
1100 523 1189 566 suum
1219 505 1253 566 in
1284 508 1412 582 quadam

263 606 380 656 carecta
399 611 454 654 sua
470 595 613 654 decenter
625 606 798 670 poneretur,
808 605 838 654 et
850 595 976 654 iunctis¹
989 597 1021 652 in
1032 595 1140 686 gadem
1154 596 1285 654 firmiter
1297 598 1413 654 duobus

263 683 327 742 suis
345 683 442 742 bobus
461 693 492 742 et
510 683 629 741 nemine
648 683 784 754 ducente,
798 683 852 741 sed
871 682 921 740 vbi
939 683 1016 741 deus
1033 683 1228 754 ordinauerit,
1242 702 1303 758 per
1321 686 1415 742 duos

263 771 358 830 boues
370 771 549 842 veheretur;
569 781 600 830 et
613 771 713 829 statim
730 769 891 845 prostrauit
905 787 940 828 se
956 780 986 828 et
1003 772 1099 828 orauit
1115 771 1205 828 deum
1221 773 1352 831 dicens:
1371 772 1415 830 ‘0

234 871 250 924 ε
263 877 336 934 spes
351 867 381 918 et
397 861 479 916 salus
492 859 689 929 credentium,
702 857 730 916 0
742 858 836 916 decus
849 868 880 916 et
891 857 978 932 quies
991 858 1199 930 laborantium,
1214 859 1310 917 ihesu
1330 861 1416 926 bone,

263 945 310 1004 fac
329 947 407 1004 hanc
425 963 494 1004 curn
513 963 604 1004 seruo
622 955 673 1004 tuo
692 946 935 1016 misericordiam,
953 955 985 1004 vt
1003 947 1173 1020 quicunque
1192 949 1356 1021 operarius
1373 948 1417 1005 in·

262 1033 434 1092 firmitatem
446 1051 500 1092 scu
513 1034 593 1092 aliud
606 1034 856 1108 impedimentum
869 1033 900 1091 in
913 1051 1041 1108 corpore
1054 1051 1109 1092 suo
1121 1035 1272 1106 habuerit,
1281 1037 1333 1093 vel
1346 1035 1418 1110 qui¹

262 1124 441 1181 necessitate
453 1123 628 1196 compulsus
640 1138 696 1195 pro
708 1121 804 1180 brutis
820 1121 999 1178 animalibus
1017 1139 1067 1181 me
1082 1139 1151 1178 cum
1168 1123 1249 1179 bona
1261 1123 1417 1180 voluntate

262 1209 336 1284 finP
346 1209 468 1268 nornine
478 1219 581 1268 sancto
589 1209 946 1268 tuoreuerentervisitare
954 1209 1090 1280 voluerit,
1098 1217 1200 1283 optato
1211 1226 1274 1266 non
1286 1213 1417 1280 carere⁴,

220 1313 251 1352 ιο
263 1307 292 1356 et
300 1297 387 1354 bruta
399 1297 545 1368 animalia,
558 1314 631 1372 rogo
640 1307 671 1354 te
681 1297 811 1368 domine,
821 1297 978 1372 pristinam
987 1297 1144 1356 sanitatem
1155 1297 1323 1370 recipiant!
1359 1299 1418 1370 Qui

262 1401 330 1442 curn
344 1385 424 1458 loqui
436 1394 595 1455 cessasset,
607 1401 667 1442 vox
686 1385 725 1442 de
743 1384 827 1443 coelo
845 1385 963 1444 sonuit:
983 1385 1028 1442 Ὀ
1046 1395 1149 1444 sancte
1161 1384 1334 1458 Walstane,
1347 1405 1417 1445 con-

262 1489 382 1530 cessum
403 1471 519 1531 esttibi
539 1473 620 1546 quod
641 1471 751 1547 petisti.
787 1473 865 1531 Veni
883 1473 922 1530 de
940 1472 1042 1531 labore
1061 1473 1099 1530 ad
1121 1473 1267 1546 requiem,
1285 1475 1359 1532 veni
1377 1477 1419 1532 de

262 1561 383 1619 miseria
400 1563 439 1618 ad
457 1561 602 1619 salutem.¹
640 1560 678 1618 Et
696 1563 795 1618 statim
814 1563 845 1618 in
862 1561 997 1636 predicto
1016 1570 1102 1634 prato
1122 1559 1262 1635 spiritum
1284 1562 1418 1620 reddidit

261 1649 460 1723 omnipotenti
472 1650 540 1707 deo.
577 1649 622 1706 Illi
634 1649 757 1722 quidem
769 1649 820 1723 qui
833 1666 901 1708 curn
914 1658 1019 1708 sancto
1037 1648 1195 1707 Walstano
1213 1652 1418 1723 personaliter

219 1757 248 1810 ¹⁵
262 1735 382 1795 fuenmt
394 1737 514 1810 quando
527 1753 659 1810 superna
672 1737 757 1811 petiit
770 1745 800 1794 et
813 1747 988 1811 presentem
1000 1737 1147 1794 mundum
1160 1736 1291 1810 reliquit,
1310 1739 1343 1794 in
1358 1739 1417 1796 hoc

260 1834 355 1884 testes
367 1825 551 1884 veracissimi
565 1825 746 1884 extiterunt⁸
758 1827 837 1899 quod
855 1825 942 1900 quasi
958 1825 1094 1882 columba
1111 1823 1182 1882 niue
1200 1825 1361 1882 candidior
1377 1827 1416 1883 ab

261 1931 314 1972 ore
334 1914 399 1970 eius
419 1921 523 1971 sancto
545 1913 672 1971 exiliens
692 1913 766 1970 coeli
788 1913 907 1971 culmen
931 1913 1066 1972 ascendit
1091 1920 1121 1969 et
1146 1912 1178 1969 in
1204 1912 1417 1986 superioribus

261 2001 341 2060 clara
354 2001 433 2058 nube
443 1999 572 2059 euanuit
609 1999 805 2074 Collatocrgo
816 2017 901 2058 sacro
909 2017 1036 2075 corpore
1044 1999 1192 2057 Walstani
1201 2017 1258 2074 per
1268 2001 1416 2059 honestas

261 2105 408 2163 personas
421 2087 460 2144 ibi
472 2087 638 2146 existentes
657 2089 686 2145 in
700 2098 833 2146 carrecta
846 2105 908 2158 sua,
921 2097 1010 2162 prout
1025 2089 1194 2146 ordinatum
1208 2087 1294 2161 prius
1308 2089 1415 2162 fuerat,

217 2197 249 2236 ac
261 2177 356 2233 boues
369 2177 425 2234 iter
437 2193 525 2232 suum
537 2193 645 2234 versus
658 2177 765 2234 siluam
779 2176 817 2233 de
836 2175 1044 2251 Costesheya‘
1057 2185 1138 2234 recte
1152 2176 1341 2234 direxerunt.
1379 2177 1416 2234 In

260 2280 320 2337 quo
342 2263 448 2322 itincre
468 2263 547 2320 istud
567 2263 779 2321 miraculosum
801 2263 923 2338 contigit
940 2265 1021 2338 quod
1038 2281 1106 2322 curn
1124 2265 1218 2322 boues
1237 2281 1308 2322 curn
1326 2283 1415 2323 sacro

260 2367 387 2426 corpore
409 2351 544 2425 predicto
564 2367 673 2425 aquam
696 2351 824 2426 ingressi
844 2351 966 2409 fuerunt
984 2349 1249 2424 profundissimam
1275 2351 1309 2408 in
1334 2354 1415 2410 dicta

260 2437 337 2496 silua
357 2439 547 2510 existentem,
570 2441 646 2497 deus
666 2455 722 2513 pro
746 2455 850 2498 amore
870 2449 901 2497 et
922 2439 1035 2496 honore
1056 2437 1150 2496 sancti
1167 2437 1321 2496 Walstani
1341 2441 1414 2498 illud

261 2527 437 2584 miraculum
456 2526 585 2585 ostendit
603 2527 683 2600 quod
702 2535 766 2584 rote
781 2527 859 2584 dicte
878 2536 995 2584 carecte
1011 2543 1104 2600 super
1122 2542 1201 2600 aque
1217 2521 1415 2600 superficiem

216 2641 246 2694 ²5
261 2614 380 2673 labilem
392 2625 422 2672 et
440 2615 614 2672 naturaliter
632 2615 774 2688 liquidam
787 2623 929 2688 tanquam
947 2631 1040 2688 super
1052 2623 1164 2672 terram
1176 2612 1224 2671 vel
1238 2615 1331 2672 aliam
1350 2633 1415 2673 ma·

260 2701 368 2761 teriam
378 2701 593 2760 consolidatam
602 2709 633 2759 et
646 2703 765 2760 firmam
778 2701 843 2760 sine
856 2703 955 2777 aliqua
967 2701 1181 2759 immersione*
1190 2713 1415 2775 processerunt

261 2789 396 2860 Quarum
409 2799 542 2847 rotarum
551 2789 677 2864 vestigia
687 2807 782 2864 vsque
796 2788 825 2847 in
839 2790 918 2847 hunc
931 2791 1011 2847 diem
1025 2789 1055 2847 in
1068 2805 1145 2862 aque
1157 2789 1294 2862 predicte
1307 2807 1414 2865 super·
1503 2789 1504 2810 ¹

260 2877 327 2936 licie
345 2895 493 2951 apparere
508 2877 655 2935 dicuntur.
691 2877 822 2951 Contigit
838 2880 929 2936 etiam
941 2877 1022 2935 aliud
1034 2877 1228 2934 miraculum:
1248 2880 1331 2950 quod
1343 2897 1414 2937 cum

262 2964 333 3040 [in]'
345 2967 475 3039 quodam
493 2965 604 3023 montis
619 2965 730 3023 excelsi
747 2966 904 3023 cacumine
922 2964 952 3022 in
965 2967 1044 3024 dicta
1060 2965 1137 3024 silua
1155 2964 1299 3022 existenti
1317 2968 1415 3026 boues

215 3077 248 3129 30
260 3069 329 3111 cum
341 3069 427 3112 sacro
439 3070 565 3127 corpore
578 3052 673 3110 sancti
685 3052 834 3110 Walstani
847 3053 1002 3127 paululum
1014 3053 1220 3127 persisterent,
1228 3071 1309 3110 vena
1322 3053 1414 3113 fontis

260 3149 364 3199 contra
373 3149 511 3198 naturam
524 3141 580 3198 loci
592 3141 672 3198 illius
684 3141 715 3198 in
729 3141 848 3215 signum
858 3141 952 3215 gratie
962 3140 1001 3197 ob
1010 3157 1144 3198 amorem
1155 3141 1250 3198 sancti
1259 3139 1413 3200 Walstani

259 3245 355 3303 vsque
374 3227 405 3285 in
424 3228 503 3285 hunc
521 3229 602 3285 diem
620 3245 676 3302 per
693 3227 826 3285 diuinam
844 3227 982 3303 apparuit
1001 3227 1201 3298 clementiam,
1213 3229 1265 3284 vbi
1277 3237 1350 3286 ante
1361 3229 1414 3286 illa

259 3323 397 3389 tempora
415 3331 569 3388 nunquam
587 3332 666 3389 aqua
683 3314 805 3373 inuenta
824 3313 886 3372 fuit
925 3315 1118 3373 Declinantes
1136 3323 1236 3372 autem
1255 3317 1355 3374 boues
1373 3319 1413 3374 ab

258 3403 310 3460 illo
328 3403 392 3460 loco
411 3419 480 3460 cum
499 3402 550 3460 illo
568 3403 706 3477 precioso
718 3419 844 3477 corpore
857 3419 964 3460 versus
976 3402 1078 3461 villam
1096 3402 1135 3459 de
1155 3402 1329 3476 Bauburg',
1343 3421 1413 3462 cum

213 3505 245 3558 35
260 3490 323 3548 fere
342 3493 380 3548 ad
398 3490 496 3548 locum
513 3489 565 3548 vbi
585 3507 664 3547 nunc
683 3507 794 3563 corpus
812 3489 889 3549 iacet
906 3491 1063 3547 humatum
1081 3491 1304 3565 prouenissent,
1321 3491 1413 3549 aliam

260 3577 420 3636 stationem
433 3579 463 3634 in
476 3578 607 3650 quodam
622 3577 686 3634 loco
699 3577 851 3635 fecerunt:
869 3577 899 3633 in
912 3595 972 3651 quo
984 3595 1080 3650 usque
1094 3577 1124 3634 in
1137 3577 1217 3634 diem
1229 3578 1412 3636 hodiernum

259 3665 373 3723 fontem
389 3665 489 3736 alium,
503 3666 579 3723 mire
591 3664 708 3722 virtutis
722 3674 826 3722 contra
846 3665 947 3723 febres
959 3674 990 3722 ct
1002 3665 1111 3722 multas
1123 3665 1197 3722 alias
1207 3665 1412 3736 infirmitates,

258 3755 297 3810 ob
317 3770 451 3811 amorem
472 3754 567 3810 sancti
587 3751 737 3810 Waistani
758 3753 861 3810 diuina
884 3753 981 3827 pietas
1004 3754 1163 3810 constituit
1201 3751 1339 3810 Positum
1364 3763 1412 3812 est

258 3859 370 3914 corpus
388 3841 477 3898 buius
494 3839 590 3898 sancti
608 3840 664 3898 viri
682 3839 831 3897 Walstani
850 3839 881 3897 in
900 3840 1026 3898 ecclesia
1045 3841 1084 3898 de
1104 3839 1263 3914 Bawburg,
1276 3840 1308 3898 iu
1324 3840 1411 3899 cuius

213 3948 246 4000 40
259 3929 381 3986 nomine
389 3937 435 3986 est
443 3928 594 3998 dedicata;
614 3945 670 4001 pro
679 3925 763 3985 cuius
772 3945 876 3986 amore
885 3929 961 3985 deus
969 3927 1091 3986 diuersa
1103 3937 1243 4001 operatur
1255 3928 1410 3986 miracula.

260 4015 337 4074 Nam
360 4015 473 4073 ibidem
497 4014 640 4090 paralitici
670 4025 819 4087 curantur,
844 4015 906 4072 ceci
930 4017 1043 4086 vident,
1067 4017 1151 4073 surdi
1175 4013 1309 4085 audiunt,
1334 4017 1409 4073 muti

258 4103 428 4177 loquuntur,
441 4102 539 4160 claudi
557 4103 719 4174 ambulant,
732 4103 865 4160 euadunt
883 4102 1097 4172 febricitantes,
1110 4104 1223 4176 arrepti
1236 4119 1255 4160 a
1266 4103 1409 4160 demonio

257 4191 431 4264 liberantur,
452 4192 555 4264 oculis,
574 4193 664 4250 etiam
682 4191 861 4267 genitalibus
882 4193 1027 4250 membris
1048 4189 1158 4266 priuati
1176 4191 1292 4249 meritis
1313 4191 1407 4249 sancti

290 4313 466 4365 ¹Ecunctis
553 4313 611 4365 ¹E.
623 4315 700 4377 quod
789 4313 866 4367 'om
955 4313 1107 4365 ‘mneos
1189 4313 1407 4365 ‘Restiterant

255 4376 616 4444 ⁶=c0stesseyorc0ssey,
629 4396 693 4431 near
705 4381 837 4433 Norwicb.
910 4378 967 4431 'E
981 4382 1136 4433 emersione.
1214 4379 1272 4431 ¹1¹2.
1284 4381 1406 4443 hacburg.
