3052 4896
451 314 527 409 Dr
550 313 714 404 &uncto
740 315 920 420 utputo.
1186 344 1253 416 531

5 537 12 574 :
102 515 214 574 uenire
223 516 379 591 professus
389 526 442 575 est
468 516 559 575 Omni
572 526 667 576 estate
679 527 748 591 post
760 518 873 592 pascha
881 535 975 577 naues
985 536 1041 592 per
1050 519 1149 577 omnia
1158 519 1257 578 littora

5 627 13 662 ε
102 603 233 661 adunari
247 605 432 680 precipiebat
450 615 480 664 et
498 607 666 664 ascendens
682 605 811 679 ipsemet
826 624 909 664 mare
926 606 1067 664 circuibat
1085 617 1117 665 vt
1134 619 1257 682 pyratas

5 719 8 752 z
102 702 239 764 arceret3
259 693 368 767 hyeme
381 711 452 750 vero
469 710 525 767 per
540 693 709 767 prouincias
728 695 879 768 equitabat
896 704 928 752 vt
944 696 1096 768 predones
1115 697 1228 755 deleret
1236 698 1255 768 ¹,

5 809 9 840 2
102 779 215 837 iudicia
226 781 427 854 potentiorum
441 781 612 855 exquirens,
625 799 665 838 ne
677 781 724 839 ius
736 781 891 840 violarent.
961 771 1106 858 Quodam
1118 792 1255 858 tempore

102 877 248 925 venatum
272 877 456 942 perrexerat,
480 869 679 940 Dunstanum,
701 870 751 943 qui
777 887 879 927 secum
903 879 977 941 erat,
995 888 1106 944 rogans
1130 871 1283 941 missam5

103 955 245 1014 differre:
264 956 353 1031 quia¹
365 957 430 1014 dies
439 957 608 1014 dominicus
618 966 690 1014 erat.
722 957 1255 1034 Appropinquantehoratertia,epi-

5 1101 11 1109 ,
102 1059 217 1117 scopus
229 1045 323 1101 sacris
333 1044 454 1102 indutus
464 1062 558 1118 super
565 1045 658 1102 altare
669 1062 772 1117 regem
782 1047 968 1119 expectabat,
977 1046 1135 1120 subitoque
1145 1065 1254 1121 sopore

5 1173 10 1198 .·
104 1129 167 1188 leui
185 1134 349 1206 depressus
366 1141 470 1206 raptus
486 1134 518 1190 in
535 1133 633 1190 celum
649 1132 760 1189 audiuit
779 1141 884 1190 cantus
902 1135 1086 1206 angelorum,
1098 1142 1254 1193 cantantes

7 1279 10 1287 y
104 1217 318 1293 Kyrieleyson,
331 1220 378 1278 .ix.
390 1220 514 1278 vicibus
552 1219 705 1278 Excitatus
717 1229 785 1295 post
798 1220 958 1291 modicum,
971 1222 1067 1279 adhuc
1079 1231 1253 1296 expectans,

103 1307 221 1380 rapitur
232 1316 263 1364 et
275 1307 387 1365 audiuit
399 1309 458 1365 alta
469 1326 543 1365 voce
557 1307 614 1366 dici
626 1329 633 1366 :
653 1310 661 1339 ‘
673 1307 718 1366 lte
731 1309 825 1365 missa
836 1309 900 1377 est,'
912 1317 943 1366 et
955 1310 1131 1383 responderi
1143 1330 1150 1367 ε
1171 1309 1253 1370 ‘Deo
1269 1329 1299 1367 ro

101 1395 232 1468 gratias?
251 1396 337 1454 Tunc
347 1395 552 1454 accurrentes³
561 1396 626 1454 eius
636 1395 743 1466 clerici,
753 1414 856 1470 regem
865 1398 972 1454 adesse
980 1397 1132 1469 dixerunt;
1145 1398 1254 1472 quibus

102 1483 261 1557 respondit
273 1487 354 1558 quod
367 1485 490 1541 missam
502 1483 666 1553 audiuerat,
679 1501 735 1541 nec
748 1501 816 1541 esse
834 1502 911 1557 opus
923 1486 1002 1558 quod
1015 1503 1052 1542 ea
1064 1485 1111 1542 die
1123 1485 1253 1559 amplius

100 1571 276 1628 celebraret
315 1571 518 1645 Interrogatus
538 1587 556 1628 a
573 1589 645 1644 rege
664 1589 718 1628 cur
735 1572 790 1628 hec
809 1572 922 1629 diceret
941 1581 970 1630 et
988 1590 1082 1647 quare
1100 1574 1252 1631 celebrare

5 1705 8 1738 3.
101 1657 204 1729 nollet,
216 1659 363 1717 visionem
376 1661 493 1732 aperit;
512 1668 541 1716 et
558 1659 614 1716 hoc
632 1668 752 1732 sumpta
770 1658 925 1717 occasione
944 1661 1007 1734 regi
1025 1660 1199 1733 prohibens,
1213 1678 1252 1718 ne

5 1799 6 1802 ,
99 1746 152 1803 die
164 1747 314 1804 dominico
326 1748 449 1805 vlterius
461 1757 603 1804 venatum
616 1755 764 1820 pergeret.
786 1747 884 1816 Quam
897 1747 1116 1821 correptionem
1130 1757 1252 1806 sanctus
1266 1767 1295 1818 1⁵

100 1851 158 1892 rex
170 1834 300 1908 benigne
313 1836 446 1909 suscepit
459 1844 488 1892 et
501 1836 539 1892 de
552 1843 652 1892 cetero
670 1833 849 1891 obseruauit.
888 1834 946 1904 Qui
964 1836 1130 1908 gubernato
1148 1853 1251 1909 regno,

5 1975 6 1978 ,
99 1931 172 1997 post
191 1939 287 1980 annos
301 1923 377 1995 va',
391 1939 470 1980 anno
489 1922 576 1979 etatis
594 1939 649 1980 sue
663 1921 775 1994 ‚xxxiii
789 1922 819 1979 in
832 1939 907 1995 pace
919 1921 1040 1996 quieuit,
1053 1931 1083 1980 et
1099 1922 1250 1980 miraculis

99 2019 171 2085 post
183 2021 310 2068 mortem
323 2011 436 2082 claruit,
447 2019 479 2067 vt
491 2010 522 2067 in
535 2010 595 2067 vita
607 2009 685 2066 beati
700 2009 818 2067 Patricli
831 2009 940 2067 clarius
953 2019 1042 2083 patet.

141 2132 270 2206 Explicit
290 2132 388 2204 (Noua
407 2131 536 2206 legenda
554 2131 686 2205 Anglie).
733 2129 887 2204 Impressa
912 2131 1084 2189 Londonias
1105 2131 1136 2188 in
1159 2133 1249 2189 domo

98 2220 246 2278 Winandi
259 2222 297 2278 de
310 2220 434 2291 Worde,
448 2221 661 2277 commorantis
673 2221 710 2276 ad
724 2219 843 2292 signum
862 2219 943 2288 solis,
956 2219 986 2276 in
999 2220 1066 2276 vico
1078 2231 1249 2293 nuncupato
1264 2241 1296 2277 ao

99 2309 166 2382 (the
185 2308 256 2366 flete
276 2309 389 2378 strete).
435 2309 525 2364 Anno
547 2308 659 2365 domini
682 2324 807 2364 mccccc
826 2308 886 2379 xvj.
905 2307 997 2379 xxvij.
1017 2307 1065 2365 die
1086 2307 1247 2366 Februarii.

95 2399 123 2458 il
154 2395 257 2470 Itaque
279 2413 385 2453 omnes
405 2395 539 2469 hystorie
558 2395 605 2452 hic
625 2396 747 2453 collecte
775 2395 881 2452 men'to
909 2395 1047 2453 dicuntur
1072 2413 1159 2466 noue,
1179 2395 1248 2468 quie

97 2485 168 2541 licet
180 2485 308 2558 quedam
327 2485 365 2540 de
383 2482 449 2540 istis
467 2483 557 2540 etiam
576 2483 768 2559 reperiuntur
785 2485 865 2557 apud
885 2483 997 2557 plures,
1009 2501 1070 2540 non
1088 2492 1189 2540 tamen
1208 2485 1248 2540 ita

96 2573 257 2631 emendate
270 2581 300 2628 et
313 2581 446 2629 correcte
459 2571 535 2629 sicut
547 2573 577 2629 in
592 2573 647 2629 hoc
660 2573 799 2630 volumen
813 2571 1009 2630 continentur.

247 2711 255 2742 ¹
274 2720 300 2760 vt
311 2727 335 2775 p.
347 2727 371 2761 a.
385 2711 417 2761 al.
429 2727 478 2762 om.
609 2711 620 2740 ¹
638 2711 666 2762 E.
679 2727 736 2774 qua.
868 2711 878 2741 ³
896 2710 925 2762 F.
939 2719 1096 2762 occurentes.
