3028 4894
414 323 489 425 vt
514 328 678 419 aanor
704 323 913 416 waleno.
1165 349 1239 422 409

84 546 176 604 gens,
195 531 323 588 lutosam
344 540 374 588 et
392 529 536 588 lubricam
555 529 635 588 viam
650 528 816 598 declinauit‚
835 528 956 602 planam
975 536 1006 584 et
1024 526 1167 585 mundam
1186 525 1238 582 eli·

13 612 21 678 J
85 636 182 690 gens;
204 636 333 676 excusso
345 627 446 676 autem
459 635 577 691 sopore,
591 619 680 675 celeri
692 634 800 692 gressu
813 617 926 691 primos
938 617 1102 690 precedere
1115 615 1237 671 solebat.

13 697 27 776 s'
85 705 227 780 Cumque
247 705 375 763 famulus
394 723 465 763 eum
490 707 641 780 adaquare
662 707 711 762 vel
732 705 897 778 inequitare
917 705 1048 773 deberet,
1069 701 1189 760 fremitu
1208 710 1238 759 et

13 853 15 856 ,
84 793 170 850 vario
203 795 408 851 membrorum
439 803 520 850 motu
550 811 585 852 se
615 793 727 866 agitare
758 792 921 850 consueuit.
977 789 1095 849 Mortuo
1123 791 1238 860 abbate,

12 877 22 946 ζ’
86 899 186 954 equus
211 881 360 955 expilatus
384 882 538 952 emarcuit,
561 891 591 938 et
610 899 706 955 usque
728 881 765 938 ad
790 879 943 938 interitum
967 880 1142 952 elanguens,
1165 877 1267 943 nullis

12 967 20 1044 ]
87 969 174 1041 operi
188 978 276 1042 aptus
289 969 352 1026 fuit.
427 958 554 1027 Electus
571 979 671 1026 autem
685 969 721 1026 ad
734 968 940 1043 episcopatum
954 967 1057 1024 Sancti
1069 966 1193 1022 Andree
1206 965 1236 1023 in

14 1057 19 1063 '
87 1056 201 1126 Scotia,
221 1066 252 1113 et
277 1057 446 1114 consentire
468 1075 621 1126 recusans,
642 1057 734 1114 dixitt
764 1055 940 1130 ‘Expoliaui
961 1073 1011 1112 me
1029 1053 1129 1111 tunica
1152 1070 1237 1112 mea:

86 1145 241 1217 quomodo
253 1143 374 1202 induam
388 1145 489 1202 illam?
527 1143 601 1202 Laui
613 1145 709 1219 pedes
726 1161 827 1203 meos:
848 1143 924 1201 absit
935 1152 967 1200 vt
985 1141 1093 1200 iterum
1113 1142 1239 1215 puluere

86 1231 235 1290 secularis
255 1233 450 1290 solicitudinis
468 1233 623 1307 inquinem
645 1235 715 1290 eos.¹
789 1221 879 1291 Duos
899 1230 1059 1305 ydropicos
1083 1239 1160 1287 tactu
1183 1245 1238 1287 suo

11 1323 16 1330 '
87 1328 194 1377 sancto
213 1329 243 1376 et
262 1320 396 1377 oratione
415 1320 538 1379 sanauit.
620 1309 801 1380 Conuersus
818 1321 949 1393 quidam,
971 1328 1036 1376 actu
1056 1326 1086 1375 et
1105 1317 1238 1375 moribus
1255 1337 1285 1376 ιο

11 1411 16 1418 ’
87 1408 282 1480 ¹peruersus,
300 1417 329 1465 et
344 1407 457 1466 viribus
476 1407 611 1482 corporis
627 1409 777 1478 robustus,
790 1408 863 1465 vidit
883 1407 913 1463 in
932 1406 1069 1481 sompnis
1088 1406 1238 1480 quendam

10 1563 12 1570 y
87 1502 204 1551 statura
217 1506 246 1553 et
258 1495 341 1552 vultu
361 1496 535 1567 terribilem,
549 1496 600 1570 qui
619 1513 719 1553 mores
736 1494 802 1552 eius
816 1495 986 1568 increpans,
999 1503 1031 1551 et
1047 1511 1154 1550 manus
1174 1493 1239 1550 eius

10 1593 11 1596 ’
87 1591 119 1639 et
143 1593 243 1640 cetera
267 1585 402 1640 membra
427 1583 594 1640 frustatim¹
608 1583 758 1654 scindens,
776 1583 808 1639 in
833 1583 1005 1655 sportellam
1029 1599 1120 1655 quam
1143 1581 1238 1655 gessit

11 1741 12 1746 η
87 1671 190 1742 posuit
209 1681 239 1727 et
257 1671 336 1728 abiit.
375 1671 412 1730 Et
431 1689 501 1729 ecce
519 1671 641 1728 obuium
665 1671 766 1728 habuit
787 1670 886 1728 virum
903 1669 1072 1743 preclarum
1089 1679 1119 1726 et
1137 1669 1239 1743 splen-

88 1757 203 1828 didum,
215 1759 266 1830 qui
284 1757 419 1833 precepit
435 1769 466 1816 vt
485 1760 620 1817 membra
638 1757 783 1816 membris
802 1766 953 1832 coaptaret
970 1767 1001 1814 et
1019 1756 1173 1814 hominem
1193 1757 1239 1813 in·
1255 1775 1283 1826 15

10 1857 11 1861 ’
87 1855 209 1918 tegrum
226 1846 374 1918 redderet,
387 1865 424 1905 eo
444 1848 524 1921 quod
542 1845 719 1904 Walleuus³
739 1846 770 1903 in
789 1846 863 1903 hora
881 1845 931 1902 illa
949 1863 1004 1918 pro
1022 1844 1161 1902 omnibus
1181 1845 1238 1902 sibi

88 1933 260 1990 commissis
285 1936 409 1991 deuotas
433 1933 555 1991 domino
580 1951 688 2007 preces
712 1933 846 1991 fudisset.
883 1932 938 1989 Illo
961 1950 1034 1989 vero
1058 1933 1096 1988 ad
1127 1941 1235 1990 statum

9 2009 11 2022 ἶ
88 2019 249 2094 pristinum
275 2022 419 2093 restituto,
446 2039 546 2079 mores
570 2038 761 2095 componere,
780 2020 872 2077 vitam
897 2021 936 2076 de
960 2027 1060 2076 cetero
1084 2019 1236 2092 corrigere

8 2121 10 2128 ’
88 2110 275 2180 admonetur,
288 2117 318 2166 et
336 2112 374 2167 ad
393 2111 483 2167 deum
500 2119 684 2167 conuertere.
758 2097 846 2168 Obiit
859 2117 958 2165 autem
970 2107 1017 2164 vir
1029 2105 1140 2164 domini
1152 2105 1238 2162 Wal-

88 2195 176 2252 leuus
198 2213 277 2252 anno
299 2196 412 2254 domini
436 2196 594 2255 millesimo
615 2197 781 2255 centesimo
802 2195 1000 2269 sexagesimo,
1022 2193 1109 2252 tertio
1135 2193 1238 2254 Nonas
1253 2212 1285 2249 ao

87 2283 214 2354 augusti,
227 2291 257 2339 et
269 2285 349 2342 celos
365 2285 564 2343 conscendit‘.
620 2272 800 2344 Conuersus
812 2283 932 2357 quidam
938 2283 958 2353 ⁸,
971 2301 990 2339 a
1002 2283 1127 2340 sathana
1140 2289 1237 2355 temp-

87 2379 169 2427 tatus
180 2370 211 2426 in
224 2379 340 2430 tantum
352 2372 490 2446 desipuit,
502 2383 534 2431 vt
550 2373 651 2429 lumen
668 2369 791 2430 rationis
808 2389 886 2446 pene
898 2372 1038 2445 perderet
1051 2379 1081 2427 et
1093 2370 1238 2442 iudaicam

7 2473 8 2478 ¹
88 2467 203 2515 sectam
222 2459 339 2517 veritati
358 2460 501 2519 catholice
522 2462 673 2518 credendo
694 2459 861 2534 preferret3
890 2461 1013 2517 demum
1033 2459 1146 2516 nullam
1164 2458 1238 2515 alte·

88 2562 155 2602 ram
167 2546 258 2603 vitam
278 2547 334 2604 nisi
352 2558 524 2623 presentem
545 2548 678 2617 credidit,
691 2557 721 2606 et
739 2549 818 2621 quod
835 2549 873 2605 de
890 2547 978 2622 penis
992 2547 1189 2621 reproborum
1208 2555 1238 2603 et

87 2633 206 2707 gaudiis
224 2633 368 2693 iustorum
387 2636 534 2710 scriptura
553 2646 655 2694 sancta
673 2635 810 2709 loquitur,
828 2635 917 2693 inane
937 2634 1095 2709 reputauit.
1133 2632 1167 2690 ln
1186 2634 1238 2691 tali
1254 2649 1283 2702 ²5

90 2739 195 2778 errore
219 2723 377 2796 septennio
401 2727 457 2782 sub
482 2723 582 2781 habitu
606 2722 759 2796 religionis
782 2723 898 2793 vinens,
923 2722 1048 2797 singulis
1072 2722 1179 2779 diebus
1203 2739 1237 2780 ac

88 2807 227 2880 noctibus
248 2811 286 2867 ad
311 2812 445 2868 seculum
466 2811 573 2880 redire,
597 2820 628 2868 et
652 2811 717 2869 dies
735 2825 812 2868 suos
836 2810 867 2868 in
892 2810 1003 2867 malum
1028 2827 1238 2868 consummare

88 2895 244 2968 disposuit.
281 2898 418 2969 Quadam
431 2917 504 2973 ergo
523 2899 648 2957 meridie
667 2898 698 2956 in
714 2899 789 2956 lecto
802 2897 970 2972 quiescens,
983 2898 1056 2955 vidit
1068 2899 1144 2956 duos
1156 2897 1237 2956 viros

88 2984 241 3056 preclaros
265 2985 366 3059 ipsum
391 2987 654 3060 apprehendentes
682 2988 809 3046 dextera
833 2994 863 3044 et
886 2985 917 3042 in
942 2987 1091 3059 quendam
1116 2987 1235 3043 hortum

88 3069 302 3130 viridissimum
324 3083 509 3144 vernantem,
529 3075 719 3144 odoriferum,
744 3074 917 3148 florigerum
943 3083 974 3131 et
997 3073 1070 3131 satis
1095 3091 1236 3132 amenum
1251 3087 1284 3139 30

88 3159 304 3233 inducentes¹;
331 3161 372 3219 illi
391 3179 464 3220 vero
479 3161 544 3220 eius
562 3162 788 3220 infidelitatem¹
804 3161 1043 3236 improperantes
1051 3163 1070 3232 ¹,
1083 3171 1113 3219 et
1130 3179 1238 3235 aspera

88 3256 119 3303 et
138 3263 240 3306 amara
258 3267 291 3306 se
309 3249 479 3308 meruisse¹
497 3252 681 3308 asserebant
718 3251 855 3324 Cumque
868 3249 1110 3324 circumspiceret
1122 3249 1148 3308 si
1162 3250 1237 3308 forte

88 3333 118 3391 ei
142 3335 284 3394 auxilium
310 3347 360 3394 aut
384 3338 524 3395 solatium
549 3339 730 3412 proueniret,
751 3337 824 3396 vidit
848 3338 987 3395 abbatem
1009 3337 1181 3395 Walleuum
1206 3338 1236 3395 iu

89 3421 232 3480 eminenti
245 3424 311 3482 loco
324 3434 354 3482 et
366 3426 520 3500 perlucido
533 3427 699 3498 sedentem,
709 3444 778 3484 cum
791 3443 900 3499 magna
912 3427 999 3483 turba
1011 3427 1236 3484 candidatorum

89 3510 299 3570 circumstante
324 3522 354 3571 et
378 3515 511 3572 sedente.
547 3515 704 3572 Adductus
731 3514 780 3572 ille
808 3513 839 3570 in
870 3523 1032 3586 conspectu
1058 3513 1182 3583 abbatia,
1206 3505 1236 3572 et
1251 3527 1282 3579 35

89 3599 218 3672 pedibus
239 3601 304 3658 eius
330 3611 506 3676 prostratus,
527 3603 647 3660 veniam
672 3603 762 3676 petiit.
800 3601 838 3660 Et
856 3601 897 3659 ait
915 3601 962 3659 vir
982 3602 1049 3659 dei:
1075 3603 1181 3674 ‘Quod
1207 3603 1236 3660 in

89 3687 188 3744 cordis
206 3699 322 3747 secreto
340 3690 390 3747 diu
410 3691 570 3762 occultasti,
589 3708 669 3749 nunc
687 3691 719 3748 in
737 3689 854 3764 publico
872 3689 1071 3748 reuelabitur.’
1110 3690 1147 3748 Et
1165 3691 1237 3748 duc·

87 3775 202 3832 toribus
220 3777 286 3834 eius
305 3777 417 3852 inquit:
444 3779 547 3836 ‘Sicut
565 3779 739 3852 promeruit,
758 3788 823 3835 rote
841 3777 972 3835 versatili
991 3777 1168 3851 imponatur,
1187 3779 1237 3835 vbi

88 3863 203 3920 similes
219 3864 276 3921 sibi
288 3865 309 3898 ¹⁰
321 3875 391 3923 sunt
408 3863 599 3939 imponendi;
619 3866 727 3924 deinde
745 3867 870 3924 ducatur
881 3867 919 3922 ad
937 3865 1002 3922 loca
1015 3865 1143 3939 penalia,
1156 3865 1206 3923 vbi
1216 3866 1236 3900 ¹¹

88 3951 184 4008 discat
196 3960 306 4025 quanta
318 3953 356 4011 sit
367 3955 446 4011 inter
457 3972 525 4012 reos
538 3962 568 4012 et
577 3955 671 4012 iustos
684 3953 840 4012 distantia.¹
868 3951 1065 4027 Imponitur¹¹
1076 3971 1150 4026 ergo
1163 3963 1236 4025 rote,
1250 3972 1284 4024 40

90 4037 175 4096 cuius
186 4047 298 4097 statura
310 4049 342 4099 et
359 4041 483 4100 altitudo
500 4051 564 4101 erat
581 4041 730 4099 horribilis
742 4041 838 4111 valde,
851 4039 914 4098 eius
930 4041 1086 4098 summitas
1104 4042 1194 4114 celos,
1207 4051 1237 4100 et

120 4203 129 4233 ¹
147 4204 176 4255 Ε.
190 4211 217 4256 et
228 4221 254 4268 p.
369 4206 380 4237 ¹
398 4207 427 4258 E.
439 4207 587 4257 frustratim.
696 4209 706 4238 ⁸
723 4205 753 4256 E.
764 4202 910 4254 Wallenus.
1018 4205 1029 4236 ⁴
1045 4205 1078 4256 E.
1089 4209 1236 4259 concendit.

87 4269 165 4320 'vit
175 4272 280 4321 nomine
290 4271 432 4325 Walterus.
522 4275 533 4306 ⁰
549 4289 599 4322 om.
609 4274 635 4322 in
647 4273 677 4326 T.
764 4268 774 4299 ¹
793 4270 822 4320 E.
832 4270 1014 4324 infelicitatem.
1103 4273 1179 4324 *vn
1191 4275 1237 4324 im·

88 4338 271 4466 paoprzenriatssnt.
353 4337 364 4369 ¹
379 4338 430 4390 liu.
443 4353 472 4389 se
481 4339 517 4390 illi
528 4339 651 4390 illaturos
734 4337 753 4368 ¹⁰
769 4335 865 4387 adsui.
953 4339 970 4370 ¹¹
987 4337 1038 4389 Vit.
1049 4345 1086 4392 vt.
1168 4340 1187 4371 ¹¹
1205 4340 1233 4392 E.
