3008 4904
417 325 491 418 Dr
516 323 679 414 aaron
705 324 907 414 miniano.
1161 349 1231 416 219

79 523 235 581 Hibernia
251 525 401 599 presbiter
417 536 447 584 et
463 527 554 584 abbas
572 527 673 582 habitu
686 535 716 582 et
728 526 788 583 vita
806 525 943 583 monachi
960 525 1096 598 insignis,
1110 526 1232 582 nomine

78 611 239 682 Columba,
259 613 452 684 Britanniam,
471 616 678 688 predicaturus
696 616 823 670 verbum
842 615 890 670 dei
910 613 1071 687 prouinciis
1093 613 1232 685 Septem·

76 701 255 756 trionallum
269 701 429 772 Pictorum,
442 701 511 774 qui¹
523 702 625 758 arduis
638 711 726 774 atque
740 703 931 758 horrentibus
944 701 1091 757 montium
1103 700 1180 772 iugis
1193 701 1231 756 ab

77 788 264 844 australibus
283 807 387 846 eorum
405 799 476 846 sunt
495 789 667 862 regionibus
685 789 873 862 sequestrati.
911 789 988 844 Nam
1001 789 1060 861 ipsi
1072 788 1232 844 Australes

79 873 162 942 Picti,
186 875 242 948 qui
263 877 342 933 inter
365 879 488 934 eosdem
514 886 632 934 montes
650 878 760 933 habent
780 877 877 942 sedes
897 877 990 932 multo
1008 885 1077 932 ante
1095 885 1260 946 tempore5

78 962 184 1018 relicto
212 981 317 1020 errore
344 965 479 1020 idolatrie
506 949 597 1021 fidem
619 965 753 1021 veritatis
778 973 965 1036 acceperant,
990 963 1162 1035 predicante
1188 961 1232 1018 eis
1271 989 1276 1007 ·

80 1048 216 1106 Niniano
242 1051 383 1125 episcopo
409 1052 654 1108 reuerentissimo
679 1061 709 1108 et
735 1051 924 1108 sanctissimo
950 1050 1034 1118 viro,¹
1050 1050 1087 1105 de
1112 1049 1233 1106 natione

80 1135 252 1208 Britonum,
279 1140 329 1211 qui
355 1149 420 1196 erat
448 1139 546 1196 Rome
574 1139 749 1212 regulariter
776 1139 868 1194 fidem
894 1147 925 1194 et
950 1138 1084 1194 misteria
1101 1139 1233 1194 veritatis

79 1225 218 1282 edoctus.
257 1225 348 1282 Cuius
368 1228 473 1284 sedem
491 1227 681 1301 episcopatus
698 1229 792 1283 sancti
812 1225 931 1281 Martini
949 1224 1083 1298 episcopi
1102 1227 1233 1295 nomine,

79 1319 109 1366 et
118 1313 283 1370 ecclesiam
294 1313 452 1388 insignem,
462 1315 511 1371 vbi
523 1317 588 1388 ipse
597 1316 686 1372 etiam
696 1331 822 1387 corpore
831 1331 891 1370 vna
901 1330 968 1370 cum
978 1313 1114 1385 pluribus
1122 1312 1233 1368 sanctis
1249 1332 1280 1366 10

81 1402 256 1472 requiescit,
269 1401 337 1458 secit
349 1405 383 1474 (t)
393 1402 411 1473 ²,
425 1402 475 1475 qui
491 1402 616 1474 [locus]³
628 1402 718 1474 vulgo
732 1411 853 1458 vocatur
867 1403 919 1457 ‘ad
938 1401 1096 1457 candidam
1114 1402 1233 1470 casam,'

80 1504 117 1542 eo
139 1490 225 1560 quod
248 1489 288 1545 ibi
314 1491 470 1548 ecclesiam
492 1492 530 1548 de
552 1490 660 1564 lapide,
680 1489 799 1546 insolito
820 1488 977 1545 Britonum
999 1505 1092 1558 more,
1113 1487 1233 1544 fecerit?

81 1573 199 1633 Verum
227 1578 306 1650 quod
334 1577 417 1634 Beda
441 1579 563 1634 breuius
593 1577 722 1651 scripsit,
747 1578 840 1634 lacius
865 1579 923 1632 deo
947 1585 1067 1632 auctore
1091 1575 1233 1649 prosequi

81 1663 189 1734 placet.
268 1653 306 1721 ln
330 1664 484 1722 Britannia
504 1665 609 1722 Maiori
632 1665 724 1738 regali
744 1682 783 1722 ex
805 1663 945 1737 prosapia
964 1665 1069 1720 beatus
1090 1663 1235 1719 Ninianus

82 1750 181 1807 extitit
208 1752 362 1823 oriundus,
386 1752 417 1809 in
443 1770 487 1823 ea,
509 1763 541 1810 vt
565 1762 692 1826 putatur,
714 1754 835 1824 regione
856 1769 914 1824 que
936 1751 967 1807 in
989 1751 1120 1808 occiduis
1139 1751 1235 1824 ipsius
1250 1774 1279 1824 15

82 1835 182 1894 insule
202 1837 348 1912 partibus,
364 1840 414 1897 vbi
431 1857 579 1897 occeanus
596 1840 680 1913 quasi
697 1839 851 1896 brachium
868 1838 1036 1911 porrigens,
1055 1846 1085 1894 et
1104 1856 1142 1894 ex
1158 1849 1234 1896 vtra-

83 1940 142 1994 que
161 1936 250 1998 parte
269 1927 355 1999 quasi
369 1929 445 1984 duos
462 1929 589 2001 angulos
606 1928 727 1997 faciens,
745 1927 903 1983 Scotorum
921 1943 1001 1982 nune
1021 1935 1051 1982 et
1068 1925 1234 1997 Anglorunr

83 2009 228 2084 [τεςῐιει]4
247 2014 352 2071 diuidit
371 2017 539 2084 constituta,
557 2033 653 2088 usque
671 2017 708 2071 ad
728 2014 892 2071 nouissima
910 2014 1079 2085 Anglorum
1098 2021 1235 2085 tempora

84 2102 244 2172 proprium
263 2102 405 2160 habuisse
423 2121 536 2176 regem,
555 2121 616 2159 non
638 2102 736 2159 solum
753 2102 944 2158 historiarum
961 2101 1028 2170 fide,
1045 2102 1099 2157 sed
1116 2109 1146 2156 et
1162 2118 1235 2172 quo-

85 2189 217 2244 rundam
229 2207 349 2262 quoque
363 2191 507 2247 memoria
519 2192 736 2264 comprobatur.
776 2189 864 2246 Pater
876 2189 941 2245 eius
952 2206 1006 2244 rex
1019 2188 1083 2256 fuit,
1091 2187 1235 2260 religione
1250 2204 1282 2238 ao

86 2273 278 2346 christianus
287 2286 316 2333 et
328 2295 400 2334 vere
413 2277 484 2335 felix
493 2280 543 2351 qui
553 2279 643 2334 talem
653 2279 769 2351 prolem
781 2277 892 2334 habere
901 2276 1019 2333 meruit.
1063 2263 1145 2334 Cum
1154 2275 1235 2332 eninr

87 2360 238 2420 Ninianus
250 2382 347 2422 annos
360 2367 493 2439 pueriles
506 2366 712 2439 transegisset,
725 2365 802 2422 mira
813 2365 855 2420 illi
869 2365 946 2421 circa
959 2364 1104 2420 ecclesias
1117 2364 1237 2420 deuotio

87 2460 161 2521 erat,
175 2453 254 2508 mira
271 2453 349 2510 circa
366 2455 463 2511 socios
476 2453 603 2512 dilectio.
641 2454 676 2510 In
694 2453 759 2510 cibo
777 2452 902 2523 sobrius,
916 2469 1026 2526 parcus
1037 2451 1068 2508 in
1081 2451 1192 2520 verbis,
1205 2451 1235 2506 in

87 2535 219 2596 lectione
239 2541 387 2612 assiduus,
404 2543 506 2614 grauis
525 2541 667 2611 moribus,
685 2541 741 2597 ioci
756 2542 920 2610 abstinens,
936 2549 965 2596 et
981 2540 1097 2612 spiritui
1114 2555 1237 2610 semper

89 2642 213 2684 carnem
227 2628 397 2685 subiiciens.
421 2629 557 2686 Tandem
569 2630 663 2685 sancti
674 2629 797 2701 spiritus
808 2628 948 2684 instinctu
959 2627 1115 2697 animatus,
1126 2626 1236 2699 spretis
1251 2641 1280 2690 ²5

88 2712 210 2785 diuitiis,
235 2717 435 2790 omnibusque
458 2717 579 2774 calcatis
601 2716 816 2785 affectionibus,
836 2715 1106 2788 peregrinationem
1128 2713 1237 2769 nobilis

89 2801 268 2859 adolescens
286 2804 418 2876 arripuit.
454 2804 621 2861 Transiens
638 2821 710 2860 vero
730 2821 822 2872 mare,
840 2811 870 2859 et
889 2820 944 2875 per
962 2802 1121 2876 gallicanas
1140 2801 1237 2873 Alpes

89 2886 246 2961 ingressus
273 2890 395 2959 ltaliam,
422 2909 569 2965 prospero
595 2891 701 2948 itinere
727 2891 856 2947 Romam
879 2908 974 2962 vsque
995 2889 1141 2963 peruenit.
1178 2889 1238 2944 Ac·

92 2978 205 3034 cedens
223 2987 323 3035 autem
338 2981 376 3036 ad
389 2997 541 3037 summum
560 2979 733 3052 pontificem
747 2996 815 3034 cum
828 2979 855 3034 ei
865 2977 981 3034 itineris
994 2979 1039 3033 sui
1052 2992 1173 3033 causam
1185 2993 1238 3031 ex·

92 3065 252 3136 posuisset,
263 3067 453 3140 amplexatus
467 3068 532 3124 eius
541 3069 732 3123 deuotionem
746 3065 890 3139 pontifex,
899 3067 1041 3121 locoeum
1055 3064 1107 3120 filii
1120 3081 1238 3120 summa
1252 3079 1284 3127 30

92 3166 157 3208 cum
179 3155 340 3212 deuotione
362 3156 505 3229 suscepit,
522 3151 798 3228 doctori[bu]sque⁵
818 3153 962 3223 veritatis,
982 3153 1052 3208 fidei
1073 3151 1238 3224 disciplinis

93 3255 126 3293 ac
138 3243 222 3298 sanis
237 3243 385 3315 scripture
399 3243 540 3300 sensibus
556 3243 677 3299 tradidit
695 3242 897 3299 imbuendum.
934 3241 1122 3297 Adolescens
1139 3239 1239 3312 itaque

93 3333 152 3384 tota
169 3329 281 3386 deinde
298 3329 438 3387 auiditate
457 3330 577 3387 inhians
593 3331 685 3387 verbo
704 3329 761 3398 dei,
777 3329 872 3386 instar
886 3329 952 3402 apis
970 3337 1181 3401 argumentose
1200 3345 1239 3384 ex

94 3413 221 3473 diuersis
235 3417 388 3474 doctorum
401 3418 568 3486 sententiis,
578 3419 663 3491 quasi
677 3435 716 3475 ex
726 3417 811 3473 multi
822 3417 942 3490 generis
953 3416 1083 3485 floribus,
1094 3417 1240 3489 sapientie

95 3503 150 3559 sibi
172 3505 258 3560 sauos
280 3507 455 3578 composuit,
477 3515 567 3579 atque
590 3507 620 3562 in
643 3505 759 3562 alueolo
782 3505 829 3561 sui
851 3505 980 3578 pectoris
1002 3506 1180 3573 recondens,
1202 3503 1239 3558 ad
1254 3516 1284 3566 35

95 3587 243 3649 interioris
266 3593 396 3650 hominis
423 3593 469 3650 sui
495 3594 688 3651 refectionem
713 3593 899 3665 aliorumque
924 3593 1085 3650 multorum
1105 3591 1240 3647 consola·

95 3676 206 3736 tionem
229 3681 424 3737 ruminandos
448 3681 705 3754 proferendosque
731 3681 871 3737 seruauit.
911 3679 1028 3737 Interea
1046 3681 1119 3735 dum
1141 3686 1241 3734 castus

96 3781 227 3840 corpore,
257 3769 376 3825 animo⁶
406 3771 549 3844 prudens,
580 3771 611 3826 in
643 3768 775 3826 consiliis
809 3767 961 3842 prouidus,
992 3769 1022 3823 in
1053 3765 1136 3822 omni
1173 3775 1241 3821 actu

96 3857 246 3928 verboque
277 3857 512 3931 circumspectus
541 3859 579 3915 ab
612 3857 752 3914 omnibus
779 3857 992 3929 predicaretur,
1016 3855 1122 3912 accidit
1148 3863 1178 3908 vt
1203 3853 1241 3908 ad

98 3937 190 4011 ipsius
223 3945 333 4001 summi
364 3945 513 4018 pontificis
543 3946 669 4019 gratiam
697 3944 985 4017 familiaritatemque
1016 3940 1241 3998 conscenderet.
1254 3966 1287 4014 40

99 4025 235 4088 Pluribus
253 4032 344 4104 igitur
363 4032 450 4090 annis
471 4033 502 4090 in
521 4033 603 4090 Vrbe
626 4032 812 4090 laudabiliter
833 4039 1029 4090 conuersatus
1048 4029 1127 4084 etin
1148 4028 1241 4084 sacris

98 4119 250 4193 scripturis
275 4120 459 4178 sufficienter
484 4122 626 4190 eruditus,
649 4122 686 4178 ad
707 4121 848 4178 virtutum
871 4135 990 4176 summa
1010 4114 1192 4190 prouehitur,
1212 4125 1243 4171 et

99 4209 204 4274 pennis
233 4208 384 4265 charitatis
412 4211 574 4266 subuectus
598 4210 636 4266 ad
660 4208 782 4266 celestia
808 4206 1038 4279 contemplanda
1067 4203 1242 4259 sustollitur.

100 4346 215 4419 faed.
230 4365 287 4412 que.
365 4347 455 4400 'Rea
468 4351 519 4400 iam
531 4365 599 4398 nunc
609 4348 752 4412 Anglorum
765 4363 831 4411 gens
844 4347 951 4396 obtinet.
1023 4344 1099 4395 ¹om.
1165 4344 1241 4393 ¹om.

99 4412 161 4466 ¹¹¹E.
220 4415 506 4479 ⁵T.E.doctorisque.
557 4415 614 4466 ⁸13.
625 4417 777 4478 animoque,
793 4429 844 4477 que
856 4429 905 4463 oin.
918 4413 944 4461 in
955 4411 986 4463 T.
