<?xml version="1.0" encoding="UTF-8"?>
<!DOCTYPE html PUBLIC "-//W3C//DTD XHTML 1.0 Transitional//EN"
    "http://www.w3.org/TR/xhtml1/DTD/xhtml1-transitional.dtd">
<html xmlns="http://www.w3.org/1999/xhtml" xml:lang="en" lang="en">
 <head>
  <title>
</title>
<meta http-equiv="Content-Type" content="text/html;charset=utf-8" />
  <meta name='ocr-system' content='tesseract 3.04.00' />
  <meta name='ocr-capabilities' content='ocr_page ocr_carea ocr_par ocr_line ocrx_word'/>
</head>
<body>
  <div class='ocr_page' id='page_1' title='image "./novalegendaangl00wordgoog/novalegendaangl00wordgoog_0147.png"; bbox 0 0 3054 4904; ppageno 0'>
   <div class='ocr_carea' id='block_1_1' title="bbox 299 287 1133 420">
    <p class='ocr_par' dir='ltr' id='par_1_1' title="bbox 299 287 1133 420">
     <span class='ocr_line' id='line_1_1' title="bbox 299 287 1133 420; baseline -0.012 -26"><span class='ocrx_word' id='word_1_1' title='bbox 299 301 369 394; x_wconf 83' lang='lat'><strong>136</strong></span> <span class='ocrx_word' id='word_1_2' title='bbox 489 413 493 420; x_wconf 18' lang='grc' dir='ltr'>ι</span> <span class='ocrx_word' id='word_1_3' title='bbox 530 333 536 346; x_wconf 90' lang='grc'><strong><em>·</em></strong></span> <span class='ocrx_word' id='word_1_4' title='bbox 604 299 737 388; x_wconf 74' lang='lat' dir='ltr'><strong>uma</strong></span> <span class='ocrx_word' id='word_1_5' title='bbox 761 295 951 400; x_wconf 68' lang='lat' dir='ltr'><strong>termus</strong></span> <span class='ocrx_word' id='word_1_6' title='bbox 976 287 1133 401; x_wconf 65' lang='lat' dir='ltr'><strong>anno.</strong></span> 
     </span>
    </p>
   </div>
   <div class='ocr_carea' id='block_1_2' title="bbox 256 497 1510 4252">
    <p class='ocr_par' dir='ltr' id='par_1_2' title="bbox 256 497 1510 4252">
     <span class='ocr_line' id='line_1_2' title="bbox 294 497 1451 572; baseline 0 -16"><span class='ocrx_word' id='word_1_7' title='bbox 294 498 379 556; x_wconf 84' lang='lat' dir='ltr'><strong>iussu</strong></span> <span class='ocrx_word' id='word_1_8' title='bbox 391 497 545 572; x_wconf 87' lang='lat' dir='ltr'><strong>prouincia</strong></span> <span class='ocrx_word' id='word_1_9' title='bbox 556 507 606 556; x_wconf 88' lang='lat' dir='ltr'><strong>tua</strong></span> <span class='ocrx_word' id='word_1_10' title='bbox 618 497 741 556; x_wconf 80' lang='lat' dir='ltr'>discedo</span> <span class='ocrx_word' id='word_1_11' title='bbox 753 499 857 572; x_wconf 90' lang='lat' dir='ltr'><strong>pedes,</strong></span> <span class='ocrx_word' id='word_1_12' title='bbox 871 499 926 556; x_wconf 91' lang='lat' dir='ltr'><strong>hoc</strong></span> <span class='ocrx_word' id='word_1_13' title='bbox 942 498 1039 556; x_wconf 89' lang='lat' dir='ltr'><strong>inutili</strong></span> <span class='ocrx_word' id='word_1_14' title='bbox 1055 507 1218 572; x_wconf 89' lang='lat' dir='ltr'><strong>occupatus</strong></span> <span class='ocrx_word' id='word_1_15' title='bbox 1231 499 1451 572; x_wconf 71' lang='lat' dir='ltr'><strong>quadrupedes</strong></span> 
     </span>
     <span class='ocr_line' id='line_1_3' title="bbox 297 585 1451 660; baseline 0 -16"><span class='ocrx_word' id='word_1_16' title='bbox 297 586 386 660; x_wconf 86' lang='lat' dir='ltr'><strong>[vel]¹</strong></span> <span class='ocrx_word' id='word_1_17' title='bbox 399 595 431 644; x_wconf 86' lang='lat' dir='ltr'><strong>vt</strong></span> <span class='ocrx_word' id='word_1_18' title='bbox 443 585 569 644; x_wconf 88' lang='lat' dir='ltr'><strong>iussioni</strong></span> <span class='ocrx_word' id='word_1_19' title='bbox 583 595 634 644; x_wconf 91' lang='lat' dir='ltr'><strong>tue</strong></span> <span class='ocrx_word' id='word_1_20' title='bbox 648 603 756 660; x_wconf 89' lang='lat' dir='ltr'><strong>parere</strong></span> <span class='ocrx_word' id='word_1_21' title='bbox 773 605 891 660; x_wconf 83' lang='lat' dir='ltr'>queam,</span> <span class='ocrx_word' id='word_1_22' title='bbox 906 587 945 644; x_wconf 90' lang='lat' dir='ltr'><strong>da</strong></span> <span class='ocrx_word' id='word_1_23' title='bbox 961 587 1035 644; x_wconf 89' lang='lat' dir='ltr'><strong>mibi</strong></span> <span class='ocrx_word' id='word_1_24' title='bbox 1049 605 1161 660; x_wconf 90' lang='lat' dir='ltr'><strong>equum</strong></span> <span class='ocrx_word' id='word_1_25' title='bbox 1179 586 1353 645; x_wconf 76' lang='lat' dir='ltr'><strong>meliorem.¹</strong></span> <span class='ocrx_word' id='word_1_26' title='bbox 1391 587 1451 644; x_wconf 86' lang='lat' dir='ltr'><strong>Cui</strong></span> 
     </span>
     <span class='ocr_line' id='line_1_4' title="bbox 296 673 1505 746; baseline -0.002 -14"><span class='ocrx_word' id='word_1_27' title='bbox 296 675 359 732; x_wconf 88' lang='lat' dir='ltr'><strong>dux</strong></span> <span class='ocrx_word' id='word_1_28' title='bbox 377 674 559 732; x_wconf 83' lang='lat' dir='ltr'>subridendo</span> <span class='ocrx_word' id='word_1_29' title='bbox 577 673 634 732; x_wconf 87' lang='lat' dir='ltr'><strong>ait:</strong></span> <span class='ocrx_word' id='word_1_30' title='bbox 664 673 755 744; x_wconf 87' lang='lat' dir='ltr'><strong>‘Quis</strong></span> <span class='ocrx_word' id='word_1_31' title='bbox 774 675 812 732; x_wconf 88' lang='lat' dir='ltr'><strong>ab</strong></span> <span class='ocrx_word' id='word_1_32' title='bbox 829 675 946 732; x_wconf 84' lang='lat' dir='ltr'><strong>offenso</strong></span> <span class='ocrx_word' id='word_1_33' title='bbox 965 675 1070 746; x_wconf 89' lang='lat' dir='ltr'><strong>iudice,</strong></span> <span class='ocrx_word' id='word_1_34' title='bbox 1092 675 1201 732; x_wconf 84' lang='lat' dir='ltr'><strong>inlecto</strong></span> <span class='ocrx_word' id='word_1_35' title='bbox 1220 675 1293 732; x_wconf 91' lang='lat' dir='ltr'><strong>illati</strong></span> <span class='ocrx_word' id='word_1_36' title='bbox 1313 675 1453 731; x_wconf 85' lang='lat' dir='ltr'><strong>criminis</strong></span> <span class='ocrx_word' id='word_1_37' title='bbox 1504 719 1505 730; x_wconf 67' lang='grc'>,</span> 
     </span>
     <span class='ocr_line' id='line_1_5' title="bbox 297 763 1452 835; baseline 0 -15"><span class='ocrx_word' id='word_1_38' title='bbox 297 763 430 835; x_wconf 89' lang='lat' dir='ltr'><strong>negocio,</strong></span> <span class='ocrx_word' id='word_1_39' title='bbox 441 779 567 819; x_wconf 89' lang='lat' dir='ltr'><strong>munera</strong></span> <span class='ocrx_word' id='word_1_40' title='bbox 580 763 716 835; x_wconf 84' lang='lat' dir='ltr'><strong>exposcit</strong></span> <span class='ocrx_word' id='word_1_41' title='bbox 724 765 750 820; x_wconf 81' lang='lat' dir='ltr'><strong>i’</strong></span> <span class='ocrx_word' id='word_1_42' title='bbox 780 763 918 820; x_wconf 82' lang='lat' dir='ltr'><strong>Tandem</strong></span> <span class='ocrx_word' id='word_1_43' title='bbox 927 780 996 821; x_wconf 90' lang='lat' dir='ltr'><strong>cum</strong></span> <span class='ocrx_word' id='word_1_44' title='bbox 1006 765 1139 822; x_wconf 87' lang='lat' dir='ltr'><strong>breuiter</strong></span> <span class='ocrx_word' id='word_1_45' title='bbox 1147 765 1349 820; x_wconf 78' lang='lat' dir='ltr'><strong>innocentiam</strong></span> <span class='ocrx_word' id='word_1_46' title='bbox 1360 779 1452 820; x_wconf 89' lang='lat' dir='ltr'><strong>suam</strong></span> 
     </span>
     <span class='ocr_line' id='line_1_6' title="bbox 269 849 1506 924; baseline 0 -18"><span class='ocrx_word' id='word_1_47' title='bbox 269 849 495 923; x_wconf 65' lang='lat' dir='ltr'><strong>sexposuisset,</strong></span> <span class='ocrx_word' id='word_1_48' title='bbox 514 849 545 905; x_wconf 91' lang='lat' dir='ltr'><strong>in</strong></span> <span class='ocrx_word' id='word_1_49' title='bbox 566 850 692 922; x_wconf 88' lang='lat' dir='ltr'><strong>gratiam</strong></span> <span class='ocrx_word' id='word_1_50' title='bbox 714 851 799 908; x_wconf 89' lang='lat' dir='ltr'><strong>ducis</strong></span> <span class='ocrx_word' id='word_1_51' title='bbox 820 859 960 924; x_wconf 88' lang='lat' dir='ltr'><strong>receptus</strong></span> <span class='ocrx_word' id='word_1_52' title='bbox 982 859 1037 920; x_wconf 91' lang='lat' dir='ltr'><strong>est,</strong></span> <span class='ocrx_word' id='word_1_53' title='bbox 1055 859 1085 908; x_wconf 93' lang='lat' dir='ltr'><strong>et</strong></span> <span class='ocrx_word' id='word_1_54' title='bbox 1103 851 1142 907; x_wconf 87' lang='lat' dir='ltr'><strong>ad</strong></span> <span class='ocrx_word' id='word_1_55' title='bbox 1163 851 1266 908; x_wconf 89' lang='lat' dir='ltr'><strong>oscula</strong></span> <span class='ocrx_word' id='word_1_56' title='bbox 1286 851 1453 907; x_wconf 89' lang='lat' dir='ltr'><strong>admissus.</strong></span> <span class='ocrx_word' id='word_1_57' title='bbox 1505 903 1506 920; x_wconf 71' lang='lat'><strong>,</strong></span> 
     </span>
     <span class='ocr_line' id='line_1_7' title="bbox 298 937 1454 1011; baseline -0.001 -17"><span class='ocrx_word' id='word_1_58' title='bbox 298 937 375 994; x_wconf 86' lang='lat' dir='ltr'><strong>Cum</strong></span> <span class='ocrx_word' id='word_1_59' title='bbox 391 937 485 994; x_wconf 92' lang='lat' dir='ltr'><strong>multo</strong></span> <span class='ocrx_word' id='word_1_60' title='bbox 498 937 600 1004; x_wconf 76' lang='lat' dir='ltr'><strong>enim&#39;¹</strong></span> <span class='ocrx_word' id='word_1_61' title='bbox 609 947 770 1010; x_wconf 84' lang='lat' dir='ltr'><strong>augmento</strong></span> <span class='ocrx_word' id='word_1_62' title='bbox 781 938 965 995; x_wconf 88' lang='lat' dir='ltr'><strong>restituenda</strong></span> <span class='ocrx_word' id='word_1_63' title='bbox 973 937 1188 1011; x_wconf 89' lang='lat' dir='ltr'><strong>promittuntur</strong></span> <span class='ocrx_word' id='word_1_64' title='bbox 1198 954 1258 1011; x_wconf 90' lang='lat' dir='ltr'><strong>que</strong></span> <span class='ocrx_word' id='word_1_65' title='bbox 1272 938 1335 995; x_wconf 85' lang='lat' dir='ltr'><strong>dux</strong></span> <span class='ocrx_word' id='word_1_66' title='bbox 1350 953 1454 1010; x_wconf 86' lang='lat' dir='ltr'><strong>nuper</strong></span> 
     </span>
     <span class='ocr_line' id='line_1_8' title="bbox 297 1013 1453 1084; baseline 0 -2"><span class='ocrx_word' id='word_1_67' title='bbox 297 1024 408 1082; x_wconf 87' lang='lat' dir='ltr'><strong>vastari</strong></span> <span class='ocrx_word' id='word_1_68' title='bbox 432 1025 569 1082; x_wconf 88' lang='lat' dir='ltr'><strong>iusserat.</strong></span> <span class='ocrx_word' id='word_1_69' title='bbox 643 1013 750 1082; x_wconf 90' lang='lat' dir='ltr'><strong>Huius</strong></span> <span class='ocrx_word' id='word_1_70' title='bbox 773 1035 873 1084; x_wconf 89' lang='lat' dir='ltr'><strong>autem</strong></span> <span class='ocrx_word' id='word_1_71' title='bbox 898 1025 1074 1083; x_wconf 81' lang='lat' dir='ltr'><strong>offensionis</strong></span> <span class='ocrx_word' id='word_1_72' title='bbox 1099 1041 1221 1084; x_wconf 88' lang='lat' dir='ltr'><strong>causam</strong></span> <span class='ocrx_word' id='word_1_73' title='bbox 1245 1023 1338 1081; x_wconf 62' lang='lat' dir='ltr'><strong>luime</strong></span> <span class='ocrx_word' id='word_1_74' title='bbox 1365 1025 1453 1082; x_wconf 86' lang='lat' dir='ltr'><strong>aiunt</strong></span> 
     </span>
     <span class='ocr_line' id='line_1_9' title="bbox 298 1111 1453 1186; baseline -0.002 -16"><span class='ocrx_word' id='word_1_75' title='bbox 298 1112 429 1185; x_wconf 90' lang='lat' dir='ltr'><strong>quidam,</strong></span> <span class='ocrx_word' id='word_1_76' title='bbox 437 1113 516 1186; x_wconf 92' lang='lat' dir='ltr'><strong>quod</strong></span> <span class='ocrx_word' id='word_1_77' title='bbox 528 1111 724 1170; x_wconf 86' lang='lat' dir='ltr'><strong>Lamsrancus</strong></span> <span class='ocrx_word' id='word_1_78' title='bbox 731 1113 952 1170; x_wconf 80' lang='lat' dir='ltr'><strong>contradicebat</strong></span> <span class='ocrx_word' id='word_1_79' title='bbox 960 1113 1098 1186; x_wconf 71' lang='lat' dir='ltr'><strong>nuptias-⁸</strong></span> <span class='ocrx_word' id='word_1_80' title='bbox 1109 1113 1170 1170; x_wconf 86' lang='lat' dir='ltr'><strong>filie</strong></span> <span class='ocrx_word' id='word_1_81' title='bbox 1180 1112 1296 1170; x_wconf 89' lang='lat' dir='ltr'><strong>comitis</strong></span> <span class='ocrx_word' id='word_1_82' title='bbox 1307 1112 1453 1169; x_wconf 71' lang='lat' dir='ltr'><strong>flandrie</strong></span> 
     </span>
     <span class='ocr_line' id='line_1_10' title="bbox 297 1199 1453 1274; baseline 0 -18"><span class='ocrx_word' id='word_1_83' title='bbox 297 1216 388 1273; x_wconf 90' lang='lat' dir='ltr'><strong>quam</strong></span> <span class='ocrx_word' id='word_1_84' title='bbox 413 1199 479 1273; x_wconf 88' lang='lat' dir='ltr'><strong>ipse</strong></span> <span class='ocrx_word' id='word_1_85' title='bbox 504 1201 566 1256; x_wconf 85' lang='lat' dir='ltr'><strong>dux</strong></span> <span class='ocrx_word' id='word_1_86' title='bbox 587 1199 643 1257; x_wconf 89' lang='lat' dir='ltr'>sibi</span> <span class='ocrx_word' id='word_1_87' title='bbox 667 1201 858 1273; x_wconf 87' lang='lat' dir='ltr'><strong>copulauerat</strong></span> <span class='ocrx_word' id='word_1_88' title='bbox 883 1201 1080 1271; x_wconf 87' lang='lat' dir='ltr'><strong>matrimonio,</strong></span> <span class='ocrx_word' id='word_1_89' title='bbox 1101 1203 1171 1273; x_wconf 90' lang='lat' dir='ltr'><strong>quia</strong></span> <span class='ocrx_word' id='word_1_90' title='bbox 1189 1200 1327 1274; x_wconf 84' lang='lat' dir='ltr'><strong>proxima</strong></span> <span class='ocrx_word' id='word_1_91' title='bbox 1349 1201 1453 1256; x_wconf 88' lang='lat' dir='ltr'><strong>carnis</strong></span> 
     </span>
     <span class='ocr_line' id='line_1_11' title="bbox 256 1286 1507 1361; baseline 0.002 -19"><span class='ocrx_word' id='word_1_92' title='bbox 256 1307 287 1344; x_wconf 90' lang='lat' dir='ltr'><strong>ro</strong></span> <span class='ocrx_word' id='word_1_93' title='bbox 299 1287 557 1360; x_wconf 88' lang='lat' dir='ltr'><strong>consanguinitate</strong></span> <span class='ocrx_word' id='word_1_94' title='bbox 580 1288 799 1361; x_wconf 89' lang='lat' dir='ltr'><strong>iungebantur:</strong></span> <span class='ocrx_word' id='word_1_95' title='bbox 824 1290 905 1346; x_wconf 87' lang='lat' dir='ltr'><strong>vnde</strong></span> <span class='ocrx_word' id='word_1_96' title='bbox 922 1297 983 1345; x_wconf 88' lang='lat' dir='ltr'><strong>tota</strong></span> <span class='ocrx_word' id='word_1_97' title='bbox 1003 1288 1143 1346; x_wconf 89' lang='lat' dir='ltr'><strong>Neustn&#39;a</strong></span> <span class='ocrx_word' id='word_1_98' title='bbox 1164 1286 1259 1345; x_wconf 87' lang='lat' dir='ltr'><strong>suerat</strong></span> <span class='ocrx_word' id='word_1_99' title='bbox 1283 1287 1454 1344; x_wconf 88' lang='lat' dir='ltr'><strong>interdicta.</strong></span> <span class='ocrx_word' id='word_1_100' title='bbox 1506 1317 1507 1358; x_wconf 71' lang='lat'><em>5</em></span> 
     </span>
     <span class='ocr_line' id='line_1_12' title="bbox 299 1374 1453 1448; baseline 0.002 -18"><span class='ocrx_word' id='word_1_101' title='bbox 299 1374 493 1448; x_wconf 86' lang='lat' dir='ltr'><strong>Quapropter</strong></span> <span class='ocrx_word' id='word_1_102' title='bbox 503 1374 698 1432; x_wconf 85' lang='lat' dir='ltr'><strong>Lamirancus</strong></span> <span class='ocrx_word' id='word_1_103' title='bbox 709 1375 818 1432; x_wconf 90' lang='lat' dir='ltr'><strong>iterum</strong></span> <span class='ocrx_word' id='word_1_104' title='bbox 830 1393 939 1448; x_wconf 91' lang='lat' dir='ltr'><strong>papam</strong></span> <span class='ocrx_word' id='word_1_105' title='bbox 952 1375 1040 1434; x_wconf 87' lang='lat' dir='ltr'><strong>adiit:</strong></span> <span class='ocrx_word' id='word_1_106' title='bbox 1059 1375 1119 1432; x_wconf 89' lang='lat' dir='ltr'><strong>iam</strong></span> <span class='ocrx_word' id='word_1_107' title='bbox 1129 1378 1209 1432; x_wconf 92' lang='lat' dir='ltr'><strong>enim</strong></span> <span class='ocrx_word' id='word_1_108' title='bbox 1222 1385 1310 1432; x_wconf 87' lang='lat' dir='ltr'><strong>antea</strong></span> <span class='ocrx_word' id='word_1_109' title='bbox 1319 1374 1453 1432; x_wconf 85' lang='lat' dir='ltr'><strong>Romam</strong></span> 
     </span>
     <span class='ocr_line' id='line_1_13' title="bbox 299 1462 1455 1536; baseline 0 -18"><span class='ocrx_word' id='word_1_110' title='bbox 299 1463 427 1534; x_wconf 89' lang='lat' dir='ltr'><strong>petierat</strong></span> <span class='ocrx_word' id='word_1_111' title='bbox 439 1479 530 1518; x_wconf 89' lang='lat' dir='ltr'><strong>causa</strong></span> <span class='ocrx_word' id='word_1_112' title='bbox 541 1462 695 1519; x_wconf 88' lang='lat' dir='ltr'><strong>cuiusdam</strong></span> <span class='ocrx_word' id='word_1_113' title='bbox 706 1463 805 1520; x_wconf 88' lang='lat' dir='ltr'><strong>clerici</strong></span> <span class='ocrx_word' id='word_1_114' title='bbox 818 1465 939 1520; x_wconf 90' lang='lat' dir='ltr'><strong>nominc</strong></span> <span class='ocrx_word' id='word_1_115' title='bbox 950 1462 1132 1536; x_wconf 86' lang='lat' dir='ltr'><strong>Berengarii,</strong></span> <span class='ocrx_word' id='word_1_116' title='bbox 1142 1463 1193 1536; x_wconf 91' lang='lat' dir='ltr'><strong>qui</strong></span> <span class='ocrx_word' id='word_1_117' title='bbox 1203 1464 1241 1520; x_wconf 92' lang='lat' dir='ltr'><strong>de</strong></span> <span class='ocrx_word' id='word_1_118' title='bbox 1254 1463 1455 1519; x_wconf 84' lang='lat' dir='ltr'><strong>sacramentis</strong></span> 
     </span>
     <span class='ocr_line' id='line_1_14' title="bbox 300 1549 1453 1634; baseline 0 -28"><span class='ocrx_word' id='word_1_119' title='bbox 300 1549 403 1606; x_wconf 89' lang='lat' dir='ltr'><strong>altaris</strong></span> <span class='ocrx_word' id='word_1_120' title='bbox 414 1549 500 1606; x_wconf 90' lang='lat' dir='ltr'><strong>aliter</strong></span> <span class='ocrx_word' id='word_1_121' title='bbox 512 1565 602 1622; x_wconf 90' lang='lat' dir='ltr'><strong>quam</strong></span> <span class='ocrx_word' id='word_1_122' title='bbox 615 1550 742 1608; x_wconf 87' lang='lat' dir='ltr'><strong>ecclesia</strong></span> <span class='ocrx_word' id='word_1_123' title='bbox 753 1559 835 1608; x_wconf 89' lang='lat' dir='ltr'><strong>tenet</strong></span> <span class='ocrx_word' id='word_1_124' title='bbox 854 1549 1224 1634; x_wconf 81' lang='lat' dir='ltr'><strong>dogmatizabat-dicebat</strong></span> <span class='ocrx_word' id='word_1_125' title='bbox 1238 1549 1319 1606; x_wconf 90' lang='lat' dir='ltr'><strong>enim</strong></span> <span class='ocrx_word' id='word_1_126' title='bbox 1337 1565 1453 1622; x_wconf 90' lang='lat' dir='ltr'><strong>panem</strong></span> 
     </span>
     <span class='ocr_line' id='line_1_15' title="bbox 300 1636 1453 1710; baseline 0 -18"><span class='ocrx_word' id='word_1_127' title='bbox 300 1645 332 1693; x_wconf 90' lang='lat' dir='ltr'><strong>et</strong></span> <span class='ocrx_word' id='word_1_128' title='bbox 338 1636 441 1693; x_wconf 89' lang='lat' dir='ltr'><strong>vinum</strong></span> <span class='ocrx_word' id='word_1_129' title='bbox 452 1646 520 1710; x_wconf 92' lang='lat' dir='ltr'><strong>post</strong></span> <span class='ocrx_word' id='word_1_130' title='bbox 530 1637 786 1695; x_wconf 85' lang='lat' dir='ltr'><strong>consecrationem</strong></span> <span class='ocrx_word' id='word_1_131' title='bbox 796 1648 1016 1696; x_wconf 89' lang='lat' dir='ltr'><strong>sacramentum</strong></span> <span class='ocrx_word' id='word_1_132' title='bbox 1026 1647 1150 1710; x_wconf 90' lang='lat' dir='ltr'><strong>tantum,</strong></span> <span class='ocrx_word' id='word_1_133' title='bbox 1158 1655 1219 1695; x_wconf 91' lang='lat' dir='ltr'><strong>non</strong></span> <span class='ocrx_word' id='word_1_134' title='bbox 1232 1647 1332 1694; x_wconf 90' lang='lat' dir='ltr'><strong>autem</strong></span> <span class='ocrx_word' id='word_1_135' title='bbox 1342 1654 1453 1693; x_wconf 90' lang='lat' dir='ltr'><strong>verum</strong></span> 
     </span>
     <span class='ocr_line' id='line_1_16' title="bbox 258 1723 1453 1799; baseline 0.001 -20"><span class='ocrx_word' id='word_1_136' title='bbox 258 1743 287 1794; x_wconf 75' lang='lat'><strong>¹⁶</strong></span> <span class='ocrx_word' id='word_1_137' title='bbox 301 1741 411 1796; x_wconf 90' lang='lat' dir='ltr'><strong>corpus</strong></span> <span class='ocrx_word' id='word_1_138' title='bbox 424 1724 536 1781; x_wconf 89' lang='lat' dir='ltr'><strong>Chn&#39;sti</strong></span> <span class='ocrx_word' id='word_1_139' title='bbox 555 1735 585 1782; x_wconf 90' lang='lat' dir='ltr'><strong>et</strong></span> <span class='ocrx_word' id='word_1_140' title='bbox 603 1725 790 1798; x_wconf 87' lang='lat' dir='ltr'><strong>sanguinem.</strong></span> <span class='ocrx_word' id='word_1_141' title='bbox 827 1725 898 1799; x_wconf 89' lang='lat' dir='ltr'><strong>lpse</strong></span> <span class='ocrx_word' id='word_1_142' title='bbox 917 1725 998 1782; x_wconf 89' lang='lat' dir='ltr'><strong>enim</strong></span> <span class='ocrx_word' id='word_1_143' title='bbox 1018 1725 1195 1782; x_wconf 87' lang='lat' dir='ltr'><strong>Lamlranco</strong></span> <span class='ocrx_word' id='word_1_144' title='bbox 1206 1723 1292 1798; x_wconf 87' lang='lat' dir='ltr'><strong>quasi</strong></span> <span class='ocrx_word' id='word_1_145' title='bbox 1311 1724 1453 1781; x_wconf 79' lang='lat' dir='ltr'><strong>familiari</strong></span> 
     </span>
     <span class='ocr_line' id='line_1_17' title="bbox 301 1811 1454 1886; baseline -0.002 -16"><span class='ocrx_word' id='word_1_146' title='bbox 301 1829 357 1870; x_wconf 88' lang='lat' dir='ltr'><strong>suo</strong></span> <span class='ocrx_word' id='word_1_147' title='bbox 375 1812 489 1870; x_wconf 83' lang='lat' dir='ltr'><strong>litteras</strong></span> <span class='ocrx_word' id='word_1_148' title='bbox 506 1811 629 1870; x_wconf 81' lang='lat' dir='ltr'><strong>miserat</strong></span> <span class='ocrx_word' id='word_1_149' title='bbox 646 1829 750 1870; x_wconf 87' lang='lat' dir='ltr'><strong>errore</strong></span> <span class='ocrx_word' id='word_1_150' title='bbox 766 1812 833 1886; x_wconf 92' lang='lat' dir='ltr'><strong>ipso</strong></span> <span class='ocrx_word' id='word_1_151' title='bbox 849 1830 1014 1886; x_wconf 86' lang='lat' dir='ltr'><strong>respersas.</strong></span> <span class='ocrx_word' id='word_1_152' title='bbox 1052 1811 1110 1882; x_wconf 88' lang='lat' dir='ltr'><strong>Qui</strong></span> <span class='ocrx_word' id='word_1_153' title='bbox 1130 1813 1210 1870; x_wconf 91' lang='lat' dir='ltr'><strong>enim</strong></span> <span class='ocrx_word' id='word_1_154' title='bbox 1223 1812 1290 1868; x_wconf 87' lang='lat' dir='ltr'><strong>illas</strong></span> <span class='ocrx_word' id='word_1_155' title='bbox 1302 1811 1454 1884; x_wconf 85' lang='lat' dir='ltr'><strong>legerunt,</strong></span> 
     </span>
     <span class='ocr_line' id='line_1_18' title="bbox 303 1899 1455 1973; baseline 0 -17"><span class='ocrx_word' id='word_1_156' title='bbox 303 1899 514 1956; x_wconf 88' lang='lat' dir='ltr'><strong>Lamsrancum</strong></span> <span class='ocrx_word' id='word_1_157' title='bbox 536 1900 605 1957; x_wconf 84' lang='lat' dir='ltr'><strong>talia</strong></span> <span class='ocrx_word' id='word_1_158' title='bbox 623 1899 736 1957; x_wconf 90' lang='lat' dir='ltr'><strong>sentire</strong></span> <span class='ocrx_word' id='word_1_159' title='bbox 754 1901 867 1973; x_wconf 90' lang='lat' dir='ltr'><strong>opinati</strong></span> <span class='ocrx_word' id='word_1_160' title='bbox 889 1910 968 1971; x_wconf 89' lang='lat' dir='ltr'><strong>sunt,</strong></span> <span class='ocrx_word' id='word_1_161' title='bbox 987 1909 1017 1958; x_wconf 88' lang='lat' dir='ltr'><strong>et</strong></span> <span class='ocrx_word' id='word_1_162' title='bbox 1042 1901 1156 1957; x_wconf 88' lang='lat' dir='ltr'><strong>socium</strong></span> <span class='ocrx_word' id='word_1_163' title='bbox 1178 1899 1289 1956; x_wconf 90' lang='lat' dir='ltr'><strong>erroris</strong></span> <span class='ocrx_word' id='word_1_164' title='bbox 1313 1899 1455 1956; x_wconf 84' lang='lat' dir='ltr'><strong>diffama-</strong></span> 
     </span>
     <span class='ocr_line' id='line_1_19' title="bbox 300 1985 1509 2060; baseline -0.002 -16"><span class='ocrx_word' id='word_1_165' title='bbox 300 1995 418 2044; x_wconf 90' lang='lat' dir='ltr'><strong>uerunt.</strong></span> <span class='ocrx_word' id='word_1_166' title='bbox 455 1987 517 2046; x_wconf 89' lang='lat' dir='ltr'><strong>Sed</strong></span> <span class='ocrx_word' id='word_1_167' title='bbox 533 1986 727 2044; x_wconf 84' lang='lat' dir='ltr'><strong>Lamfraneus</strong></span> <span class='ocrx_word' id='word_1_168' title='bbox 741 1987 871 2044; x_wconf 89' lang='lat' dir='ltr'><strong>Romam</strong></span> <span class='ocrx_word' id='word_1_169' title='bbox 883 1989 1011 2046; x_wconf 88' lang='lat' dir='ltr'><strong>veniens</strong></span> <span class='ocrx_word' id='word_1_170' title='bbox 1029 1987 1115 2060; x_wconf 87' lang='lat' dir='ltr'><strong>praui</strong></span> <span class='ocrx_word' id='word_1_171' title='bbox 1128 1985 1257 2044; x_wconf 85' lang='lat' dir='ltr'><strong>rumoris</strong></span> <span class='ocrx_word' id='word_1_172' title='bbox 1271 2004 1289 2042; x_wconf 92' lang='lat' dir='ltr'><strong>a</strong></span> <span class='ocrx_word' id='word_1_173' title='bbox 1302 2003 1337 2043; x_wconf 92' lang='lat' dir='ltr'><strong>se</strong></span> <span class='ocrx_word' id='word_1_174' title='bbox 1349 2003 1454 2043; x_wconf 90' lang='lat' dir='ltr'><strong>macu-</strong></span> <span class='ocrx_word' id='word_1_175' title='bbox 1508 2055 1509 2060; x_wconf 8' lang='grc' dir='ltr'>η</span> 
     </span>
     <span class='ocr_line' id='line_1_20' title="bbox 302 2073 1453 2147; baseline 0 -17"><span class='ocrx_word' id='word_1_176' title='bbox 302 2075 362 2132; x_wconf 90' lang='lat' dir='ltr'><strong>lam</strong></span> <span class='ocrx_word' id='word_1_177' title='bbox 385 2076 532 2144; x_wconf 81' lang='lat' dir='ltr'><strong>abstersit,</strong></span> <span class='ocrx_word' id='word_1_178' title='bbox 553 2075 645 2132; x_wconf 86' lang='lat' dir='ltr'><strong>fidem</strong></span> <span class='ocrx_word' id='word_1_179' title='bbox 666 2091 753 2132; x_wconf 89' lang='lat' dir='ltr'><strong>suam</strong></span> <span class='ocrx_word' id='word_1_180' title='bbox 773 2076 921 2147; x_wconf 87' lang='lat' dir='ltr'><strong>exposuit,</strong></span> <span class='ocrx_word' id='word_1_181' title='bbox 941 2083 970 2132; x_wconf 91' lang='lat' dir='ltr'><strong>et</strong></span> <span class='ocrx_word' id='word_1_182' title='bbox 992 2075 1089 2147; x_wconf 89' lang='lat' dir='ltr'><strong>magis</strong></span> <span class='ocrx_word' id='word_1_183' title='bbox 1108 2073 1341 2143; x_wconf 88' lang='lat' dir='ltr'><strong>auctoritatibus,</strong></span> <span class='ocrx_word' id='word_1_184' title='bbox 1360 2081 1453 2146; x_wconf 87' lang='lat' dir='ltr'><strong>quam</strong></span> 
     </span>
     <span class='ocr_line' id='line_1_21' title="bbox 258 2161 1454 2236; baseline -0.002 -16"><span class='ocrx_word' id='word_1_185' title='bbox 258 2183 290 2220; x_wconf 81' lang='lat' dir='ltr'><strong>ro</strong></span> <span class='ocrx_word' id='word_1_186' title='bbox 302 2163 488 2235; x_wconf 81' lang='lat' dir='ltr'><strong>argumentis</strong></span> <span class='ocrx_word' id='word_1_187' title='bbox 515 2163 660 2235; x_wconf 83' lang='lat' dir='ltr'><strong>probauit.</strong></span> <span class='ocrx_word' id='word_1_188' title='bbox 699 2161 757 2218; x_wconf 89' lang='lat' dir='ltr'><strong>Hic</strong></span> <span class='ocrx_word' id='word_1_189' title='bbox 776 2161 910 2236; x_wconf 81' lang='lat' dir='ltr'><strong>[etiam]⁴</strong></span> <span class='ocrx_word' id='word_1_190' title='bbox 928 2161 1130 2235; x_wconf 87' lang='lat' dir='ltr'><strong>Berengarius</strong></span> <span class='ocrx_word' id='word_1_191' title='bbox 1152 2171 1255 2219; x_wconf 88' lang='lat' dir='ltr'><strong>contra</strong></span> <span class='ocrx_word' id='word_1_192' title='bbox 1275 2161 1454 2218; x_wconf 88' lang='lat' dir='ltr'><strong>catholicam</strong></span> 
     </span>
     <span class='ocr_line' id='line_1_22' title="bbox 302 2247 1456 2323; baseline -0.001 -16"><span class='ocrx_word' id='word_1_193' title='bbox 302 2249 394 2307; x_wconf 90' lang='lat' dir='ltr'><strong>fidem</strong></span> <span class='ocrx_word' id='word_1_194' title='bbox 413 2259 442 2306; x_wconf 90' lang='lat' dir='ltr'><strong>et</strong></span> <span class='ocrx_word' id='word_1_195' title='bbox 461 2267 578 2307; x_wconf 89' lang='lat' dir='ltr'><strong>sacram</strong></span> <span class='ocrx_word' id='word_1_196' title='bbox 597 2249 747 2323; x_wconf 88' lang='lat' dir='ltr'><strong>synodum</strong></span> <span class='ocrx_word' id='word_1_197' title='bbox 765 2258 871 2323; x_wconf 89' lang='lat' dir='ltr'><strong>postea</strong></span> <span class='ocrx_word' id='word_1_198' title='bbox 889 2251 1035 2323; x_wconf 91' lang='lat' dir='ltr'><strong>scriptum</strong></span> <span class='ocrx_word' id='word_1_199' title='bbox 1056 2250 1165 2308; x_wconf 90' lang='lat' dir='ltr'><strong>edidit:</strong></span> <span class='ocrx_word' id='word_1_200' title='bbox 1185 2249 1233 2306; x_wconf 91' lang='lat' dir='ltr'><strong>cui</strong></span> <span class='ocrx_word' id='word_1_201' title='bbox 1254 2247 1456 2306; x_wconf 84' lang='lat' dir='ltr'><strong>Lamirancus</strong></span> 
     </span>
     <span class='ocr_line' id='line_1_23' title="bbox 303 2337 1456 2411; baseline 0 -18"><span class='ocrx_word' id='word_1_202' title='bbox 303 2338 501 2410; x_wconf 87' lang='lat' dir='ltr'><strong>respondens,</strong></span> <span class='ocrx_word' id='word_1_203' title='bbox 515 2339 571 2394; x_wconf 92' lang='lat' dir='ltr'><strong>sub</strong></span> <span class='ocrx_word' id='word_1_204' title='bbox 584 2337 706 2394; x_wconf 90' lang='lat' dir='ltr'><strong>nomine</strong></span> <span class='ocrx_word' id='word_1_205' title='bbox 714 2337 840 2411; x_wconf 88' lang='lat' dir='ltr'><strong>epistole</strong></span> <span class='ocrx_word' id='word_1_206' title='bbox 848 2337 982 2394; x_wconf 88' lang='lat' dir='ltr'><strong>libellum</strong></span> <span class='ocrx_word' id='word_1_207' title='bbox 989 2337 1158 2410; x_wconf 89' lang='lat' dir='ltr'><strong>elegantem</strong></span> <span class='ocrx_word' id='word_1_208' title='bbox 1172 2337 1338 2409; x_wconf 88' lang='lat' dir='ltr'><strong>composuit</strong></span> <span class='ocrx_word' id='word_1_209' title='bbox 1351 2337 1456 2393; x_wconf 89' lang='lat' dir='ltr'><strong>catho-</strong></span> 
     </span>
     <span class='ocr_line' id='line_1_24' title="bbox 302 2423 1456 2498; baseline 0.001 -18"><span class='ocrx_word' id='word_1_210' title='bbox 302 2423 358 2482; x_wconf 88' lang='lat' dir='ltr'><strong>lica</strong></span> <span class='ocrx_word' id='word_1_211' title='bbox 375 2426 500 2482; x_wconf 88' lang='lat' dir='ltr'><strong>veritate</strong></span> <span class='ocrx_word' id='word_1_212' title='bbox 518 2425 689 2493; x_wconf 87' lang='lat' dir='ltr'><strong>subnixum,</strong></span> <span class='ocrx_word' id='word_1_213' title='bbox 702 2433 732 2482; x_wconf 91' lang='lat' dir='ltr'><strong>et</strong></span> <span class='ocrx_word' id='word_1_214' title='bbox 750 2435 922 2482; x_wconf 89' lang='lat' dir='ltr'><strong>sanctorum</strong></span> <span class='ocrx_word' id='word_1_215' title='bbox 940 2434 1059 2498; x_wconf 90' lang='lat' dir='ltr'><strong>patrum</strong></span> <span class='ocrx_word' id='word_1_216' title='bbox 1079 2426 1210 2498; x_wconf 89' lang='lat' dir='ltr'><strong>vndique</strong></span> <span class='ocrx_word' id='word_1_217' title='bbox 1228 2423 1456 2482; x_wconf 90' lang='lat' dir='ltr'><strong>auctoritatibus</strong></span> 
     </span>
     <span class='ocr_line' id='line_1_25' title="bbox 302 2510 1510 2587; baseline -0.002 -18"><span class='ocrx_word' id='word_1_218' title='bbox 302 2513 536 2569; x_wconf 88' lang='lat' dir='ltr'><strong>corroboratum.</strong></span> <span class='ocrx_word' id='word_1_219' title='bbox 572 2511 711 2570; x_wconf 90' lang='lat' dir='ltr'><strong>Ostendit</strong></span> <span class='ocrx_word' id='word_1_220' title='bbox 728 2514 818 2570; x_wconf 90' lang='lat' dir='ltr'><strong>etiam</strong></span> <span class='ocrx_word' id='word_1_221' title='bbox 836 2530 915 2586; x_wconf 91' lang='lat' dir='ltr'><strong>pape</strong></span> <span class='ocrx_word' id='word_1_222' title='bbox 931 2515 1001 2587; x_wconf 94' lang='lat' dir='ltr'><strong>quia</strong></span> <span class='ocrx_word' id='word_1_223' title='bbox 1017 2513 1168 2569; x_wconf 86' lang='lat' dir='ltr'><strong>sententia</strong></span> <span class='ocrx_word' id='word_1_224' title='bbox 1185 2520 1287 2568; x_wconf 89' lang='lat' dir='ltr'><strong>contra</strong></span> <span class='ocrx_word' id='word_1_225' title='bbox 1303 2510 1412 2568; x_wconf 89' lang='lat' dir='ltr'><strong>ducem</strong></span> <span class='ocrx_word' id='word_1_226' title='bbox 1425 2523 1456 2568; x_wconf 90' lang='lat' dir='ltr'><strong>et</strong></span> <span class='ocrx_word' id='word_1_227' title='bbox 1509 2519 1510 2524; x_wconf 77' lang='grc'>’</span> 
     </span>
     <span class='ocr_line' id='line_1_26' title="bbox 259 2599 1455 2674; baseline -0.003 -14"><span class='ocrx_word' id='word_1_228' title='bbox 259 2623 289 2674; x_wconf 81' lang='lat'><strong>²5</strong></span> <span class='ocrx_word' id='word_1_229' title='bbox 303 2599 369 2656; x_wconf 90' lang='lat' dir='ltr'><strong>eius</strong></span> <span class='ocrx_word' id='word_1_230' title='bbox 381 2617 507 2658; x_wconf 79' lang='lat' dir='ltr'><strong>uxorem</strong></span> <span class='ocrx_word' id='word_1_231' title='bbox 519 2599 587 2670; x_wconf 83' lang='lat' dir='ltr'><strong>lata,</strong></span> <span class='ocrx_word' id='word_1_232' title='bbox 600 2600 668 2658; x_wconf 90' lang='lat' dir='ltr'><strong>illos</strong></span> <span class='ocrx_word' id='word_1_233' title='bbox 680 2609 796 2658; x_wconf 88' lang='lat' dir='ltr'><strong>tantum</strong></span> <span class='ocrx_word' id='word_1_234' title='bbox 808 2601 952 2674; x_wconf 89' lang='lat' dir='ltr'><strong>grauabat</strong></span> <span class='ocrx_word' id='word_1_235' title='bbox 964 2599 1015 2673; x_wconf 92' lang='lat' dir='ltr'><strong>qui</strong></span> <span class='ocrx_word' id='word_1_236' title='bbox 1028 2617 1082 2658; x_wconf 89' lang='lat' dir='ltr'><strong>eos</strong></span> <span class='ocrx_word' id='word_1_237' title='bbox 1094 2617 1149 2656; x_wconf 92' lang='lat' dir='ltr'><strong>nec</strong></span> <span class='ocrx_word' id='word_1_238' title='bbox 1163 2599 1381 2656; x_wconf 84' lang='lat' dir='ltr'><strong>coniunxerant</strong></span> <span class='ocrx_word' id='word_1_239' title='bbox 1396 2617 1455 2656; x_wconf 92' lang='lat' dir='ltr'><strong>nec</strong></span> 
     </span>
     <span class='ocr_line' id='line_1_27' title="bbox 302 2685 1455 2761; baseline -0.001 -17"><span class='ocrx_word' id='word_1_240' title='bbox 302 2685 465 2761; x_wconf 80' lang='lat' dir='ltr'><strong>separare⁶</strong></span> <span class='ocrx_word' id='word_1_241' title='bbox 481 2697 634 2761; x_wconf 88' lang='lat' dir='ltr'><strong>poterant:</strong></span> <span class='ocrx_word' id='word_1_242' title='bbox 657 2705 727 2746; x_wconf 91' lang='lat' dir='ltr'><strong>nam</strong></span> <span class='ocrx_word' id='word_1_243' title='bbox 742 2690 804 2745; x_wconf 87' lang='lat' dir='ltr'><strong>dux</strong></span> <span class='ocrx_word' id='word_1_244' title='bbox 820 2689 951 2760; x_wconf 89' lang='lat' dir='ltr'><strong>puellam</strong></span> <span class='ocrx_word' id='word_1_245' title='bbox 967 2703 1057 2761; x_wconf 89' lang='lat' dir='ltr'><strong>quam</strong></span> <span class='ocrx_word' id='word_1_246' title='bbox 1078 2695 1244 2759; x_wconf 86' lang='lat' dir='ltr'><strong>acceperat,</strong></span> <span class='ocrx_word' id='word_1_247' title='bbox 1260 2686 1343 2742; x_wconf 92' lang='lat' dir='ltr'><strong>nullo</strong></span> <span class='ocrx_word' id='word_1_248' title='bbox 1364 2695 1455 2759; x_wconf 89' lang='lat' dir='ltr'><strong>pacto</strong></span> 
     </span>
     <span class='ocr_line' id='line_1_28' title="bbox 305 2775 1455 2850; baseline 0 -18"><span class='ocrx_word' id='word_1_249' title='bbox 305 2775 454 2833; x_wconf 88' lang='lat' dir='ltr'><strong>dimittere</strong></span> <span class='ocrx_word' id='word_1_250' title='bbox 478 2776 604 2833; x_wconf 86' lang='lat' dir='ltr'><strong>volebat</strong></span> <span class='ocrx_word' id='word_1_251' title='bbox 643 2775 710 2834; x_wconf 88' lang='lat' dir='ltr'><strong>Hec</strong></span> <span class='ocrx_word' id='word_1_252' title='bbox 734 2777 861 2834; x_wconf 88' lang='lat' dir='ltr'><strong>audiens</strong></span> <span class='ocrx_word' id='word_1_253' title='bbox 885 2794 973 2850; x_wconf 87' lang='lat' dir='ltr'><strong>papa,</strong></span> <span class='ocrx_word' id='word_1_254' title='bbox 997 2776 1223 2849; x_wconf 89' lang='lat' dir='ltr'><strong>dispensatione</strong></span> <span class='ocrx_word' id='word_1_255' title='bbox 1248 2775 1357 2845; x_wconf 88' lang='lat' dir='ltr'><strong>habita,</strong></span> <span class='ocrx_word' id='word_1_256' title='bbox 1384 2793 1455 2832; x_wconf 91' lang='lat' dir='ltr'><strong>eon-</strong></span> 
     </span>
     <span class='ocr_line' id='line_1_29' title="bbox 304 2862 1456 2938; baseline 0 -18"><span class='ocrx_word' id='word_1_257' title='bbox 304 2863 417 2938; x_wconf 89' lang='lat' dir='ltr'><strong>iugium</strong></span> <span class='ocrx_word' id='word_1_258' title='bbox 441 2863 599 2931; x_wconf 85' lang='lat' dir='ltr'><strong>concessit,</strong></span> <span class='ocrx_word' id='word_1_259' title='bbox 618 2881 655 2920; x_wconf 89' lang='lat' dir='ltr'><strong>ca</strong></span> <span class='ocrx_word' id='word_1_260' title='bbox 676 2873 777 2921; x_wconf 88' lang='lat' dir='ltr'><strong>tamen</strong></span> <span class='ocrx_word' id='word_1_261' title='bbox 799 2864 968 2921; x_wconf 87' lang='lat' dir='ltr'><strong>conditione</strong></span> <span class='ocrx_word' id='word_1_262' title='bbox 986 2873 1017 2922; x_wconf 87' lang='lat' dir='ltr'><strong>vt</strong></span> <span class='ocrx_word' id='word_1_263' title='bbox 1035 2865 1094 2921; x_wconf 90' lang='lat' dir='ltr'><strong>duo</strong></span> <span class='ocrx_word' id='word_1_264' title='bbox 1116 2862 1298 2920; x_wconf 82' lang='lat' dir='ltr'><strong>monasteria</strong></span> <span class='ocrx_word' id='word_1_265' title='bbox 1319 2873 1456 2920; x_wconf 88' lang='lat' dir='ltr'><strong>constru-</strong></span> 
     </span>
     <span class='ocr_line' id='line_1_30' title="bbox 305 2950 1458 3026; baseline 0.001 -19"><span class='ocrx_word' id='word_1_266' title='bbox 305 2959 378 3020; x_wconf 87' lang='lat' dir='ltr'><strong>eret,</strong></span> <span class='ocrx_word' id='word_1_267' title='bbox 391 2951 421 3006; x_wconf 92' lang='lat' dir='ltr'><strong>in</strong></span> <span class='ocrx_word' id='word_1_268' title='bbox 439 2951 548 3024; x_wconf 91' lang='lat' dir='ltr'><strong>quibus</strong></span> <span class='ocrx_word' id='word_1_269' title='bbox 567 2950 704 3025; x_wconf 83' lang='lat' dir='ltr'><strong>religiose</strong></span> <span class='ocrx_word' id='word_1_270' title='bbox 716 2954 855 3009; x_wconf 81' lang='lat' dir='ltr'><strong>uiuentes</strong></span> <span class='ocrx_word' id='word_1_271' title='bbox 873 2951 923 3009; x_wconf 91' lang='lat' dir='ltr'><strong>die</strong></span> <span class='ocrx_word' id='word_1_272' title='bbox 942 2961 1088 3026; x_wconf 88' lang='lat' dir='ltr'><strong>nocteque</strong></span> <span class='ocrx_word' id='word_1_273' title='bbox 1107 2952 1165 3008; x_wconf 89' lang='lat' dir='ltr'><strong>deo</strong></span> <span class='ocrx_word' id='word_1_274' title='bbox 1182 2951 1331 3008; x_wconf 88' lang='lat' dir='ltr'><strong>seruirent</strong></span> <span class='ocrx_word' id='word_1_275' title='bbox 1349 2960 1379 3007; x_wconf 91' lang='lat' dir='ltr'><strong>et</strong></span> <span class='ocrx_word' id='word_1_276' title='bbox 1399 2969 1458 3025; x_wconf 89' lang='lat' dir='ltr'><strong>pro</strong></span> 
     </span>
     <span class='ocr_line' id='line_1_31' title="bbox 261 3038 1457 3112; baseline -0.002 -14"><span class='ocrx_word' id='word_1_277' title='bbox 261 3063 294 3112; x_wconf 78' lang='lat'><strong>30</strong></span> <span class='ocrx_word' id='word_1_278' title='bbox 307 3039 401 3095; x_wconf 89' lang='lat' dir='ltr'><strong>salute</strong></span> <span class='ocrx_word' id='word_1_279' title='bbox 414 3040 479 3096; x_wconf 88' lang='lat' dir='ltr'><strong>eius</strong></span> <span class='ocrx_word' id='word_1_280' title='bbox 492 3038 704 3111; x_wconf 88' lang='lat' dir='ltr'><strong>supplicarent.</strong></span> <span class='ocrx_word' id='word_1_281' title='bbox 742 3039 853 3112; x_wconf 91' lang='lat' dir='ltr'><strong>Sieque</strong></span> <span class='ocrx_word' id='word_1_282' title='bbox 863 3041 925 3097; x_wconf 86' lang='lat' dir='ltr'><strong>dux</strong></span> <span class='ocrx_word' id='word_1_283' title='bbox 935 3039 1148 3097; x_wconf 87' lang='lat' dir='ltr'><strong>monasterium</strong></span> <span class='ocrx_word' id='word_1_284' title='bbox 1158 3040 1339 3096; x_wconf 90' lang='lat' dir='ltr'><strong>cadomense</strong></span> <span class='ocrx_word' id='word_1_285' title='bbox 1350 3055 1457 3096; x_wconf 90' lang='lat' dir='ltr'><strong>mona·</strong></span> 
     </span>
     <span class='ocr_line' id='line_1_32' title="bbox 306 3125 1458 3200; baseline 0.002 -18"><span class='ocrx_word' id='word_1_286' title='bbox 306 3126 440 3194; x_wconf 91' lang='lat' dir='ltr'><strong>chorum,</strong></span> <span class='ocrx_word' id='word_1_287' title='bbox 453 3135 483 3184; x_wconf 88' lang='lat' dir='ltr'><strong>et</strong></span> <span class='ocrx_word' id='word_1_288' title='bbox 494 3143 572 3184; x_wconf 83' lang='lat' dir='ltr'><strong>vxor</strong></span> <span class='ocrx_word' id='word_1_289' title='bbox 584 3127 649 3184; x_wconf 90' lang='lat' dir='ltr'><strong>eius</strong></span> <span class='ocrx_word' id='word_1_290' title='bbox 662 3127 883 3198; x_wconf 89' lang='lat' dir='ltr'><strong>monacharum,</strong></span> <span class='ocrx_word' id='word_1_291' title='bbox 892 3134 1132 3186; x_wconf 85' lang='lat' dir='ltr'><strong>construxerunt.</strong></span> <span class='ocrx_word' id='word_1_292' title='bbox 1170 3126 1216 3183; x_wconf 89' lang='lat' dir='ltr'><strong>De</strong></span> <span class='ocrx_word' id='word_1_293' title='bbox 1224 3125 1325 3198; x_wconf 87' lang='lat' dir='ltr'><strong>priore</strong></span> <span class='ocrx_word' id='word_1_294' title='bbox 1334 3143 1458 3200; x_wconf 93' lang='lat' dir='ltr'><strong>quoque</strong></span> 
     </span>
     <span class='ocr_line' id='line_1_33' title="bbox 305 3213 1459 3286; baseline 0 -16"><span class='ocrx_word' id='word_1_295' title='bbox 305 3213 454 3283; x_wconf 89' lang='lat' dir='ltr'><strong>beccensi,</strong></span> <span class='ocrx_word' id='word_1_296' title='bbox 468 3213 662 3272; x_wconf 85' lang='lat' dir='ltr'><strong>Lamlrancus</strong></span> <span class='ocrx_word' id='word_1_297' title='bbox 675 3215 768 3271; x_wconf 90' lang='lat' dir='ltr'><strong>abbas</strong></span> <span class='ocrx_word' id='word_1_298' title='bbox 780 3215 970 3272; x_wconf 87' lang='lat' dir='ltr'><strong>cadomensis</strong></span> <span class='ocrx_word' id='word_1_299' title='bbox 982 3213 1076 3272; x_wconf 83' lang='lat' dir='ltr'><strong>iactus</strong></span> <span class='ocrx_word' id='word_1_300' title='bbox 1089 3222 1152 3283; x_wconf 87' lang='lat' dir='ltr'><strong>est;</strong></span> <span class='ocrx_word' id='word_1_301' title='bbox 1171 3222 1202 3270; x_wconf 93' lang='lat' dir='ltr'><strong>et</strong></span> <span class='ocrx_word' id='word_1_302' title='bbox 1214 3221 1360 3286; x_wconf 81' lang='lat' dir='ltr'><strong>regnante</strong></span> <span class='ocrx_word' id='word_1_303' title='bbox 1374 3225 1459 3286; x_wconf 90' lang='lat' dir='ltr'><strong>post-</strong></span> 
     </span>
     <span class='ocr_line' id='line_1_34' title="bbox 306 3297 1458 3375; baseline -0.001 -16"><span class='ocrx_word' id='word_1_304' title='bbox 306 3303 428 3359; x_wconf 91' lang='lat' dir='ltr'><strong>modum</strong></span> <span class='ocrx_word' id='word_1_305' title='bbox 441 3301 472 3358; x_wconf 93' lang='lat' dir='ltr'><strong>in</strong></span> <span class='ocrx_word' id='word_1_306' title='bbox 485 3301 596 3375; x_wconf 90' lang='lat' dir='ltr'><strong>Anglia</strong></span> <span class='ocrx_word' id='word_1_307' title='bbox 608 3303 684 3358; x_wconf 91' lang='lat' dir='ltr'><strong>duce</strong></span> <span class='ocrx_word' id='word_1_308' title='bbox 694 3302 856 3371; x_wconf 91' lang='lat' dir='ltr'><strong>Willelmo,</strong></span> <span class='ocrx_word' id='word_1_309' title='bbox 866 3304 904 3359; x_wconf 89' lang='lat' dir='ltr'><strong>ad</strong></span> <span class='ocrx_word' id='word_1_310' title='bbox 915 3297 1203 3375; x_wconf 78' lang='lat' dir='ltr'><strong>archiepiscopatum</strong></span> <span class='ocrx_word' id='word_1_311' title='bbox 1216 3301 1458 3358; x_wconf 86' lang='lat' dir='ltr'><strong>cantuariensem</strong></span> 
     </span>
     <span class='ocr_line' id='line_1_35' title="bbox 306 3377 1460 3463; baseline 0.001 -18"><span class='ocrx_word' id='word_1_312' title='bbox 306 3399 461 3462; x_wconf 90' lang='lat' dir='ltr'><strong>promotus</strong></span> <span class='ocrx_word' id='word_1_313' title='bbox 474 3397 529 3446; x_wconf 90' lang='lat' dir='ltr'><strong>est.</strong></span> <span class='ocrx_word' id='word_1_314' title='bbox 561 3377 666 3463; x_wconf 83' lang='lat' dir='ltr'><strong>Quam</strong></span> <span class='ocrx_word' id='word_1_315' title='bbox 679 3389 770 3446; x_wconf 88' lang='lat' dir='ltr'><strong>inuite</strong></span> <span class='ocrx_word' id='word_1_316' title='bbox 783 3390 864 3446; x_wconf 91' lang='lat' dir='ltr'><strong>enim</strong></span> <span class='ocrx_word' id='word_1_317' title='bbox 873 3391 911 3446; x_wconf 92' lang='lat' dir='ltr'><strong>ad</strong></span> <span class='ocrx_word' id='word_1_318' title='bbox 922 3389 1212 3462; x_wconf 89' lang='lat' dir='ltr'><strong>archiepiscopatum</strong></span> <span class='ocrx_word' id='word_1_319' title='bbox 1220 3388 1365 3459; x_wconf 89' lang='lat' dir='ltr'><strong>ascendit,</strong></span> <span class='ocrx_word' id='word_1_320' title='bbox 1375 3399 1460 3462; x_wconf 89' lang='lat' dir='ltr'><strong>patet</strong></span> 
     </span>
     <span class='ocr_line' id='line_1_36' title="bbox 261 3474 1460 3550; baseline -0.001 -16"><span class='ocrx_word' id='word_1_321' title='bbox 261 3501 291 3550; x_wconf 78' lang='lat'><strong>35</strong></span> <span class='ocrx_word' id='word_1_322' title='bbox 305 3477 337 3534; x_wconf 88' lang='lat' dir='ltr'><strong>in</strong></span> <span class='ocrx_word' id='word_1_323' title='bbox 349 3477 478 3548; x_wconf 87' lang='lat' dir='ltr'><strong>quadam</strong></span> <span class='ocrx_word' id='word_1_324' title='bbox 495 3475 622 3549; x_wconf 89' lang='lat' dir='ltr'><strong>epistola</strong></span> <span class='ocrx_word' id='word_1_325' title='bbox 637 3493 727 3550; x_wconf 90' lang='lat' dir='ltr'><strong>quam</strong></span> <span class='ocrx_word' id='word_1_326' title='bbox 743 3479 781 3534; x_wconf 92' lang='lat' dir='ltr'><strong>ad</strong></span> <span class='ocrx_word' id='word_1_327' title='bbox 793 3476 1001 3534; x_wconf 83' lang='lat' dir='ltr'><strong>Alexandrum</strong></span> <span class='ocrx_word' id='word_1_328' title='bbox 1017 3493 1127 3550; x_wconf 89' lang='lat' dir='ltr'><strong>papam</strong></span> <span class='ocrx_word' id='word_1_329' title='bbox 1144 3475 1232 3546; x_wconf 77' lang='lat' dir='ltr'><strong>irrisit,</strong></span> <span class='ocrx_word' id='word_1_330' title='bbox 1251 3474 1282 3531; x_wconf 95' lang='lat' dir='ltr'><strong>in</strong></span> <span class='ocrx_word' id='word_1_331' title='bbox 1300 3493 1370 3549; x_wconf 91' lang='lat' dir='ltr'><strong>qua,</strong></span> <span class='ocrx_word' id='word_1_332' title='bbox 1389 3487 1460 3549; x_wconf 88' lang='lat' dir='ltr'><strong>post</strong></span> 
     </span>
     <span class='ocr_line' id='line_1_37' title="bbox 306 3563 1460 3637; baseline 0 -15"><span class='ocrx_word' id='word_1_333' title='bbox 306 3563 523 3634; x_wconf 87' lang='lat' dir='ltr'><strong>salutationem,</strong></span> <span class='ocrx_word' id='word_1_334' title='bbox 532 3563 575 3621; x_wconf 92' lang='lat' dir='ltr'><strong>sic</strong></span> <span class='ocrx_word' id='word_1_335' title='bbox 587 3563 643 3622; x_wconf 91' lang='lat' dir='ltr'><strong>ait:</strong></span> <span class='ocrx_word' id='word_1_336' title='bbox 665 3564 756 3621; x_wconf 88' lang='lat' dir='ltr'><strong>‘Cum</strong></span> <span class='ocrx_word' id='word_1_337' title='bbox 766 3567 804 3622; x_wconf 90' lang='lat' dir='ltr'><strong>de</strong></span> <span class='ocrx_word' id='word_1_338' title='bbox 817 3564 958 3622; x_wconf 88' lang='lat' dir='ltr'><strong>beccensi</strong></span> <span class='ocrx_word' id='word_1_339' title='bbox 967 3563 1205 3637; x_wconf 88' lang='lat' dir='ltr'><strong>congregatione,</strong></span> <span class='ocrx_word' id='word_1_340' title='bbox 1213 3563 1244 3619; x_wconf 91' lang='lat' dir='ltr'><strong>in</strong></span> <span class='ocrx_word' id='word_1_341' title='bbox 1254 3580 1313 3637; x_wconf 89' lang='lat' dir='ltr'><strong>qua</strong></span> <span class='ocrx_word' id='word_1_342' title='bbox 1322 3563 1460 3622; x_wconf 88' lang='lat' dir='ltr'><strong>habitum</strong></span> 
     </span>
     <span class='ocr_line' id='line_1_38' title="bbox 307 3650 1461 3725; baseline 0.002 -17"><span class='ocrx_word' id='word_1_343' title='bbox 307 3651 461 3722; x_wconf 88' lang='lat' dir='ltr'><strong>religionis</strong></span> <span class='ocrx_word' id='word_1_344' title='bbox 486 3651 647 3724; x_wconf 87' lang='lat' dir='ltr'><strong>assumpsi,</strong></span> <span class='ocrx_word' id='word_1_345' title='bbox 664 3669 682 3708; x_wconf 90' lang='lat' dir='ltr'><strong>a</strong></span> <span class='ocrx_word' id='word_1_346' title='bbox 703 3653 839 3725; x_wconf 89' lang='lat' dir='ltr'><strong>principe</strong></span> <span class='ocrx_word' id='word_1_347' title='bbox 858 3651 1102 3708; x_wconf 84' lang='lat' dir='ltr'><strong>Nonnannorum</strong></span> <span class='ocrx_word' id='word_1_348' title='bbox 1117 3650 1271 3708; x_wconf 89' lang='lat' dir='ltr'><strong>Willelmo</strong></span> <span class='ocrx_word' id='word_1_349' title='bbox 1289 3653 1461 3710; x_wconf 86' lang='lat' dir='ltr'><strong>abstractus</strong></span> 
     </span>
     <span class='ocr_line' id='line_1_39' title="bbox 307 3737 1459 3813; baseline 0.001 -17"><span class='ocrx_word' id='word_1_350' title='bbox 307 3739 480 3796; x_wconf 88' lang='lat' dir='ltr'><strong>cadomensi</strong></span> <span class='ocrx_word' id='word_1_351' title='bbox 490 3755 648 3812; x_wconf 88' lang='lat' dir='ltr'><strong>preessem</strong></span> <span class='ocrx_word' id='word_1_352' title='bbox 658 3739 791 3809; x_wconf 88' lang='lat' dir='ltr'><strong>cenobio,</strong></span> <span class='ocrx_word' id='word_1_353' title='bbox 799 3748 829 3796; x_wconf 89' lang='lat' dir='ltr'><strong>et</strong></span> <span class='ocrx_word' id='word_1_354' title='bbox 842 3749 947 3813; x_wconf 89' lang='lat' dir='ltr'><strong>postea</strong></span> <span class='ocrx_word' id='word_1_355' title='bbox 957 3739 1054 3796; x_wconf 90' lang='lat' dir='ltr'><strong>dictus</strong></span> <span class='ocrx_word' id='word_1_356' title='bbox 1064 3737 1214 3812; x_wconf 89' lang='lat' dir='ltr'><strong>princeps,</strong></span> <span class='ocrx_word' id='word_1_357' title='bbox 1223 3737 1459 3811; x_wconf 85' lang='lat' dir='ltr'><strong>rexAnglorum</strong></span> 
     </span>
     <span class='ocr_line' id='line_1_40' title="bbox 308 3825 1460 3900; baseline 0.002 -17"><span class='ocrx_word' id='word_1_358' title='bbox 308 3827 411 3896; x_wconf 86' lang='lat' dir='ltr'><strong>iactus,</strong></span> <span class='ocrx_word' id='word_1_359' title='bbox 425 3827 527 3884; x_wconf 90' lang='lat' dir='ltr'><strong>multis</strong></span> <span class='ocrx_word' id='word_1_360' title='bbox 538 3826 690 3900; x_wconf 87' lang='lat' dir='ltr'><strong>variisque</strong></span> <span class='ocrx_word' id='word_1_361' title='bbox 708 3827 805 3884; x_wconf 91' lang='lat' dir='ltr'><strong>modis</strong></span> <span class='ocrx_word' id='word_1_362' title='bbox 823 3827 1080 3900; x_wconf 79' lang='lat' dir='ltr'><strong>archiepiscopum</strong></span> <span class='ocrx_word' id='word_1_363' title='bbox 1098 3842 1147 3883; x_wconf 90' lang='lat' dir='ltr'><strong>me</strong></span> <span class='ocrx_word' id='word_1_364' title='bbox 1162 3825 1311 3882; x_wconf 89' lang='lat' dir='ltr'><strong>laboraret</strong></span> <span class='ocrx_word' id='word_1_365' title='bbox 1327 3827 1460 3898; x_wconf 80' lang='lat' dir='ltr'><strong>efficere,</strong></span> 
     </span>
     <span class='ocr_line' id='line_1_41' title="bbox 260 3911 1459 3986; baseline 0.001 -15"><span class='ocrx_word' id='word_1_366' title='bbox 260 3935 295 3986; x_wconf 82' lang='lat'><strong>4⁰</strong></span> <span class='ocrx_word' id='word_1_367' title='bbox 308 3917 432 3973; x_wconf 88' lang='lat' dir='ltr'><strong>cassatis</strong></span> <span class='ocrx_word' id='word_1_368' title='bbox 453 3923 555 3972; x_wconf 76' lang='lat' dir='ltr'><strong>tamma</strong></span> <span class='ocrx_word' id='word_1_369' title='bbox 575 3915 727 3972; x_wconf 88' lang='lat' dir='ltr'><strong>laboribus</strong></span> <span class='ocrx_word' id='word_1_370' title='bbox 751 3915 814 3971; x_wconf 88' lang='lat' dir='ltr'><strong>suis</strong></span> <span class='ocrx_word' id='word_1_371' title='bbox 834 3930 852 3970; x_wconf 87' lang='lat' dir='ltr'><strong>a</strong></span> <span class='ocrx_word' id='word_1_372' title='bbox 871 3931 921 3970; x_wconf 91' lang='lat' dir='ltr'><strong>me</strong></span> <span class='ocrx_word' id='word_1_373' title='bbox 943 3914 1025 3970; x_wconf 91' lang='lat' dir='ltr'><strong>nullo</strong></span> <span class='ocrx_word' id='word_1_374' title='bbox 1044 3915 1133 3970; x_wconf 90' lang='lat' dir='ltr'><strong>modo</strong></span> <span class='ocrx_word' id='word_1_375' title='bbox 1154 3913 1250 3985; x_wconf 92' lang='lat' dir='ltr'><strong>potuit</strong></span> <span class='ocrx_word' id='word_1_376' title='bbox 1274 3911 1459 3986; x_wconf 86' lang='lat' dir='ltr'><strong>impetrare:</strong></span> 
     </span>
     <span class='ocr_line' id='line_1_42' title="bbox 307 4000 1460 4076; baseline -0.001 -16"><span class='ocrx_word' id='word_1_377' title='bbox 307 4004 503 4076; x_wconf 87' lang='lat' dir='ltr'><strong>quoadusque</strong></span> <span class='ocrx_word' id='word_1_378' title='bbox 521 4001 612 4074; x_wconf 90' lang='lat' dir='ltr'><strong>legati</strong></span> <span class='ocrx_word' id='word_1_379' title='bbox 629 4003 672 4059; x_wconf 90' lang='lat' dir='ltr'><strong>tui</strong></span> <span class='ocrx_word' id='word_1_380' title='bbox 691 4002 720 4058; x_wconf 89' lang='lat' dir='ltr'><strong>in</strong></span> <span class='ocrx_word' id='word_1_381' title='bbox 741 4000 956 4058; x_wconf 90' lang='lat' dir='ltr'><strong>Normanniam</strong></span> <span class='ocrx_word' id='word_1_382' title='bbox 973 4010 1130 4069; x_wconf 90' lang='lat' dir='ltr'><strong>venerunt,</strong></span> <span class='ocrx_word' id='word_1_383' title='bbox 1142 4000 1312 4074; x_wconf 89' lang='lat' dir='ltr'><strong>episcopos,</strong></span> <span class='ocrx_word' id='word_1_384' title='bbox 1325 4003 1460 4071; x_wconf 88' lang='lat' dir='ltr'><strong>abbates,</strong></span> 
     </span>
     <span class='ocr_line' id='line_1_43' title="bbox 308 4087 1460 4164; baseline -0.003 -15"><span class='ocrx_word' id='word_1_385' title='bbox 308 4091 505 4164; x_wconf 89' lang='lat' dir='ltr'><strong>eiusdemque</strong></span> <span class='ocrx_word' id='word_1_386' title='bbox 522 4089 617 4162; x_wconf 89' lang='lat' dir='ltr'><strong>patrie</strong></span> <span class='ocrx_word' id='word_1_387' title='bbox 635 4088 751 4146; x_wconf 92' lang='lat' dir='ltr'><strong>nobiles</strong></span> <span class='ocrx_word' id='word_1_388' title='bbox 771 4088 814 4159; x_wconf 91' lang='lat' dir='ltr'><strong>(in</strong></span> <span class='ocrx_word' id='word_1_389' title='bbox 832 4088 957 4161; x_wconf 82' lang='lat' dir='ltr'><strong>vnum)⁸</strong></span> <span class='ocrx_word' id='word_1_390' title='bbox 976 4089 1137 4146; x_wconf 89' lang='lat' dir='ltr'><strong>conuenire</strong></span> <span class='ocrx_word' id='word_1_391' title='bbox 1156 4087 1300 4158; x_wconf 86' lang='lat' dir='ltr'><strong>lecerunt,</strong></span> <span class='ocrx_word' id='word_1_392' title='bbox 1319 4096 1411 4162; x_wconf 92' lang='lat' dir='ltr'><strong>atque</strong></span> <span class='ocrx_word' id='word_1_393' title='bbox 1428 4089 1460 4147; x_wconf 93' lang='lat' dir='ltr'><strong>in</strong></span> 
     </span>
     <span class='ocr_line' id='line_1_44' title="bbox 308 4176 1460 4252; baseline -0.003 -15"><span class='ocrx_word' id='word_1_394' title='bbox 308 4196 413 4238; x_wconf 90' lang='lat' dir='ltr'><strong>eorum</strong></span> <span class='ocrx_word' id='word_1_395' title='bbox 432 4177 592 4252; x_wconf 81' lang='lat' dir='ltr'><strong>presentia,</strong></span> <span class='ocrx_word' id='word_1_396' title='bbox 605 4185 636 4234; x_wconf 88' lang='lat' dir='ltr'><strong>vt</strong></span> <span class='ocrx_word' id='word_1_397' title='bbox 655 4177 896 4234; x_wconf 89' lang='lat' dir='ltr'><strong>cantuariensem</strong></span> <span class='ocrx_word' id='word_1_398' title='bbox 909 4177 1067 4234; x_wconf 90' lang='lat' dir='ltr'><strong>ecclesiam</strong></span> <span class='ocrx_word' id='word_1_399' title='bbox 1083 4176 1247 4250; x_wconf 85' lang='lat' dir='ltr'><strong>regendam</strong></span> <span class='ocrx_word' id='word_1_400' title='bbox 1261 4176 1460 4250; x_wconf 89' lang='lat' dir='ltr'><strong>susciperem,</strong></span> 
     </span>
    </p>
   </div>
   <div class='ocr_carea' id='block_1_3' title="bbox 309 4297 1459 4416">
    <p class='ocr_par' dir='ltr' id='par_1_3' title="bbox 309 4297 1459 4416">
     <span class='ocr_line' id='line_1_45' title="bbox 342 4297 1459 4366; baseline 0.001 -15"><span class='ocrx_word' id='word_1_401' title='bbox 342 4301 454 4351; x_wconf 83' lang='lat' dir='ltr'><strong>¹mnin</strong></span> <span class='ocrx_word' id='word_1_402' title='bbox 467 4299 496 4352; x_wconf 86' lang='lat' dir='ltr'><strong>E.</strong></span> <span class='ocrx_word' id='word_1_403' title='bbox 563 4297 616 4350; x_wconf 75' lang='lat' dir='ltr'><strong>&#39;al</strong></span> <span class='ocrx_word' id='word_1_404' title='bbox 629 4299 714 4350; x_wconf 83' lang='lat' dir='ltr'><strong>etiam.</strong></span> <span class='ocrx_word' id='word_1_405' title='bbox 781 4298 853 4352; x_wconf 80' lang='lat' dir='ltr'><strong>³vit</strong></span> <span class='ocrx_word' id='word_1_406' title='bbox 866 4299 971 4364; x_wconf 85' lang='lat' dir='ltr'><strong>nuptiis.</strong></span> <span class='ocrx_word' id='word_1_407' title='bbox 1022 4298 1193 4352; x_wconf 78' lang='lat' dir='ltr'><strong>⁴T.E.enim·</strong></span> <span class='ocrx_word' id='word_1_408' title='bbox 1259 4297 1459 4366; x_wconf 59' lang='lat' dir='ltr'><strong>‘nuperae</strong></span> 
     </span>
     <span class='ocr_line' id='line_1_46' title="bbox 309 4363 594 4416; baseline 0 0"><span class='ocrx_word' id='word_1_409' title='bbox 309 4363 594 4416; x_wconf 77' lang='lat' dir='ltr'><strong>⁸invuumom.inT.</strong></span> 
     </span>
    </p>
   </div>
   <div class='ocr_carea' id='block_1_4' title="bbox 0 0 1541 4904">
    <p class='ocr_par' dir='ltr' id='par_1_4' title="bbox 0 0 1541 4904">
     <span class='ocr_line' id='line_1_47' title="bbox 0 0 1541 4904; baseline 0 0"><span class='ocrx_word' id='word_1_410' title='bbox 0 0 1541 4904; x_wconf 95' lang='lat' dir='ltr'><strong> </strong></span> 
     </span>
    </p>
   </div>
  </div>
 </body>
</html>
