<?xml version="1.0" encoding="UTF-8"?>
<!DOCTYPE html PUBLIC "-//W3C//DTD XHTML 1.0 Transitional//EN"
    "http://www.w3.org/TR/xhtml1/DTD/xhtml1-transitional.dtd">
<html xmlns="http://www.w3.org/1999/xhtml" xml:lang="en" lang="en">
 <head>
  <title>
</title>
<meta http-equiv="Content-Type" content="text/html;charset=utf-8" />
  <meta name='ocr-system' content='tesseract 3.04.00' />
  <meta name='ocr-capabilities' content='ocr_page ocr_carea ocr_par ocr_line ocrx_word'/>
</head>
<body>
  <div class='ocr_page' id='page_1' title='image "./novalegendaangl00wordgoog/novalegendaangl00wordgoog_0582.png"; bbox 0 0 3046 4902; ppageno 0'>
   <div class='ocr_carea' id='block_1_1' title="bbox 114 272 1263 378">
    <p class='ocr_par' dir='ltr' id='par_1_1' title="bbox 114 272 1263 378">
     <span class='ocr_line' id='line_1_1' title="bbox 114 272 1263 378; baseline 0.017 -27"><span class='ocrx_word' id='word_1_1' title='bbox 114 291 257 342; x_wconf 68' lang='lat' dir='ltr'><strong>nsua</strong></span> <span class='ocrx_word' id='word_1_2' title='bbox 271 291 339 358; x_wconf 69' lang='lat' dir='ltr'><strong>au</strong></span> <span class='ocrx_word' id='word_1_3' title='bbox 386 272 941 376; x_wconf 55' lang='lat' dir='ltr'><strong>numerusnumerous</strong></span> <span class='ocrx_word' id='word_1_4' title='bbox 958 281 1148 378; x_wconf 68' lang='lat' dir='ltr'><strong>mature.</strong></span> <span class='ocrx_word' id='word_1_5' title='bbox 1193 297 1263 372; x_wconf 84' lang='lat'><strong>573</strong></span> 
     </span>
    </p>
   </div>
   <div class='ocr_carea' id='block_1_2' title="bbox 112 475 1312 2129">
    <p class='ocr_par' dir='ltr' id='par_1_2' title="bbox 112 475 1312 2129">
     <span class='ocr_line' id='line_1_2' title="bbox 113 475 1266 548; baseline 0.003 -19"><span class='ocrx_word' id='word_1_6' title='bbox 113 475 213 545; x_wconf 89' lang='lat' dir='ltr'><strong>pulcre</strong></span> <span class='ocrx_word' id='word_1_7' title='bbox 235 475 438 532; x_wconf 88' lang='lat' dir='ltr'><strong>ostenduntur!</strong></span> <span class='ocrx_word' id='word_1_8' title='bbox 476 477 572 532; x_wconf 84' lang='lat' dir='ltr'>Nolite</span> <span class='ocrx_word' id='word_1_9' title='bbox 596 493 671 546; x_wconf 85' lang='lat' dir='ltr'><strong>ergo,</strong></span> <span class='ocrx_word' id='word_1_10' title='bbox 695 477 795 532; x_wconf 83' lang='lat' dir='ltr'><strong>fratres</strong></span> <span class='ocrx_word' id='word_1_11' title='bbox 816 477 870 533; x_wconf 90' lang='lat' dir='ltr'><strong>mei</strong></span> <span class='ocrx_word' id='word_1_12' title='bbox 891 476 1074 545; x_wconf 82' lang='lat' dir='ltr'><strong>dilectissimi,</strong></span> <span class='ocrx_word' id='word_1_13' title='bbox 1094 495 1194 548; x_wconf 85' lang='lat' dir='ltr'>pacem</span> <span class='ocrx_word' id='word_1_14' title='bbox 1218 477 1266 533; x_wconf 92' lang='lat' dir='ltr'><strong>hic</strong></span> 
     </span>
     <span class='ocr_line' id='line_1_3' title="bbox 113 560 1265 632; baseline 0.003 -19"><span class='ocrx_word' id='word_1_15' title='bbox 113 575 234 629; x_wconf 81' lang='lat' dir='ltr'>querere</span> <span class='ocrx_word' id='word_1_16' title='bbox 258 577 322 614; x_wconf 90' lang='lat' dir='ltr'><strong>cum</strong></span> <span class='ocrx_word' id='word_1_17' title='bbox 346 561 459 628; x_wconf 90' lang='lat' dir='ltr'><strong>mundo,</strong></span> <span class='ocrx_word' id='word_1_18' title='bbox 485 570 514 616; x_wconf 91' lang='lat' dir='ltr'><strong>vt</strong></span> <span class='ocrx_word' id='word_1_19' title='bbox 538 560 692 616; x_wconf 85' lang='lat' dir='ltr'><strong>maximam</strong></span> <span class='ocrx_word' id='word_1_20' title='bbox 716 560 773 616; x_wconf 90' lang='lat' dir='ltr'><strong>illic</strong></span> <span class='ocrx_word' id='word_1_21' title='bbox 797 571 824 616; x_wconf 92' lang='lat' dir='ltr'><strong>et</strong></span> <span class='ocrx_word' id='word_1_22' title='bbox 846 561 970 632; x_wconf 87' lang='lat' dir='ltr'><strong>quietam</strong></span> <span class='ocrx_word' id='word_1_23' title='bbox 991 560 1218 632; x_wconf 86' lang='lat' dir='ltr'><strong>tranquillitatem</strong></span> <span class='ocrx_word' id='word_1_24' title='bbox 1237 571 1265 616; x_wconf 91' lang='lat' dir='ltr'><strong>et</strong></span> 
     </span>
     <span class='ocr_line' id='line_1_4' title="bbox 112 641 1266 715; baseline 0.003 -20"><span class='ocrx_word' id='word_1_25' title='bbox 112 641 309 712; x_wconf 78' lang='lat' dir='ltr'><strong>quietudinem</strong></span> <span class='ocrx_word' id='word_1_26' title='bbox 321 643 539 715; x_wconf 86' lang='lat' dir='ltr'><strong>tranquillimam</strong></span> <span class='ocrx_word' id='word_1_27' title='bbox 554 643 585 712; x_wconf 80' lang='lat' dir='ltr'><strong>(l)</strong></span> <span class='ocrx_word' id='word_1_28' title='bbox 597 644 702 698; x_wconf 88' lang='lat' dir='ltr'><strong>habere</strong></span> <span class='ocrx_word' id='word_1_29' title='bbox 714 644 876 699; x_wconf 86' lang='lat' dir='ltr'><strong>mereamini</strong></span> <span class='ocrx_word' id='word_1_30' title='bbox 889 644 918 698; x_wconf 90' lang='lat' dir='ltr'><strong>in</strong></span> <span class='ocrx_word' id='word_1_31' title='bbox 931 646 1001 712; x_wconf 89' lang='lat' dir='ltr'><strong>celo,</strong></span> <span class='ocrx_word' id='word_1_32' title='bbox 1016 645 1064 700; x_wconf 91' lang='lat' dir='ltr'><strong>vbi</strong></span> <span class='ocrx_word' id='word_1_33' title='bbox 1082 661 1193 698; x_wconf 90' lang='lat' dir='ltr'><strong>summa</strong></span> <span class='ocrx_word' id='word_1_34' title='bbox 1211 661 1266 714; x_wconf 89' lang='lat' dir='ltr'><strong>pax</strong></span> 
     </span>
     <span class='ocr_line' id='line_1_5' title="bbox 112 726 1266 799; baseline 0 -19"><span class='ocrx_word' id='word_1_35' title='bbox 112 734 160 780; x_wconf 87' lang='lat' dir='ltr'><strong>est</strong></span> <span class='ocrx_word' id='word_1_36' title='bbox 172 735 199 780; x_wconf 93' lang='lat' dir='ltr'><strong>et</strong></span> <span class='ocrx_word' id='word_1_37' title='bbox 213 743 323 781; x_wconf 90' lang='lat' dir='ltr'><strong>summa</strong></span> <span class='ocrx_word' id='word_1_38' title='bbox 335 726 518 799; x_wconf 83' lang='lat' dir='ltr'><strong>tranquillitas</strong></span> <span class='ocrx_word' id='word_1_39' title='bbox 531 737 558 781; x_wconf 89' lang='lat' dir='ltr'><strong>et</strong></span> <span class='ocrx_word' id='word_1_40' title='bbox 578 727 728 798; x_wconf 89' lang='lat' dir='ltr'><strong>tranquilla</strong></span> <span class='ocrx_word' id='word_1_41' title='bbox 747 727 910 783; x_wconf 66' lang='lat' dir='ltr'><strong>summitas!</strong></span> <span class='ocrx_word' id='word_1_42' title='bbox 951 727 1016 782; x_wconf 86' lang='lat' dir='ltr'><strong>Hiis</strong></span> <span class='ocrx_word' id='word_1_43' title='bbox 1035 727 1155 798; x_wconf 87' lang='lat' dir='ltr'><strong>denique</strong></span> <span class='ocrx_word' id='word_1_44' title='bbox 1172 726 1266 794; x_wconf 92' lang='lat' dir='ltr'><strong>dictis,</strong></span> 
     </span>
     <span class='ocr_line' id='line_1_6' title="bbox 115 807 1294 881; baseline 0.003 -18"><span class='ocrx_word' id='word_1_45' title='bbox 115 808 205 864; x_wconf 85' lang='lat' dir='ltr'><strong>sacris</strong></span> <span class='ocrx_word' id='word_1_46' title='bbox 225 807 348 864; x_wconf 85' lang='lat' dir='ltr'><strong>induitur</strong></span> <span class='ocrx_word' id='word_1_47' title='bbox 370 811 503 878; x_wconf 89' lang='lat' dir='ltr'><strong>vestibus,</strong></span> <span class='ocrx_word' id='word_1_48' title='bbox 525 827 589 865; x_wconf 90' lang='lat' dir='ltr'><strong>cum</strong></span> <span class='ocrx_word' id='word_1_49' title='bbox 609 809 711 881; x_wconf 90' lang='lat' dir='ltr'><strong>quibus</strong></span> <span class='ocrx_word' id='word_1_50' title='bbox 735 811 850 865; x_wconf 88' lang='lat' dir='ltr'><strong>missam</strong></span> <span class='ocrx_word' id='word_1_51' title='bbox 875 811 1034 866; x_wconf 87' lang='lat' dir='ltr'><strong>celebraret.</strong></span> <span class='ocrx_word' id='word_1_52' title='bbox 1080 813 1294 867; x_wconf 72' lang='lat' dir='ltr'><strong>sacrosanctai</strong></span> 
     </span>
     <span class='ocr_line' id='line_1_7' title="bbox 115 890 1265 965; baseline 0.001 -18"><span class='ocrx_word' id='word_1_53' title='bbox 115 890 220 947; x_wconf 88' lang='lat' dir='ltr'><strong>deinde</strong></span> <span class='ocrx_word' id='word_1_54' title='bbox 239 892 326 948; x_wconf 87' lang='lat' dir='ltr'><strong>missa</strong></span> <span class='ocrx_word' id='word_1_55' title='bbox 344 892 464 963; x_wconf 89' lang='lat' dir='ltr'><strong>expleta,</strong></span> <span class='ocrx_word' id='word_1_56' title='bbox 475 893 647 949; x_wconf 88' lang='lat' dir='ltr'><strong>sacrosancti</strong></span> <span class='ocrx_word' id='word_1_57' title='bbox 665 893 798 948; x_wconf 90' lang='lat' dir='ltr'><strong>dominici</strong></span> <span class='ocrx_word' id='word_1_58' title='bbox 815 893 939 965; x_wconf 88' lang='lat' dir='ltr'><strong>corporis</strong></span> <span class='ocrx_word' id='word_1_59' title='bbox 958 893 1059 948; x_wconf 90' lang='lat' dir='ltr'><strong>mistici</strong></span> <span class='ocrx_word' id='word_1_60' title='bbox 1075 904 1104 949; x_wconf 90' lang='lat' dir='ltr'><strong>et</strong></span> <span class='ocrx_word' id='word_1_61' title='bbox 1120 893 1265 963; x_wconf 87' lang='lat' dir='ltr'><strong>sanguinis</strong></span> 
     </span>
     <span class='ocr_line' id='line_1_8' title="bbox 115 974 1265 1046; baseline 0.003 -18"><span class='ocrx_word' id='word_1_62' title='bbox 115 974 256 1044; x_wconf 86' lang='lat' dir='ltr'><strong>assumpti</strong></span> <span class='ocrx_word' id='word_1_63' title='bbox 275 976 428 1031; x_wconf 83' lang='lat' dir='ltr'><strong>refeccione</strong></span> <span class='ocrx_word' id='word_1_64' title='bbox 446 986 601 1046; x_wconf 84' lang='lat' dir='ltr'><strong>vegetatus,</strong></span> <span class='ocrx_word' id='word_1_65' title='bbox 615 985 694 1031; x_wconf 86' lang='lat' dir='ltr'><strong>stans</strong></span> <span class='ocrx_word' id='word_1_66' title='bbox 709 986 775 1031; x_wconf 91' lang='lat' dir='ltr'><strong>ante</strong></span> <span class='ocrx_word' id='word_1_67' title='bbox 789 976 878 1032; x_wconf 89' lang='lat' dir='ltr'><strong>altare</strong></span> <span class='ocrx_word' id='word_1_68' title='bbox 893 977 1093 1032; x_wconf 86' lang='lat' dir='ltr'><strong>honorabiliter</strong></span> <span class='ocrx_word' id='word_1_69' title='bbox 1110 976 1182 1031; x_wconf 91' lang='lat' dir='ltr'><strong>inter</strong></span> <span class='ocrx_word' id='word_1_70' title='bbox 1194 977 1265 1032; x_wconf 91' lang='lat' dir='ltr'><strong>duos</strong></span> 
     </span>
     <span class='ocr_line' id='line_1_9' title="bbox 114 1058 1265 1130; baseline 0.003 -19"><span class='ocrx_word' id='word_1_71' title='bbox 114 1060 272 1114; x_wconf 88' lang='lat' dir='ltr'><strong>monachos</strong></span> <span class='ocrx_word' id='word_1_72' title='bbox 295 1069 468 1114; x_wconf 89' lang='lat' dir='ltr'><strong>sustentatus</strong></span> <span class='ocrx_word' id='word_1_73' title='bbox 500 1059 566 1114; x_wconf 92' lang='lat' dir='ltr'><strong>binc</strong></span> <span class='ocrx_word' id='word_1_74' title='bbox 596 1069 681 1130; x_wconf 90' lang='lat' dir='ltr'><strong>atque</strong></span> <span class='ocrx_word' id='word_1_75' title='bbox 711 1060 787 1126; x_wconf 92' lang='lat' dir='ltr'><strong>hinc,</strong></span> <span class='ocrx_word' id='word_1_76' title='bbox 812 1077 868 1115; x_wconf 92' lang='lat' dir='ltr'><strong>vna</strong></span> <span class='ocrx_word' id='word_1_77' title='bbox 898 1077 963 1114; x_wconf 88' lang='lat' dir='ltr'><strong>cum</strong></span> <span class='ocrx_word' id='word_1_78' title='bbox 986 1059 1117 1114; x_wconf 78' lang='lat' dir='ltr'><strong>iratribus</strong></span> <span class='ocrx_word' id='word_1_79' title='bbox 1142 1058 1265 1129; x_wconf 88' lang='lat' dir='ltr'><strong>psallens</strong></span> 
     </span>
     <span class='ocr_line' id='line_1_10' title="bbox 113 1139 1265 1210; baseline 0.003 -16"><span class='ocrx_word' id='word_1_80' title='bbox 113 1140 251 1209; x_wconf 86' lang='lat' dir='ltr'><strong>angelicis</strong></span> <span class='ocrx_word' id='word_1_81' title='bbox 270 1140 362 1196; x_wconf 88' lang='lat' dir='ltr'><strong>choris</strong></span> <span class='ocrx_word' id='word_1_82' title='bbox 381 1142 550 1210; x_wconf 89' lang='lat' dir='ltr'><strong>astantibus,</strong></span> <span class='ocrx_word' id='word_1_83' title='bbox 562 1142 694 1197; x_wconf 89' lang='lat' dir='ltr'><strong>comitem</strong></span> <span class='ocrx_word' id='word_1_84' title='bbox 711 1142 917 1197; x_wconf 88' lang='lat' dir='ltr'><strong>sanctissimam</strong></span> <span class='ocrx_word' id='word_1_85' title='bbox 931 1143 985 1197; x_wconf 90' lang='lat' dir='ltr'><strong>deo</strong></span> <span class='ocrx_word' id='word_1_86' title='bbox 1002 1151 1030 1197; x_wconf 88' lang='lat' dir='ltr'><strong>et</strong></span> <span class='ocrx_word' id='word_1_87' title='bbox 1047 1142 1163 1198; x_wconf 88' lang='lat' dir='ltr'><strong>domino</strong></span> <span class='ocrx_word' id='word_1_88' title='bbox 1181 1139 1265 1197; x_wconf 91' lang='lat' dir='ltr'><strong>Ihesu</strong></span> 
     </span>
     <span class='ocr_line' id='line_1_11' title="bbox 116 1223 1312 1296; baseline -0.004 -17"><span class='ocrx_word' id='word_1_89' title='bbox 116 1223 231 1279; x_wconf 83' lang='lat' dir='ltr'><strong>Christo</strong></span> <span class='ocrx_word' id='word_1_90' title='bbox 255 1223 377 1280; x_wconf 87' lang='lat' dir='ltr'><strong>reddidit</strong></span> <span class='ocrx_word' id='word_1_91' title='bbox 399 1225 533 1293; x_wconf 89' lang='lat' dir='ltr'><strong>animam,</strong></span> <span class='ocrx_word' id='word_1_92' title='bbox 555 1242 640 1296; x_wconf 89' lang='lat' dir='ltr'><strong>quam</strong></span> <span class='ocrx_word' id='word_1_93' title='bbox 662 1241 680 1279; x_wconf 90' lang='lat' dir='ltr'><strong>a</strong></span> <span class='ocrx_word' id='word_1_94' title='bbox 697 1225 854 1296; x_wconf 89' lang='lat' dir='ltr'><strong>pollucione</strong></span> <span class='ocrx_word' id='word_1_95' title='bbox 874 1224 978 1279; x_wconf 88' lang='lat' dir='ltr'><strong>carnali</strong></span> <span class='ocrx_word' id='word_1_96' title='bbox 998 1225 1144 1293; x_wconf 90' lang='lat' dir='ltr'><strong>mundam,</strong></span> <span class='ocrx_word' id='word_1_97' title='bbox 1164 1235 1222 1280; x_wconf 91' lang='lat' dir='ltr'><strong>tarn</strong></span> <span class='ocrx_word' id='word_1_98' title='bbox 1247 1243 1265 1280; x_wconf 89' lang='lat' dir='ltr'><strong>a</strong></span> <span class='ocrx_word' id='word_1_99' title='bbox 1281 1239 1312 1275; x_wconf 84' lang='lat' dir='ltr'><strong>ro</strong></span> 
     </span>
     <span class='ocr_line' id='line_1_12' title="bbox 114 1307 1265 1378; baseline 0.001 -17"><span class='ocrx_word' id='word_1_100' title='bbox 114 1307 255 1377; x_wconf 84' lang='lat' dir='ltr'><strong>corporali</strong></span> <span class='ocrx_word' id='word_1_101' title='bbox 272 1307 429 1377; x_wconf 80' lang='lat' dir='ltr'><strong>egritudine</strong></span> <span class='ocrx_word' id='word_1_102' title='bbox 449 1309 592 1363; x_wconf 87' lang='lat' dir='ltr'><strong>intactam.</strong></span> <span class='ocrx_word' id='word_1_103' title='bbox 630 1310 751 1363; x_wconf 90' lang='lat' dir='ltr'><strong>Sanctus</strong></span> <span class='ocrx_word' id='word_1_104' title='bbox 766 1326 834 1378; x_wconf 87' lang='lat' dir='ltr'><strong>ergo</strong></span> <span class='ocrx_word' id='word_1_105' title='bbox 845 1309 1033 1364; x_wconf 85' lang='lat' dir='ltr'><strong>Winwaloeus</strong></span> <span class='ocrx_word' id='word_1_106' title='bbox 1051 1325 1136 1364; x_wconf 87' lang='lat' dir='ltr'><strong>senex</strong></span> <span class='ocrx_word' id='word_1_107' title='bbox 1148 1324 1265 1364; x_wconf 89' lang='lat' dir='ltr'><strong>venera·</strong></span> 
     </span>
     <span class='ocr_line' id='line_1_13' title="bbox 114 1389 1266 1462; baseline 0 -17"><span class='ocrx_word' id='word_1_108' title='bbox 114 1389 189 1458; x_wconf 89' lang='lat' dir='ltr'><strong>bilis,</strong></span> <span class='ocrx_word' id='word_1_109' title='bbox 198 1391 337 1462; x_wconf 90' lang='lat' dir='ltr'><strong>dompnus</strong></span> <span class='ocrx_word' id='word_1_110' title='bbox 349 1402 378 1446; x_wconf 94' lang='lat' dir='ltr'><strong>et</strong></span> <span class='ocrx_word' id='word_1_111' title='bbox 389 1391 507 1447; x_wconf 88' lang='lat' dir='ltr'><strong>eximius</strong></span> <span class='ocrx_word' id='word_1_112' title='bbox 520 1392 722 1446; x_wconf 90' lang='lat' dir='ltr'><strong>monachorum</strong></span> <span class='ocrx_word' id='word_1_113' title='bbox 736 1402 825 1462; x_wconf 89' lang='lat' dir='ltr'><strong>pater,</strong></span> <span class='ocrx_word' id='word_1_114' title='bbox 834 1393 933 1462; x_wconf 89' lang='lat' dir='ltr'><strong>plenus</strong></span> <span class='ocrx_word' id='word_1_115' title='bbox 946 1391 1055 1447; x_wconf 89' lang='lat' dir='ltr'><strong>dierum</strong></span> <span class='ocrx_word' id='word_1_116' title='bbox 1068 1390 1108 1446; x_wconf 89' lang='lat' dir='ltr'><strong>ita</strong></span> <span class='ocrx_word' id='word_1_117' title='bbox 1116 1401 1146 1446; x_wconf 91' lang='lat' dir='ltr'><strong>vt</strong></span> <span class='ocrx_word' id='word_1_118' title='bbox 1160 1391 1266 1446; x_wconf 89' lang='lat' dir='ltr'><strong>dictum</strong></span> 
     </span>
     <span class='ocr_line' id='line_1_14' title="bbox 114 1474 1265 1547; baseline -0.001 -18"><span class='ocrx_word' id='word_1_119' title='bbox 114 1483 168 1543; x_wconf 90' lang='lat' dir='ltr'><strong>est,</strong></span> <span class='ocrx_word' id='word_1_120' title='bbox 178 1474 276 1546; x_wconf 92' lang='lat' dir='ltr'><strong>quinto</strong></span> <span class='ocrx_word' id='word_1_121' title='bbox 286 1492 376 1530; x_wconf 90' lang='lat' dir='ltr'><strong>nonas</strong></span> <span class='ocrx_word' id='word_1_122' title='bbox 390 1474 518 1541; x_wconf 88' lang='lat' dir='ltr'><strong>Martias,</strong></span> <span class='ocrx_word' id='word_1_123' title='bbox 528 1483 628 1546; x_wconf 87' lang='lat' dir='ltr'><strong>quarta</strong></span> <span class='ocrx_word' id='word_1_124' title='bbox 640 1474 708 1530; x_wconf 80' lang='lat' dir='ltr'><strong>feria</strong></span> <span class='ocrx_word' id='word_1_125' title='bbox 721 1474 749 1530; x_wconf 91' lang='lat' dir='ltr'><strong>in</strong></span> <span class='ocrx_word' id='word_1_126' title='bbox 762 1475 853 1544; x_wconf 90' lang='lat' dir='ltr'><strong>prima</strong></span> <span class='ocrx_word' id='word_1_127' title='bbox 870 1475 1085 1547; x_wconf 83' lang='lat' dir='ltr'><strong>quadragesime</strong></span> <span class='ocrx_word' id='word_1_128' title='bbox 1095 1475 1265 1542; x_wconf 87' lang='lat' dir='ltr'><strong>ebdomada,</strong></span> 
     </span>
     <span class='ocr_line' id='line_1_15' title="bbox 115 1557 1265 1629; baseline -0.002 -16"><span class='ocrx_word' id='word_1_129' title='bbox 115 1557 226 1626; x_wconf 86' lang='lat' dir='ltr'><strong>integer</strong></span> <span class='ocrx_word' id='word_1_130' title='bbox 246 1569 275 1614; x_wconf 90' lang='lat' dir='ltr'><strong>et</strong></span> <span class='ocrx_word' id='word_1_131' title='bbox 294 1575 411 1629; x_wconf 89' lang='lat' dir='ltr'><strong>corpore</strong></span> <span class='ocrx_word' id='word_1_132' title='bbox 429 1568 458 1614; x_wconf 92' lang='lat' dir='ltr'><strong>et</strong></span> <span class='ocrx_word' id='word_1_133' title='bbox 478 1568 572 1613; x_wconf 89' lang='lat' dir='ltr'><strong>mente</strong></span> <span class='ocrx_word' id='word_1_134' title='bbox 597 1557 676 1626; x_wconf 92' lang='lat' dir='ltr'><strong>obiit,</strong></span> <span class='ocrx_word' id='word_1_135' title='bbox 695 1558 802 1629; x_wconf 87' lang='lat' dir='ltr'><strong>absque</strong></span> <span class='ocrx_word' id='word_1_136' title='bbox 826 1559 883 1613; x_wconf 91' lang='lat' dir='ltr'><strong>vllo</strong></span> <span class='ocrx_word' id='word_1_137' title='bbox 904 1559 1093 1614; x_wconf 91' lang='lat' dir='ltr'><strong>membrorum</strong></span> <span class='ocrx_word' id='word_1_138' title='bbox 1115 1557 1265 1612; x_wconf 89' lang='lat' dir='ltr'><strong>solucionis</strong></span> 
     </span>
     <span class='ocr_line' id='line_1_16' title="bbox 115 1639 1310 1715; baseline 0.003 -20"><span class='ocrx_word' id='word_1_139' title='bbox 115 1639 223 1709; x_wconf 90' lang='lat' dir='ltr'><strong>dolore,</strong></span> <span class='ocrx_word' id='word_1_140' title='bbox 236 1641 342 1712; x_wconf 91' lang='lat' dir='ltr'><strong>quippe</strong></span> <span class='ocrx_word' id='word_1_141' title='bbox 355 1641 421 1712; x_wconf 90' lang='lat' dir='ltr'><strong>quia</strong></span> <span class='ocrx_word' id='word_1_142' title='bbox 432 1659 464 1696; x_wconf 92' lang='lat' dir='ltr'><strong>se</strong></span> <span class='ocrx_word' id='word_1_143' title='bbox 477 1641 553 1712; x_wconf 88' lang='lat' dir='ltr'><strong>prius</strong></span> <span class='ocrx_word' id='word_1_144' title='bbox 566 1641 704 1696; x_wconf 89' lang='lat' dir='ltr'><strong>iudicarat</strong></span> <span class='ocrx_word' id='word_1_145' title='bbox 715 1641 884 1710; x_wconf 81' lang='lat' dir='ltr'><strong>grauissIma</strong></span> <span class='ocrx_word' id='word_1_146' title='bbox 897 1641 1116 1708; x_wconf 81' lang='lat' dir='ltr'><strong>examinacione,</strong></span> <span class='ocrx_word' id='word_1_147' title='bbox 1124 1650 1154 1695; x_wconf 86' lang='lat' dir='ltr'><strong>vt</strong></span> <span class='ocrx_word' id='word_1_148' title='bbox 1167 1640 1264 1695; x_wconf 87' lang='lat' dir='ltr'><strong>iterum</strong></span> <span class='ocrx_word' id='word_1_149' title='bbox 1281 1662 1310 1715; x_wconf 80' lang='lat'><strong>¹⁵</strong></span> 
     </span>
     <span class='ocr_line' id='line_1_17' title="bbox 116 1722 1265 1794; baseline 0.001 -17"><span class='ocrx_word' id='word_1_150' title='bbox 116 1739 182 1778; x_wconf 91' lang='lat' dir='ltr'><strong>cum</strong></span> <span class='ocrx_word' id='word_1_151' title='bbox 191 1724 246 1778; x_wconf 88' lang='lat' dir='ltr'><strong>boc</strong></span> <span class='ocrx_word' id='word_1_152' title='bbox 256 1725 362 1780; x_wconf 91' lang='lat' dir='ltr'><strong>mundo</strong></span> <span class='ocrx_word' id='word_1_153' title='bbox 371 1741 428 1779; x_wconf 90' lang='lat' dir='ltr'><strong>non</strong></span> <span class='ocrx_word' id='word_1_154' title='bbox 438 1724 614 1792; x_wconf 89' lang='lat' dir='ltr'><strong>iudicaretur,</strong></span> <span class='ocrx_word' id='word_1_155' title='bbox 624 1724 696 1779; x_wconf 90' lang='lat' dir='ltr'><strong>sicut</strong></span> <span class='ocrx_word' id='word_1_156' title='bbox 706 1723 746 1780; x_wconf 89' lang='lat' dir='ltr'><strong>ait</strong></span> <span class='ocrx_word' id='word_1_157' title='bbox 754 1725 912 1794; x_wconf 90' lang='lat' dir='ltr'><strong>apostolus:</strong></span> <span class='ocrx_word' id='word_1_158' title='bbox 933 1724 1033 1794; x_wconf 82' lang='lat' dir='ltr'><strong>‘Quod</strong></span> <span class='ocrx_word' id='word_1_159' title='bbox 1043 1723 1067 1779; x_wconf 90' lang='lat' dir='ltr'><strong>si</strong></span> <span class='ocrx_word' id='word_1_160' title='bbox 1077 1722 1265 1792; x_wconf 89' lang='lat' dir='ltr'><strong>nosmetipsos</strong></span> 
     </span>
     <span class='ocr_line' id='line_1_18' title="bbox 115 1804 1265 1878; baseline -0.001 -18"><span class='ocrx_word' id='word_1_161' title='bbox 115 1805 313 1874; x_wconf 83' lang='lat' dir='ltr'><strong>indicaremus,</strong></span> <span class='ocrx_word' id='word_1_162' title='bbox 326 1825 384 1863; x_wconf 90' lang='lat' dir='ltr'><strong>non</strong></span> <span class='ocrx_word' id='word_1_163' title='bbox 396 1808 491 1878; x_wconf 86' lang='lat' dir='ltr'><strong>vtique</strong></span> <span class='ocrx_word' id='word_1_164' title='bbox 504 1807 706 1863; x_wconf 80' lang='lat' dir='ltr'><strong>iudicaremur.¹</strong></span> <span class='ocrx_word' id='word_1_165' title='bbox 745 1810 859 1863; x_wconf 88' lang='lat' dir='ltr'><strong>Fratres</strong></span> <span class='ocrx_word' id='word_1_166' title='bbox 871 1824 938 1863; x_wconf 88' lang='lat' dir='ltr'><strong>vero</strong></span> <span class='ocrx_word' id='word_1_167' title='bbox 953 1808 1106 1862; x_wconf 89' lang='lat' dir='ltr'><strong>honorilice</strong></span> <span class='ocrx_word' id='word_1_168' title='bbox 1122 1804 1265 1862; x_wconf 87' lang='lat' dir='ltr'><strong>sanctissi-</strong></span> 
     </span>
     <span class='ocr_line' id='line_1_19' title="bbox 113 1886 1266 1961; baseline -0.003 -16"><span class='ocrx_word' id='word_1_169' title='bbox 113 1907 194 1945; x_wconf 91' lang='lat' dir='ltr'><strong>mum</strong></span> <span class='ocrx_word' id='word_1_170' title='bbox 204 1907 305 1961; x_wconf 90' lang='lat' dir='ltr'><strong>corpus</strong></span> <span class='ocrx_word' id='word_1_171' title='bbox 314 1909 378 1946; x_wconf 90' lang='lat' dir='ltr'><strong>cum</strong></span> <span class='ocrx_word' id='word_1_172' title='bbox 391 1907 501 1947; x_wconf 88' lang='lat' dir='ltr'><strong>summa</strong></span> <span class='ocrx_word' id='word_1_173' title='bbox 513 1890 674 1946; x_wconf 89' lang='lat' dir='ltr'><strong>reuerencia</strong></span> <span class='ocrx_word' id='word_1_174' title='bbox 687 1891 854 1960; x_wconf 89' lang='lat' dir='ltr'><strong>sepelierunt</strong></span> <span class='ocrx_word' id='word_1_175' title='bbox 866 1907 930 1945; x_wconf 91' lang='lat' dir='ltr'><strong>cum</strong></span> <span class='ocrx_word' id='word_1_176' title='bbox 942 1890 1056 1960; x_wconf 89' lang='lat' dir='ltr'><strong>ympnis</strong></span> <span class='ocrx_word' id='word_1_177' title='bbox 1068 1901 1096 1945; x_wconf 87' lang='lat' dir='ltr'><strong>et</strong></span> <span class='ocrx_word' id='word_1_178' title='bbox 1109 1886 1266 1960; x_wconf 76' lang='lat' dir='ltr'><strong>oenti[bu]s</strong></span> 
     </span>
     <span class='ocr_line' id='line_1_20' title="bbox 115 1970 1266 2044; baseline -0.002 -16"><span class='ocrx_word' id='word_1_179' title='bbox 115 1973 312 2044; x_wconf 85' lang='lat' dir='ltr'><strong>spiritualibus,</strong></span> <span class='ocrx_word' id='word_1_180' title='bbox 329 1985 444 2044; x_wconf 87' lang='lat' dir='ltr'><strong>agentes</strong></span> <span class='ocrx_word' id='word_1_181' title='bbox 458 1974 570 2044; x_wconf 87' lang='lat' dir='ltr'><strong>gracias</strong></span> <span class='ocrx_word' id='word_1_182' title='bbox 588 1975 642 2029; x_wconf 93' lang='lat' dir='ltr'><strong>deo</strong></span> <span class='ocrx_word' id='word_1_183' title='bbox 660 1973 774 2030; x_wconf 91' lang='lat' dir='ltr'><strong>domino</strong></span> <span class='ocrx_word' id='word_1_184' title='bbox 790 1983 886 2029; x_wconf 87' lang='lat' dir='ltr'><strong>nostro</strong></span> <span class='ocrx_word' id='word_1_185' title='bbox 905 1973 989 2028; x_wconf 90' lang='lat' dir='ltr'><strong>lhesu</strong></span> <span class='ocrx_word' id='word_1_186' title='bbox 1003 1973 1124 2042; x_wconf 85' lang='lat' dir='ltr'><strong>Christo,</strong></span> <span class='ocrx_word' id='word_1_187' title='bbox 1137 1970 1184 2043; x_wconf 92' lang='lat' dir='ltr'><strong>qui</strong></span> <span class='ocrx_word' id='word_1_188' title='bbox 1202 1989 1266 2026; x_wconf 91' lang='lat' dir='ltr'><strong>cum</strong></span> 
     </span>
     <span class='ocr_line' id='line_1_21' title="bbox 114 2056 1266 2129; baseline 0 -19"><span class='ocrx_word' id='word_1_189' title='bbox 114 2067 196 2129; x_wconf 86' lang='lat' dir='ltr'><strong>patre</strong></span> <span class='ocrx_word' id='word_1_190' title='bbox 209 2067 237 2113; x_wconf 88' lang='lat' dir='ltr'><strong>et</strong></span> <span class='ocrx_word' id='word_1_191' title='bbox 249 2057 347 2129; x_wconf 87' lang='lat' dir='ltr'><strong>spiritu</strong></span> <span class='ocrx_word' id='word_1_192' title='bbox 360 2067 459 2114; x_wconf 88' lang='lat' dir='ltr'><strong>sancto</strong></span> <span class='ocrx_word' id='word_1_193' title='bbox 467 2057 536 2113; x_wconf 87' lang='lat' dir='ltr'><strong>vluit</strong></span> <span class='ocrx_word' id='word_1_194' title='bbox 548 2067 576 2114; x_wconf 88' lang='lat' dir='ltr'><strong>et</strong></span> <span class='ocrx_word' id='word_1_195' title='bbox 590 2068 690 2129; x_wconf 86' lang='lat' dir='ltr'><strong>regnat</strong></span> <span class='ocrx_word' id='word_1_196' title='bbox 703 2076 753 2129; x_wconf 88' lang='lat' dir='ltr'><strong>per</strong></span> <span class='ocrx_word' id='word_1_197' title='bbox 765 2056 861 2112; x_wconf 87' lang='lat' dir='ltr'><strong>omnia</strong></span> <span class='ocrx_word' id='word_1_198' title='bbox 873 2056 967 2112; x_wconf 90' lang='lat' dir='ltr'><strong>secula</strong></span> <span class='ocrx_word' id='word_1_199' title='bbox 980 2057 1145 2112; x_wconf 88' lang='lat' dir='ltr'><strong>seculorum.</strong></span> <span class='ocrx_word' id='word_1_200' title='bbox 1165 2057 1266 2111; x_wconf 83' lang='lat' dir='ltr'><strong>Amen.</strong></span> 
     </span>
    </p>
   </div>
   <div class='ocr_carea' id='block_1_3' title="bbox 114 2226 1019 2304">
    <p class='ocr_par' dir='ltr' id='par_1_3' title="bbox 114 2226 1019 2304">
     <span class='ocr_line' id='line_1_22' title="bbox 114 2226 1019 2304; baseline -0.002 -17"><span class='ocrx_word' id='word_1_201' title='bbox 114 2249 142 2304; x_wconf 91' lang='lat' dir='ltr'><strong>p.</strong></span> <span class='ocrx_word' id='word_1_202' title='bbox 155 2227 229 2301; x_wconf 69' lang='lat'><strong>623]</strong></span> <span class='ocrx_word' id='word_1_203' title='bbox 370 2245 396 2299; x_wconf 79' lang='grc'><strong>4,</strong></span> <span class='ocrx_word' id='word_1_204' title='bbox 417 2229 579 2286; x_wconf 82' lang='lat' dir='ltr'><strong>DeSancto</strong></span> <span class='ocrx_word' id='word_1_205' title='bbox 591 2226 1019 2302; x_wconf 80' lang='lat' dir='ltr'><strong>Edmundoregeetmartr&#39;re¹.</strong></span> 
     </span>
    </p>
   </div>
   <div class='ocr_carea' id='block_1_4' title="bbox 161 2345 1312 2434">
    <p class='ocr_par' dir='ltr' id='par_1_4' title="bbox 161 2345 1312 2434">
     <span class='ocr_line' id='line_1_23' title="bbox 161 2345 1312 2434; baseline -0.003 -32"><span class='ocrx_word' id='word_1_206' title='bbox 161 2349 245 2403; x_wconf 89' lang='lat' dir='ltr'><strong>Bulla</strong></span> <span class='ocrx_word' id='word_1_207' title='bbox 257 2349 293 2403; x_wconf 91' lang='lat' dir='ltr'><strong>de</strong></span> <span class='ocrx_word' id='word_1_208' title='bbox 305 2348 378 2404; x_wconf 79' lang='lat' dir='ltr'><strong>sesto</strong></span> <span class='ocrx_word' id='word_1_209' title='bbox 390 2349 480 2404; x_wconf 89' lang='lat' dir='ltr'><strong>sancti</strong></span> <span class='ocrx_word' id='word_1_210' title='bbox 492 2347 637 2404; x_wconf 89' lang='lat' dir='ltr'><strong>Edmundi</strong></span> <span class='ocrx_word' id='word_1_211' title='bbox 650 2346 842 2419; x_wconf 88' lang='lat' dir='ltr'><strong>sollempniter</strong></span> <span class='ocrx_word' id='word_1_212' title='bbox 854 2347 890 2403; x_wconf 91' lang='lat' dir='ltr'><strong>ab</strong></span> <span class='ocrx_word' id='word_1_213' title='bbox 902 2345 1039 2402; x_wconf 88' lang='lat' dir='ltr'><strong>vniuersis</strong></span> <span class='ocrx_word' id='word_1_214' title='bbox 1051 2345 1228 2402; x_wconf 85' lang='lat' dir='ltr'><strong>celebrando.</strong></span> <span class='ocrx_word' id='word_1_215' title='bbox 1279 2397 1312 2434; x_wconf 48' lang='grc' dir='ltr'><strong>,Ο</strong></span> 
     </span>
    </p>
   </div>
   <div class='ocr_carea' id='block_1_5' title="bbox 114 2461 1312 4110">
    <p class='ocr_par' dir='ltr' id='par_1_5' title="bbox 114 2461 1312 4110">
     <span class='ocr_line' id='line_1_24' title="bbox 122 2461 1265 2591; baseline -0.002 -72"><span class='ocrx_word' id='word_1_216' title='bbox 122 2465 339 2591; x_wconf 79' lang='lat' dir='ltr'><strong>INnocencius</strong></span> <span class='ocrx_word' id='word_1_217' title='bbox 364 2471 463 2530; x_wconf 78' lang='lat' dir='ltr'><strong>.111J.²¹⁸</strong></span> <span class='ocrx_word' id='word_1_218' title='bbox 486 2466 636 2536; x_wconf 84' lang='lat' dir='ltr'><strong>episcopus</strong></span> <span class='ocrx_word' id='word_1_219' title='bbox 666 2481 764 2520; x_wconf 87' lang='lat' dir='ltr'><strong>seruus</strong></span> <span class='ocrx_word' id='word_1_220' title='bbox 801 2481 945 2520; x_wconf 88' lang='lat' dir='ltr'><strong>seruorum</strong></span> <span class='ocrx_word' id='word_1_221' title='bbox 981 2463 1026 2519; x_wconf 89' lang='lat' dir='ltr'><strong>dei</strong></span> <span class='ocrx_word' id='word_1_222' title='bbox 1057 2461 1265 2518; x_wconf 87' lang='lat' dir='ltr'><strong>venerabilibus</strong></span> 
     </span>
     <span class='ocr_line' id='line_1_25' title="bbox 199 2546 1265 2618; baseline -0.002 -16"><span class='ocrx_word' id='word_1_223' title='bbox 199 2548 330 2603; x_wconf 82' lang='lat' dir='ltr'><strong>iratribus</strong></span> <span class='ocrx_word' id='word_1_224' title='bbox 360 2547 578 2618; x_wconf 88' lang='lat' dir='ltr'><strong>archiepiscopis</strong></span> <span class='ocrx_word' id='word_1_225' title='bbox 607 2556 635 2603; x_wconf 91' lang='lat' dir='ltr'><strong>et</strong></span> <span class='ocrx_word' id='word_1_226' title='bbox 659 2547 799 2618; x_wconf 90' lang='lat' dir='ltr'><strong>episcopis</strong></span> <span class='ocrx_word' id='word_1_227' title='bbox 821 2565 855 2603; x_wconf 93' lang='lat' dir='ltr'><strong>ac</strong></span> <span class='ocrx_word' id='word_1_228' title='bbox 875 2547 983 2603; x_wconf 88' lang='lat' dir='ltr'><strong>dilectis</strong></span> <span class='ocrx_word' id='word_1_229' title='bbox 1012 2546 1075 2604; x_wconf 84' lang='lat' dir='ltr'><strong>filiis</strong></span> <span class='ocrx_word' id='word_1_230' title='bbox 1106 2546 1265 2613; x_wconf 87' lang='lat' dir='ltr'><strong>abbatibus,</strong></span> 
     </span>
     <span class='ocr_line' id='line_1_26' title="bbox 114 2627 1265 2702; baseline -0.003 -17"><span class='ocrx_word' id='word_1_231' title='bbox 114 2629 262 2702; x_wconf 86' lang='lat' dir='ltr'><strong>prioribus,</strong></span> <span class='ocrx_word' id='word_1_232' title='bbox 271 2631 394 2699; x_wconf 87' lang='lat' dir='ltr'><strong>decanis,</strong></span> <span class='ocrx_word' id='word_1_233' title='bbox 405 2630 618 2700; x_wconf 89' lang='lat' dir='ltr'><strong>archidiaconis,</strong></span> <span class='ocrx_word' id='word_1_234' title='bbox 629 2630 747 2702; x_wconf 88' lang='lat' dir='ltr'><strong>aliisque</strong></span> <span class='ocrx_word' id='word_1_235' title='bbox 759 2630 873 2701; x_wconf 91' lang='lat' dir='ltr'><strong>prelatis</strong></span> <span class='ocrx_word' id='word_1_236' title='bbox 884 2631 1065 2686; x_wconf 89' lang='lat' dir='ltr'><strong>ecclesiarum</strong></span> <span class='ocrx_word' id='word_1_237' title='bbox 1075 2638 1103 2685; x_wconf 91' lang='lat' dir='ltr'><strong>et</strong></span> <span class='ocrx_word' id='word_1_238' title='bbox 1116 2628 1223 2684; x_wconf 87' lang='lat' dir='ltr'><strong>clericis</strong></span> <span class='ocrx_word' id='word_1_239' title='bbox 1236 2627 1265 2682; x_wconf 88' lang='lat' dir='ltr'><strong>in</strong></span> 
     </span>
     <span class='ocr_line' id='line_1_27' title="bbox 115 2711 1265 2786; baseline -0.002 -19"><span class='ocrx_word' id='word_1_240' title='bbox 115 2731 203 2783; x_wconf 87' lang='lat' dir='ltr'><strong>regno</strong></span> <span class='ocrx_word' id='word_1_241' title='bbox 215 2713 318 2784; x_wconf 87' lang='lat' dir='ltr'><strong>Anglie</strong></span> <span class='ocrx_word' id='word_1_242' title='bbox 330 2713 488 2770; x_wconf 87' lang='lat' dir='ltr'><strong>constitutis</strong></span> <span class='ocrx_word' id='word_1_243' title='bbox 502 2714 621 2770; x_wconf 90' lang='lat' dir='ltr'><strong>salutem</strong></span> <span class='ocrx_word' id='word_1_244' title='bbox 639 2724 667 2769; x_wconf 91' lang='lat' dir='ltr'><strong>et</strong></span> <span class='ocrx_word' id='word_1_245' title='bbox 686 2715 870 2786; x_wconf 88' lang='lat' dir='ltr'><strong>apostolicam</strong></span> <span class='ocrx_word' id='word_1_246' title='bbox 882 2713 1117 2769; x_wconf 87' lang='lat' dir='ltr'><strong>benedictionem.</strong></span> <span class='ocrx_word' id='word_1_247' title='bbox 1153 2711 1265 2780; x_wconf 91' lang='lat' dir='ltr'><strong>Religio</strong></span> 
     </span>
     <span class='ocr_line' id='line_1_28' title="bbox 115 2794 1309 2867; baseline -0.002 -17"><span class='ocrx_word' id='word_1_248' title='bbox 115 2796 270 2851; x_wconf 80' lang='lat' dir='ltr'><strong>christiana</strong></span> <span class='ocrx_word' id='word_1_249' title='bbox 291 2814 345 2867; x_wconf 90' lang='lat' dir='ltr'><strong>que</strong></span> <span class='ocrx_word' id='word_1_250' title='bbox 362 2813 507 2867; x_wconf 87' lang='lat' dir='ltr'><strong>nunquam</strong></span> <span class='ocrx_word' id='word_1_251' title='bbox 525 2797 676 2852; x_wconf 88' lang='lat' dir='ltr'><strong>retribuere</strong></span> <span class='ocrx_word' id='word_1_252' title='bbox 694 2807 788 2867; x_wconf 87' lang='lat' dir='ltr'><strong>potest</strong></span> <span class='ocrx_word' id='word_1_253' title='bbox 806 2798 860 2852; x_wconf 91' lang='lat' dir='ltr'><strong>deo</strong></span> <span class='ocrx_word' id='word_1_254' title='bbox 878 2814 928 2867; x_wconf 91' lang='lat' dir='ltr'><strong>pro</strong></span> <span class='ocrx_word' id='word_1_255' title='bbox 947 2797 1000 2852; x_wconf 89' lang='lat' dir='ltr'><strong>biis</strong></span> <span class='ocrx_word' id='word_1_256' title='bbox 1018 2813 1073 2867; x_wconf 90' lang='lat' dir='ltr'><strong>que</strong></span> <span class='ocrx_word' id='word_1_257' title='bbox 1091 2794 1187 2850; x_wconf 89' lang='lat' dir='ltr'><strong>tribuit</strong></span> <span class='ocrx_word' id='word_1_258' title='bbox 1205 2794 1265 2865; x_wconf 90' lang='lat' dir='ltr'><strong>ipse</strong></span> <span class='ocrx_word' id='word_1_259' title='bbox 1280 2805 1309 2858; x_wconf 78' lang='lat'><strong>²5</strong></span> 
     </span>
     <span class='ocr_line' id='line_1_29' title="bbox 115 2876 1267 2950; baseline -0.003 -17"><span class='ocrx_word' id='word_1_260' title='bbox 115 2878 179 2946; x_wconf 91' lang='lat' dir='ltr'><strong>sibi,</strong></span> <span class='ocrx_word' id='word_1_261' title='bbox 192 2879 332 2934; x_wconf 90' lang='lat' dir='ltr'><strong>maiestati</strong></span> <span class='ocrx_word' id='word_1_262' title='bbox 348 2879 442 2934; x_wconf 89' lang='lat' dir='ltr'><strong>diuine</strong></span> <span class='ocrx_word' id='word_1_263' title='bbox 457 2888 567 2949; x_wconf 86' lang='lat' dir='ltr'><strong>gratum</strong></span> <span class='ocrx_word' id='word_1_264' title='bbox 586 2889 691 2950; x_wconf 89' lang='lat' dir='ltr'><strong>prestat</strong></span> <span class='ocrx_word' id='word_1_265' title='bbox 709 2880 874 2950; x_wconf 88' lang='lat' dir='ltr'><strong>obsequium</strong></span> <span class='ocrx_word' id='word_1_266' title='bbox 886 2880 1001 2950; x_wconf 87' lang='lat' dir='ltr'><strong>quando</strong></span> <span class='ocrx_word' id='word_1_267' title='bbox 1013 2895 1064 2949; x_wconf 91' lang='lat' dir='ltr'><strong>pro</strong></span> <span class='ocrx_word' id='word_1_268' title='bbox 1077 2877 1165 2948; x_wconf 88' lang='lat' dir='ltr'><strong>ipsius</strong></span> <span class='ocrx_word' id='word_1_269' title='bbox 1177 2876 1267 2946; x_wconf 87' lang='lat' dir='ltr'><strong>gloria</strong></span> 
     </span>
     <span class='ocr_line' id='line_1_30' title="bbox 114 2958 1265 3033; baseline -0.004 -16"><span class='ocrx_word' id='word_1_270' title='bbox 114 2970 144 3017; x_wconf 90' lang='lat' dir='ltr'><strong>et</strong></span> <span class='ocrx_word' id='word_1_271' title='bbox 161 2961 266 3017; x_wconf 86' lang='lat' dir='ltr'><strong>honore</strong></span> <span class='ocrx_word' id='word_1_272' title='bbox 285 2963 330 3032; x_wconf 89' lang='lat' dir='ltr'><strong>pie</strong></span> <span class='ocrx_word' id='word_1_273' title='bbox 346 2962 507 3018; x_wconf 89' lang='lat' dir='ltr'><strong>deuocionis</strong></span> <span class='ocrx_word' id='word_1_274' title='bbox 526 2962 629 3017; x_wconf 85' lang='lat' dir='ltr'><strong>affectu</strong></span> <span class='ocrx_word' id='word_1_275' title='bbox 646 2973 775 3033; x_wconf 87' lang='lat' dir='ltr'><strong>procurat</strong></span> <span class='ocrx_word' id='word_1_276' title='bbox 788 2979 884 3018; x_wconf 91' lang='lat' dir='ltr'><strong>eorum</strong></span> <span class='ocrx_word' id='word_1_277' title='bbox 897 2961 1023 3016; x_wconf 89' lang='lat' dir='ltr'><strong>venerari</strong></span> <span class='ocrx_word' id='word_1_278' title='bbox 1036 2959 1201 3016; x_wconf 89' lang='lat' dir='ltr'><strong>memoriam</strong></span> <span class='ocrx_word' id='word_1_279' title='bbox 1218 2958 1265 3029; x_wconf 92' lang='lat' dir='ltr'><strong>qui</strong></span> 
     </span>
     <span class='ocr_line' id='line_1_31' title="bbox 115 3041 1265 3116; baseline -0.003 -16"><span class='ocrx_word' id='word_1_280' title='bbox 115 3061 237 3116; x_wconf 86' lang='lat' dir='ltr'><strong>superno</strong></span> <span class='ocrx_word' id='word_1_281' title='bbox 257 3055 418 3100; x_wconf 88' lang='lat' dir='ltr'><strong>meruerunt</strong></span> <span class='ocrx_word' id='word_1_282' title='bbox 435 3061 550 3100; x_wconf 88' lang='lat' dir='ltr'><strong>munere</strong></span> <span class='ocrx_word' id='word_1_283' title='bbox 569 3044 668 3100; x_wconf 81' lang='lat' dir='ltr'><strong>sociari</strong></span> <span class='ocrx_word' id='word_1_284' title='bbox 690 3045 798 3100; x_wconf 89' lang='lat' dir='ltr'><strong>cetibus</strong></span> <span class='ocrx_word' id='word_1_285' title='bbox 819 3045 974 3113; x_wconf 88' lang='lat' dir='ltr'><strong>beatorum,</strong></span> <span class='ocrx_word' id='word_1_286' title='bbox 993 3060 1056 3098; x_wconf 92' lang='lat' dir='ltr'><strong>cum</strong></span> <span class='ocrx_word' id='word_1_287' title='bbox 1078 3042 1139 3112; x_wconf 88' lang='lat' dir='ltr'><strong>ipsa</strong></span> <span class='ocrx_word' id='word_1_288' title='bbox 1155 3041 1265 3111; x_wconf 86' lang='lat' dir='ltr'><strong>veritas,</strong></span> 
     </span>
     <span class='ocr_line' id='line_1_32' title="bbox 114 3124 1265 3200; baseline -0.004 -18"><span class='ocrx_word' id='word_1_289' title='bbox 114 3143 171 3200; x_wconf 89' lang='lat' dir='ltr'><strong>que</strong></span> <span class='ocrx_word' id='word_1_290' title='bbox 189 3137 232 3183; x_wconf 90' lang='lat' dir='ltr'><strong>est</strong></span> <span class='ocrx_word' id='word_1_291' title='bbox 246 3128 323 3197; x_wconf 88' lang='lat' dir='ltr'><strong>deus,</strong></span> <span class='ocrx_word' id='word_1_292' title='bbox 336 3129 411 3198; x_wconf 91' lang='lat' dir='ltr'><strong>quod</strong></span> <span class='ocrx_word' id='word_1_293' title='bbox 423 3127 470 3182; x_wconf 90' lang='lat' dir='ltr'><strong>vni</strong></span> <span class='ocrx_word' id='word_1_294' title='bbox 484 3144 519 3182; x_wconf 88' lang='lat' dir='ltr'><strong>ex</strong></span> <span class='ocrx_word' id='word_1_295' title='bbox 537 3127 661 3183; x_wconf 88' lang='lat' dir='ltr'><strong>minimis</strong></span> <span class='ocrx_word' id='word_1_296' title='bbox 679 3127 737 3182; x_wconf 88' lang='lat' dir='ltr'><strong>suis</strong></span> <span class='ocrx_word' id='word_1_297' title='bbox 756 3128 787 3181; x_wconf 91' lang='lat' dir='ltr'><strong>fit</strong></span> <span class='ocrx_word' id='word_1_298' title='bbox 805 3126 858 3182; x_wconf 92' lang='lat' dir='ltr'><strong>sibi</strong></span> <span class='ocrx_word' id='word_1_299' title='bbox 877 3126 945 3192; x_wconf 85' lang='lat' dir='ltr'><strong>fieri,</strong></span> <span class='ocrx_word' id='word_1_300' title='bbox 959 3135 987 3180; x_wconf 90' lang='lat' dir='ltr'><strong>et</strong></span> <span class='ocrx_word' id='word_1_301' title='bbox 1005 3126 1034 3180; x_wconf 92' lang='lat' dir='ltr'><strong>in</strong></span> <span class='ocrx_word' id='word_1_302' title='bbox 1053 3125 1140 3180; x_wconf 88' lang='lat' dir='ltr'><strong>seruis</strong></span> <span class='ocrx_word' id='word_1_303' title='bbox 1158 3124 1215 3178; x_wconf 90' lang='lat' dir='ltr'><strong>suis</strong></span> <span class='ocrx_word' id='word_1_304' title='bbox 1235 3139 1265 3178; x_wconf 92' lang='lat' dir='ltr'><strong>se</strong></span> 
     </span>
     <span class='ocr_line' id='line_1_33' title="bbox 115 3206 1312 3282; baseline -0.005 -18"><span class='ocrx_word' id='word_1_305' title='bbox 115 3210 260 3282; x_wconf 85' lang='lat' dir='ltr'><strong>perhibeat</strong></span> <span class='ocrx_word' id='word_1_306' title='bbox 272 3211 409 3266; x_wconf 89' lang='lat' dir='ltr'><strong>honorari.</strong></span> <span class='ocrx_word' id='word_1_307' title='bbox 440 3213 515 3266; x_wconf 88' lang='lat' dir='ltr'><strong>Sane</strong></span> <span class='ocrx_word' id='word_1_308' title='bbox 528 3210 592 3266; x_wconf 89' lang='lat' dir='ltr'><strong>licet</strong></span> <span class='ocrx_word' id='word_1_309' title='bbox 605 3211 679 3266; x_wconf 87' lang='lat' dir='ltr'><strong>beati</strong></span> <span class='ocrx_word' id='word_1_310' title='bbox 693 3209 837 3265; x_wconf 91' lang='lat' dir='ltr'><strong>Edmundi</strong></span> <span class='ocrx_word' id='word_1_311' title='bbox 851 3209 924 3278; x_wconf 88' lang='lat' dir='ltr'><strong>regis</strong></span> <span class='ocrx_word' id='word_1_312' title='bbox 936 3210 1091 3278; x_wconf 89' lang='lat' dir='ltr'><strong>Angiorum</strong></span> <span class='ocrx_word' id='word_1_313' title='bbox 1103 3217 1131 3262; x_wconf 90' lang='lat' dir='ltr'><strong>et</strong></span> <span class='ocrx_word' id='word_1_314' title='bbox 1144 3206 1265 3262; x_wconf 90' lang='lat' dir='ltr'><strong>martiris</strong></span> <span class='ocrx_word' id='word_1_315' title='bbox 1279 3222 1312 3272; x_wconf 79' lang='lat'><strong>30</strong></span> 
     </span>
     <span class='ocr_line' id='line_1_34' title="bbox 115 3288 1265 3364; baseline -0.003 -16"><span class='ocrx_word' id='word_1_316' title='bbox 115 3293 211 3349; x_wconf 88' lang='lat' dir='ltr'><strong>inclita</strong></span> <span class='ocrx_word' id='word_1_317' title='bbox 223 3292 345 3364; x_wconf 77' lang='lat' dir='ltr'><strong>felixque</strong></span> <span class='ocrx_word' id='word_1_318' title='bbox 359 3293 502 3362; x_wconf 89' lang='lat' dir='ltr'><strong>memoria,</strong></span> <span class='ocrx_word' id='word_1_319' title='bbox 514 3295 683 3349; x_wconf 89' lang='lat' dir='ltr'><strong>excellencia</strong></span> <span class='ocrx_word' id='word_1_320' title='bbox 698 3293 774 3363; x_wconf 89' lang='lat' dir='ltr'><strong>regie</strong></span> <span class='ocrx_word' id='word_1_321' title='bbox 789 3291 934 3362; x_wconf 87' lang='lat' dir='ltr'><strong>dignitatis</strong></span> <span class='ocrx_word' id='word_1_322' title='bbox 949 3301 977 3348; x_wconf 86' lang='lat' dir='ltr'><strong>et</strong></span> <span class='ocrx_word' id='word_1_323' title='bbox 992 3288 1116 3346; x_wconf 89' lang='lat' dir='ltr'><strong>martirio</strong></span> <span class='ocrx_word' id='word_1_324' title='bbox 1134 3289 1265 3360; x_wconf 89' lang='lat' dir='ltr'><strong>gloriosa,</strong></span> 
     </span>
     <span class='ocr_line' id='line_1_35' title="bbox 114 3372 1264 3448; baseline -0.004 -16"><span class='ocrx_word' id='word_1_325' title='bbox 114 3377 201 3447; x_wconf 87' lang='lat' dir='ltr'><strong>digne</strong></span> <span class='ocrx_word' id='word_1_326' title='bbox 211 3376 245 3432; x_wconf 90' lang='lat' dir='ltr'><strong>sit</strong></span> <span class='ocrx_word' id='word_1_327' title='bbox 253 3377 355 3448; x_wconf 89' lang='lat' dir='ltr'><strong>vbique</strong></span> <span class='ocrx_word' id='word_1_328' title='bbox 367 3386 502 3431; x_wconf 89' lang='lat' dir='ltr'><strong>terrarum</strong></span> <span class='ocrx_word' id='word_1_329' title='bbox 515 3377 609 3448; x_wconf 90' lang='lat' dir='ltr'><strong>populi</strong></span> <span class='ocrx_word' id='word_1_330' title='bbox 623 3376 765 3432; x_wconf 89' lang='lat' dir='ltr'><strong>christiani</strong></span> <span class='ocrx_word' id='word_1_331' title='bbox 778 3375 879 3430; x_wconf 87' lang='lat' dir='ltr'><strong>celebri</strong></span> <span class='ocrx_word' id='word_1_332' title='bbox 887 3374 1072 3431; x_wconf 87' lang='lat' dir='ltr'><strong>veneracione</strong></span> <span class='ocrx_word' id='word_1_333' title='bbox 1084 3373 1218 3429; x_wconf 89' lang='lat' dir='ltr'><strong>colenda:</strong></span> <span class='ocrx_word' id='word_1_334' title='bbox 1235 3372 1264 3427; x_wconf 90' lang='lat' dir='ltr'><strong>in</strong></span> 
     </span>
     <span class='ocr_line' id='line_1_36' title="bbox 114 3456 1266 3528; baseline -0.003 -14"><span class='ocrx_word' id='word_1_335' title='bbox 114 3459 217 3528; x_wconf 87' lang='lat' dir='ltr'><strong>Anglie</strong></span> <span class='ocrx_word' id='word_1_336' title='bbox 230 3467 323 3514; x_wconf 90' lang='lat' dir='ltr'><strong>tamen</strong></span> <span class='ocrx_word' id='word_1_337' title='bbox 336 3475 424 3528; x_wconf 89' lang='lat' dir='ltr'><strong>regno</strong></span> <span class='ocrx_word' id='word_1_338' title='bbox 442 3459 625 3515; x_wconf 87' lang='lat' dir='ltr'><strong>reuerenciori</strong></span> <span class='ocrx_word' id='word_1_339' title='bbox 642 3459 696 3514; x_wconf 90' lang='lat' dir='ltr'><strong>coli</strong></span> <span class='ocrx_word' id='word_1_340' title='bbox 714 3460 798 3514; x_wconf 92' lang='lat' dir='ltr'><strong>debet</strong></span> <span class='ocrx_word' id='word_1_341' title='bbox 816 3458 959 3528; x_wconf 90' lang='lat' dir='ltr'><strong>obsequio,</strong></span> <span class='ocrx_word' id='word_1_342' title='bbox 973 3457 1020 3513; x_wconf 92' lang='lat' dir='ltr'><strong>ubi</strong></span> <span class='ocrx_word' id='word_1_343' title='bbox 1033 3475 1080 3512; x_wconf 91' lang='lat' dir='ltr'><strong>rex</strong></span> <span class='ocrx_word' id='word_1_344' title='bbox 1094 3456 1154 3527; x_wconf 90' lang='lat' dir='ltr'><strong>ipse</strong></span> <span class='ocrx_word' id='word_1_345' title='bbox 1167 3458 1266 3511; x_wconf 89' lang='lat' dir='ltr'><strong>beatus</strong></span> 
     </span>
     <span class='ocr_line' id='line_1_37' title="bbox 114 3539 1265 3612; baseline -0.002 -16"><span class='ocrx_word' id='word_1_346' title='bbox 114 3540 238 3611; x_wconf 87' lang='lat' dir='ltr'><strong>regalem</strong></span> <span class='ocrx_word' id='word_1_347' title='bbox 247 3540 470 3611; x_wconf 88' lang='lat' dir='ltr'><strong>optinuitsedem</strong></span> <span class='ocrx_word' id='word_1_348' title='bbox 478 3551 506 3596; x_wconf 91' lang='lat' dir='ltr'><strong>et</strong></span> <span class='ocrx_word' id='word_1_349' title='bbox 514 3541 805 3612; x_wconf 85' lang='lat' dir='ltr'><strong>adeptusesttandem</strong></span> <span class='ocrx_word' id='word_1_350' title='bbox 813 3540 929 3596; x_wconf 84' lang='lat' dir='ltr'><strong>martirii</strong></span> <span class='ocrx_word' id='word_1_351' title='bbox 938 3539 1113 3610; x_wconf 89' lang='lat' dir='ltr'><strong>dignitatem.</strong></span> <span class='ocrx_word' id='word_1_352' title='bbox 1141 3540 1265 3609; x_wconf 90' lang='lat' dir='ltr'><strong>Ideoque</strong></span> 
     </span>
     <span class='ocr_line' id='line_1_38' title="bbox 115 3622 1310 3694; baseline 0.002 -16"><span class='ocrx_word' id='word_1_353' title='bbox 115 3623 325 3678; x_wconf 89' lang='lat' dir='ltr'><strong>vniuersitatem</strong></span> <span class='ocrx_word' id='word_1_354' title='bbox 337 3633 460 3679; x_wconf 88' lang='lat' dir='ltr'><strong>vestram</strong></span> <span class='ocrx_word' id='word_1_355' title='bbox 475 3641 607 3694; x_wconf 89' lang='lat' dir='ltr'><strong>rogamus</strong></span> <span class='ocrx_word' id='word_1_356' title='bbox 622 3633 650 3679; x_wconf 90' lang='lat' dir='ltr'><strong>et</strong></span> <span class='ocrx_word' id='word_1_357' title='bbox 665 3625 810 3679; x_wconf 89' lang='lat' dir='ltr'><strong>hortamur</strong></span> <span class='ocrx_word' id='word_1_358' title='bbox 825 3633 933 3679; x_wconf 87' lang='lat' dir='ltr'><strong>attente</strong></span> <span class='ocrx_word' id='word_1_359' title='bbox 951 3641 1001 3693; x_wconf 87' lang='lat' dir='ltr'><strong>per</strong></span> <span class='ocrx_word' id='word_1_360' title='bbox 1017 3622 1173 3693; x_wconf 90' lang='lat' dir='ltr'><strong>apostolica</strong></span> <span class='ocrx_word' id='word_1_361' title='bbox 1185 3622 1265 3677; x_wconf 91' lang='lat' dir='ltr'><strong>vobis</strong></span> <span class='ocrx_word' id='word_1_362' title='bbox 1279 3628 1310 3680; x_wconf 78' lang='lat'><strong>³5</strong></span> 
     </span>
     <span class='ocr_line' id='line_1_39' title="bbox 115 3705 1266 3779; baseline -0.002 -17"><span class='ocrx_word' id='word_1_363' title='bbox 115 3705 219 3777; x_wconf 86' lang='lat' dir='ltr'><strong>scripta</strong></span> <span class='ocrx_word' id='word_1_364' title='bbox 237 3707 412 3774; x_wconf 88' lang='lat' dir='ltr'><strong>mandantes,</strong></span> <span class='ocrx_word' id='word_1_365' title='bbox 424 3707 556 3779; x_wconf 89' lang='lat' dir='ltr'><strong>quatinus</strong></span> <span class='ocrx_word' id='word_1_366' title='bbox 575 3707 681 3761; x_wconf 90' lang='lat' dir='ltr'><strong>dictum</strong></span> <span class='ocrx_word' id='word_1_367' title='bbox 699 3708 790 3776; x_wconf 89' lang='lat' dir='ltr'><strong>gentis</strong></span> <span class='ocrx_word' id='word_1_368' title='bbox 809 3717 902 3762; x_wconf 87' lang='lat' dir='ltr'><strong>vestre</strong></span> <span class='ocrx_word' id='word_1_369' title='bbox 922 3723 1017 3776; x_wconf 88' lang='lat' dir='ltr'><strong>regem</strong></span> <span class='ocrx_word' id='word_1_370' title='bbox 1039 3715 1068 3760; x_wconf 91' lang='lat' dir='ltr'><strong>et</strong></span> <span class='ocrx_word' id='word_1_371' title='bbox 1086 3705 1229 3760; x_wconf 88' lang='lat' dir='ltr'><strong>martirem</strong></span> <span class='ocrx_word' id='word_1_372' title='bbox 1247 3721 1266 3760; x_wconf 87' lang='lat' dir='ltr'><strong>a</strong></span> 
     </span>
     <span class='ocr_line' id='line_1_40' title="bbox 114 3785 1265 3861; baseline -0.003 -16"><span class='ocrx_word' id='word_1_373' title='bbox 114 3789 230 3845; x_wconf 90' lang='lat' dir='ltr'><strong>domino</strong></span> <span class='ocrx_word' id='word_1_374' title='bbox 246 3789 325 3846; x_wconf 91' lang='lat' dir='ltr'><strong>vobis</strong></span> <span class='ocrx_word' id='word_1_375' title='bbox 341 3791 439 3845; x_wconf 90' lang='lat' dir='ltr'><strong>datum</strong></span> <span class='ocrx_word' id='word_1_376' title='bbox 458 3790 572 3861; x_wconf 90' lang='lat' dir='ltr'><strong>speciali</strong></span> <span class='ocrx_word' id='word_1_377' title='bbox 588 3789 743 3845; x_wconf 89' lang='lat' dir='ltr'><strong>deuocione</strong></span> <span class='ocrx_word' id='word_1_378' title='bbox 762 3789 885 3845; x_wconf 86' lang='lat' dir='ltr'><strong>colentes</strong></span> <span class='ocrx_word' id='word_1_379' title='bbox 903 3789 979 3844; x_wconf 88' lang='lat' dir='ltr'><strong>diem</strong></span> <span class='ocrx_word' id='word_1_380' title='bbox 998 3787 1158 3842; x_wconf 86' lang='lat' dir='ltr'><strong>sestiuitatis</strong></span> <span class='ocrx_word' id='word_1_381' title='bbox 1178 3785 1265 3857; x_wconf 87' lang='lat' dir='ltr'><strong>ipsius</strong></span> 
     </span>
     <span class='ocr_line' id='line_1_41' title="bbox 115 3869 1265 3942; baseline -0.003 -15"><span class='ocrx_word' id='word_1_382' title='bbox 115 3872 261 3928; x_wconf 90' lang='lat' dir='ltr'><strong>annuatim</strong></span> <span class='ocrx_word' id='word_1_383' title='bbox 281 3872 310 3927; x_wconf 90' lang='lat' dir='ltr'><strong>in</strong></span> <span class='ocrx_word' id='word_1_384' title='bbox 331 3872 457 3928; x_wconf 86' lang='lat' dir='ltr'><strong>ecclesiis</strong></span> <span class='ocrx_word' id='word_1_385' title='bbox 480 3871 580 3929; x_wconf 89' lang='lat' dir='ltr'><strong>vestris</strong></span> <span class='ocrx_word' id='word_1_386' title='bbox 600 3871 700 3942; x_wconf 89' lang='lat' dir='ltr'><strong>singuli</strong></span> <span class='ocrx_word' id='word_1_387' title='bbox 721 3872 876 3942; x_wconf 91' lang='lat' dir='ltr'><strong>procuretis</strong></span> <span class='ocrx_word' id='word_1_388' title='bbox 900 3870 1092 3940; x_wconf 88' lang='lat' dir='ltr'><strong>sollempniter</strong></span> <span class='ocrx_word' id='word_1_389' title='bbox 1115 3869 1265 3936; x_wconf 88' lang='lat' dir='ltr'><strong>celebrare,</strong></span> 
     </span>
     <span class='ocr_line' id='line_1_42' title="bbox 115 3951 1266 4026; baseline -0.005 -16"><span class='ocrx_word' id='word_1_390' title='bbox 115 3957 226 4011; x_wconf 88' lang='lat' dir='ltr'><strong>firmam</strong></span> <span class='ocrx_word' id='word_1_391' title='bbox 250 3973 329 4026; x_wconf 88' lang='lat' dir='ltr'><strong>spem</strong></span> <span class='ocrx_word' id='word_1_392' title='bbox 355 3954 541 4026; x_wconf 86' lang='lat' dir='ltr'><strong>fiduciamque</strong></span> <span class='ocrx_word' id='word_1_393' title='bbox 566 3955 690 4010; x_wconf 89' lang='lat' dir='ltr'><strong>tenendo</strong></span> <span class='ocrx_word' id='word_1_394' title='bbox 710 3953 787 4025; x_wconf 92' lang='lat' dir='ltr'><strong>quod</strong></span> <span class='ocrx_word' id='word_1_395' title='bbox 811 3954 835 4008; x_wconf 89' lang='lat' dir='ltr'><strong>si</strong></span> <span class='ocrx_word' id='word_1_396' title='bbox 859 3970 924 4009; x_wconf 91' lang='lat' dir='ltr'><strong>eum</strong></span> <span class='ocrx_word' id='word_1_397' title='bbox 949 3953 977 4007; x_wconf 93' lang='lat' dir='ltr'><strong>in</strong></span> <span class='ocrx_word' id='word_1_398' title='bbox 1002 3951 1083 4007; x_wconf 90' lang='lat' dir='ltr'><strong>terris</strong></span> <span class='ocrx_word' id='word_1_399' title='bbox 1108 3958 1266 4006; x_wconf 88' lang='lat' dir='ltr'><strong>reuerenter</strong></span> 
     </span>
     <span class='ocr_line' id='line_1_43' title="bbox 114 4032 1247 4110; baseline -0.005 -16"><span class='ocrx_word' id='word_1_400' title='bbox 114 4039 238 4096; x_wconf 90' lang='lat' dir='ltr'><strong>venerati</strong></span> <span class='ocrx_word' id='word_1_401' title='bbox 250 4038 366 4106; x_wconf 83' lang='lat' dir='ltr'><strong>fueritis,</strong></span> <span class='ocrx_word' id='word_1_402' title='bbox 379 4039 472 4110; x_wconf 89' lang='lat' dir='ltr'><strong>ipsum</strong></span> <span class='ocrx_word' id='word_1_403' title='bbox 485 4054 535 4108; x_wconf 92' lang='lat' dir='ltr'><strong>pro</strong></span> <span class='ocrx_word' id='word_1_404' title='bbox 547 4037 627 4093; x_wconf 90' lang='lat' dir='ltr'><strong>vobis</strong></span> <span class='ocrx_word' id='word_1_405' title='bbox 640 4038 810 4092; x_wconf 89' lang='lat' dir='ltr'><strong>aduocatum</strong></span> <span class='ocrx_word' id='word_1_406' title='bbox 823 4036 851 4091; x_wconf 93' lang='lat' dir='ltr'><strong>in</strong></span> <span class='ocrx_word' id='word_1_407' title='bbox 865 4035 933 4091; x_wconf 89' lang='lat' dir='ltr'><strong>celis</strong></span> <span class='ocrx_word' id='word_1_408' title='bbox 945 4034 1096 4090; x_wconf 86' lang='lat' dir='ltr'><strong>efficaciter</strong></span> <span class='ocrx_word' id='word_1_409' title='bbox 1108 4032 1247 4088; x_wconf 90' lang='lat' dir='ltr'><strong>sencietis.</strong></span> 
     </span>
    </p>
   </div>
   <div class='ocr_carea' id='block_1_6' title="bbox 114 4145 1265 4412">
    <p class='ocr_par' dir='ltr' id='par_1_6' title="bbox 114 4145 1265 4412">
     <span class='ocr_line' id='line_1_44' title="bbox 148 4145 1264 4210; baseline -0.007 -9"><span class='ocrx_word' id='word_1_410' title='bbox 148 4152 156 4182; x_wconf 93' lang='lat'>¹</span> <span class='ocrx_word' id='word_1_411' title='bbox 173 4152 237 4202; x_wconf 92' lang='lat' dir='ltr'><strong>Com</strong></span> <span class='ocrx_word' id='word_1_412' title='bbox 257 4151 307 4200; x_wconf 88' lang='lat' dir='ltr'><strong>iied</strong></span> <span class='ocrx_word' id='word_1_413' title='bbox 324 4151 386 4200; x_wconf 87' lang='lat' dir='ltr'><strong>t&#39;rom</strong></span> <span class='ocrx_word' id='word_1_414' title='bbox 399 4151 482 4210; x_wconf 79' lang='lat' dir='ltr'><strong>Abbo,</strong></span> <span class='ocrx_word' id='word_1_415' title='bbox 495 4148 623 4200; x_wconf 82' lang='lat' dir='ltr'><strong>Gaiiridus</strong></span> <span class='ocrx_word' id='word_1_416' title='bbox 638 4149 678 4200; x_wconf 91' lang='lat' dir='ltr'><strong>De</strong></span> <span class='ocrx_word' id='word_1_417' title='bbox 695 4147 802 4198; x_wconf 78' lang='lat' dir='ltr'><strong>infancia</strong></span> <span class='ocrx_word' id='word_1_418' title='bbox 813 4147 897 4208; x_wconf 90' lang='lat' dir='ltr'><strong>Edm.,</strong></span> <span class='ocrx_word' id='word_1_419' title='bbox 909 4147 951 4197; x_wconf 89' lang='lat' dir='ltr'><strong>the</strong></span> <span class='ocrx_word' id='word_1_420' title='bbox 963 4146 1085 4196; x_wconf 86' lang='lat' dir='ltr'><strong>Miracula</strong></span> <span class='ocrx_word' id='word_1_421' title='bbox 1096 4145 1129 4209; x_wconf 83' lang='lat' dir='ltr'><strong>by</strong></span> <span class='ocrx_word' id='word_1_422' title='bbox 1141 4145 1264 4194; x_wconf 87' lang='lat' dir='ltr'><strong>Herman-</strong></span> 
     </span>
     <span class='ocr_line' id='line_1_45' title="bbox 114 4169 1265 4281; baseline -0.011 -11"><span class='ocrx_word' id='word_1_423' title='bbox 114 4234 160 4270; x_wconf 83' lang='lat' dir='ltr'><strong>uus</strong></span> <span class='ocrx_word' id='word_1_424' title='bbox 171 4220 197 4267; x_wconf 89' lang='lat' dir='ltr'><strong>iu</strong></span> <span class='ocrx_word' id='word_1_425' title='bbox 209 4169 264 4268; x_wconf 57' lang='lat' dir='ltr'><strong>MS.</strong></span> <span class='ocrx_word' id='word_1_426' title='bbox 273 4217 330 4267; x_wconf 90' lang='lat' dir='ltr'><strong>Tib.</strong></span> <span class='ocrx_word' id='word_1_427' title='bbox 340 4217 393 4276; x_wconf 88' lang='lat' dir='ltr'><strong>Bii,</strong></span> <span class='ocrx_word' id='word_1_428' title='bbox 406 4217 477 4266; x_wconf 86' lang='lat' dir='ltr'><strong>those</strong></span> <span class='ocrx_word' id='word_1_429' title='bbox 488 4217 521 4281; x_wconf 84' lang='lat' dir='ltr'><strong>by</strong></span> <span class='ocrx_word' id='word_1_430' title='bbox 532 4215 621 4266; x_wconf 87' lang='lat' dir='ltr'><strong>Osbert</strong></span> <span class='ocrx_word' id='word_1_431' title='bbox 631 4217 658 4264; x_wconf 85' lang='lat' dir='ltr'><strong>io</strong></span> <span class='ocrx_word' id='word_1_432' title='bbox 670 4215 724 4264; x_wconf 90' lang='lat' dir='ltr'><strong>MS.</strong></span> <span class='ocrx_word' id='word_1_433' title='bbox 733 4215 784 4264; x_wconf 87' lang='lat' dir='ltr'><strong>Tit.</strong></span> <span class='ocrx_word' id='word_1_434' title='bbox 795 4215 820 4262; x_wconf 87' lang='lat' dir='ltr'>A</span> <span class='ocrx_word' id='word_1_435' title='bbox 829 4213 893 4262; x_wconf 91' lang='lat' dir='ltr'>VIII</span> <span class='ocrx_word' id='word_1_436' title='bbox 905 4212 948 4262; x_wconf 90' lang='lat' dir='ltr'><strong>lol.</strong></span> <span class='ocrx_word' id='word_1_437' title='bbox 961 4209 1071 4274; x_wconf 79' lang='lat'>126-145</span> <span class='ocrx_word' id='word_1_438' title='bbox 1081 4211 1189 4274; x_wconf 81' lang='lat' dir='ltr'><strong>(=Cap.</strong></span> <span class='ocrx_word' id='word_1_439' title='bbox 1199 4209 1265 4258; x_wconf 79' lang='lat'>8-20</span> 
     </span>
     <span class='ocr_line' id='line_1_46' title="bbox 115 4273 1265 4348; baseline -0.009 -15"><span class='ocrx_word' id='word_1_440' title='bbox 115 4284 191 4335; x_wconf 86' lang='lat' dir='ltr'><strong>oitbe</strong></span> <span class='ocrx_word' id='word_1_441' title='bbox 201 4282 249 4332; x_wconf 84' lang='lat' dir='ltr'><strong>and</strong></span> <span class='ocrx_word' id='word_1_442' title='bbox 259 4283 326 4332; x_wconf 85' lang='lat' dir='ltr'><strong>boolr</strong></span> <span class='ocrx_word' id='word_1_443' title='bbox 339 4282 368 4332; x_wconf 87' lang='lat' dir='ltr'><strong>ot&#39;</strong></span> <span class='ocrx_word' id='word_1_444' title='bbox 375 4281 518 4348; x_wconf 82' lang='lat' dir='ltr'><strong>Sampson),</strong></span> <span class='ocrx_word' id='word_1_445' title='bbox 531 4281 580 4330; x_wconf 82' lang='lat' dir='ltr'><strong>aud</strong></span> <span class='ocrx_word' id='word_1_446' title='bbox 588 4280 684 4330; x_wconf 83' lang='lat' dir='ltr'><strong>thoseb</strong></span> <span class='ocrx_word' id='word_1_447' title='bbox 707 4280 829 4344; x_wconf 84' lang='lat' dir='ltr'><strong>Sampson</strong></span> <span class='ocrx_word' id='word_1_448' title='bbox 837 4279 862 4327; x_wconf 89' lang='lat' dir='ltr'><strong>in</strong></span> <span class='ocrx_word' id='word_1_449' title='bbox 872 4279 925 4327; x_wconf 90' lang='lat' dir='ltr'><strong>MS.</strong></span> <span class='ocrx_word' id='word_1_450' title='bbox 937 4277 988 4326; x_wconf 89' lang='lat' dir='ltr'><strong>Tit.</strong></span> <span class='ocrx_word' id='word_1_451' title='bbox 997 4279 1022 4326; x_wconf 88' lang='lat' dir='ltr'>A</span> <span class='ocrx_word' id='word_1_452' title='bbox 1032 4277 1099 4325; x_wconf 90' lang='lat' dir='ltr'>VIII</span> <span class='ocrx_word' id='word_1_453' title='bbox 1111 4275 1154 4325; x_wconf 83' lang='lat' dir='ltr'><strong>sol.</strong></span> <span class='ocrx_word' id='word_1_454' title='bbox 1168 4273 1265 4338; x_wconf 79' lang='lat'><em>78-126</em></span> 
     </span>
     <span class='ocr_line' id='line_1_47' title="bbox 114 4341 1265 4412; baseline -0.01 -11"><span class='ocrx_word' id='word_1_455' title='bbox 114 4349 163 4401; x_wconf 79' lang='lat' dir='ltr'><strong>and</strong></span> <span class='ocrx_word' id='word_1_456' title='bbox 175 4348 230 4400; x_wconf 87' lang='lat' dir='ltr'><strong>MS.</strong></span> <span class='ocrx_word' id='word_1_457' title='bbox 238 4348 306 4398; x_wconf 80' lang='lat' dir='ltr'><strong>Trin</strong></span> <span class='ocrx_word' id='word_1_458' title='bbox 316 4347 384 4398; x_wconf 90' lang='lat' dir='ltr'><strong>Coll.</strong></span> <span class='ocrx_word' id='word_1_459' title='bbox 395 4347 473 4399; x_wconf 87' lang='lat' dir='ltr'><strong>Dubl.</strong></span> <span class='ocrx_word' id='word_1_460' title='bbox 483 4347 505 4396; x_wconf 91' lang='lat' dir='ltr'>B</span> <span class='ocrx_word' id='word_1_461' title='bbox 517 4360 540 4397; x_wconf 84' lang='lat' dir='ltr'><strong>a.</strong></span> <span class='ocrx_word' id='word_1_462' title='bbox 553 4357 584 4412; x_wconf 75' lang='lat'><strong>75</strong></span> <span class='ocrx_word' id='word_1_463' title='bbox 601 4346 666 4397; x_wconf 78' lang='lat' dir='ltr'><strong>from</strong></span> <span class='ocrx_word' id='word_1_464' title='bbox 697 4345 820 4396; x_wconf 86' lang='lat' dir='ltr'><strong>bronicles</strong></span> <span class='ocrx_word' id='word_1_465' title='bbox 831 4343 880 4394; x_wconf 88' lang='lat' dir='ltr'><strong>aud</strong></span> <span class='ocrx_word' id='word_1_466' title='bbox 892 4359 967 4407; x_wconf 82' lang='lat' dir='ltr'><strong>many</strong></span> <span class='ocrx_word' id='word_1_467' title='bbox 975 4341 1099 4393; x_wconf 67' lang='lat' dir='ltr'><strong>unknwn</strong></span> <span class='ocrx_word' id='word_1_468' title='bbox 1111 4341 1265 4392; x_wconf 74' lang='lat' dir='ltr'><strong>documenta.</strong></span> 
     </span>
    </p>
   </div>
   <div class='ocr_carea' id='block_1_7' title="bbox 0 0 1528 4902">
    <p class='ocr_par' dir='ltr' id='par_1_7' title="bbox 0 0 1528 4902">
     <span class='ocr_line' id='line_1_48' title="bbox 0 0 1528 4902; baseline 0 0"><span class='ocrx_word' id='word_1_469' title='bbox 0 0 1528 4902; x_wconf 95' lang='lat' dir='ltr'><strong> </strong></span> 
     </span>
    </p>
   </div>
  </div>
 </body>
</html>
