<?xml version="1.0" encoding="UTF-8"?>
<!DOCTYPE html PUBLIC "-//W3C//DTD XHTML 1.0 Transitional//EN"
    "http://www.w3.org/TR/xhtml1/DTD/xhtml1-transitional.dtd">
<html xmlns="http://www.w3.org/1999/xhtml" xml:lang="en" lang="en">
 <head>
  <title>
</title>
<meta http-equiv="Content-Type" content="text/html;charset=utf-8" />
  <meta name='ocr-system' content='tesseract 3.04.00' />
  <meta name='ocr-capabilities' content='ocr_page ocr_carea ocr_par ocr_line ocrx_word'/>
</head>
<body>
  <div class='ocr_page' id='page_1' title='image "./novalegendaangl00wordgoog/novalegendaangl00wordgoog_0145.png"; bbox 0 0 3054 4904; ppageno 0'>
   <div class='ocr_carea' id='block_1_1' title="bbox 279 304 1112 410">
    <p class='ocr_par' dir='ltr' id='par_1_1' title="bbox 279 304 1112 410">
     <span class='ocr_line' id='line_1_1' title="bbox 279 304 1112 410; baseline -0.016 -7"><span class='ocrx_word' id='word_1_1' title='bbox 279 333 351 404; x_wconf 79' lang='lat'>134</span> <span class='ocrx_word' id='word_1_2' title='bbox 590 309 721 398; x_wconf 64' lang='lat' dir='ltr'>tauta</span> <span class='ocrx_word' id='word_1_3' title='bbox 745 306 935 409; x_wconf 71' lang='lat' dir='ltr'>termut</span> <span class='ocrx_word' id='word_1_4' title='bbox 959 304 1112 410; x_wconf 68' lang='lat' dir='ltr'>anath</span> 
     </span>
    </p>
   </div>
   <div class='ocr_carea' id='block_1_2' title="bbox 275 507 1519 584">
    <p class='ocr_par' dir='ltr' id='par_1_2' title="bbox 275 507 1519 584">
     <span class='ocr_line' id='line_1_2' title="bbox 275 507 1519 584; baseline 0.001 -19"><span class='ocrx_word' id='word_1_5' title='bbox 275 509 403 580; x_wconf 87' lang='lat' dir='ltr'>volebat,</span> <span class='ocrx_word' id='word_1_6' title='bbox 417 509 476 567; x_wconf 92' lang='lat' dir='ltr'>nisi</span> <span class='ocrx_word' id='word_1_7' title='bbox 487 511 571 584; x_wconf 87' lang='lat' dir='ltr'>prius</span> <span class='ocrx_word' id='word_1_8' title='bbox 584 528 652 567; x_wconf 89' lang='lat' dir='ltr'>eam</span> <span class='ocrx_word' id='word_1_9' title='bbox 664 519 768 566; x_wconf 89' lang='lat' dir='ltr'>cantor</span> <span class='ocrx_word' id='word_1_10' title='bbox 779 510 921 566; x_wconf 80' lang='lat' dir='ltr'>audisset</span> <span class='ocrx_word' id='word_1_11' title='bbox 943 507 1080 579; x_wconf 87' lang='lat' dir='ltr'>Quadam</span> <span class='ocrx_word' id='word_1_12' title='bbox 1090 507 1140 565; x_wconf 88' lang='lat' dir='ltr'>die</span> <span class='ocrx_word' id='word_1_13' title='bbox 1152 509 1224 565; x_wconf 89' lang='lat' dir='ltr'>dum</span> <span class='ocrx_word' id='word_1_14' title='bbox 1236 508 1274 566; x_wconf 87' lang='lat' dir='ltr'>ad</span> <span class='ocrx_word' id='word_1_15' title='bbox 1287 526 1433 566; x_wconf 90' lang='lat' dir='ltr'>mensam</span> <span class='ocrx_word' id='word_1_16' title='bbox 1518 569 1519 572; x_wconf 60' lang='grc'>,</span> 
     </span>
    </p>
   </div>
   <div class='ocr_carea' id='block_1_3' title="bbox 250 595 1435 1284">
    <p class='ocr_par' dir='ltr' id='par_1_3' title="bbox 250 595 1435 1284">
     <span class='ocr_line' id='line_1_3' title="bbox 277 595 1432 672; baseline 0.001 -20"><span class='ocrx_word' id='word_1_17' title='bbox 277 597 401 670; x_wconf 89' lang='lat' dir='ltr'>legeret,</span> <span class='ocrx_word' id='word_1_18' title='bbox 413 597 489 655; x_wconf 88' lang='lat' dir='ltr'>dixit</span> <span class='ocrx_word' id='word_1_19' title='bbox 501 598 661 672; x_wconf 84' lang='lat' dir='ltr'>quiddam¹</span> <span class='ocrx_word' id='word_1_20' title='bbox 673 597 753 655; x_wconf 90' lang='lat' dir='ltr'>inter</span> <span class='ocrx_word' id='word_1_21' title='bbox 764 598 927 670; x_wconf 89' lang='lat' dir='ltr'>legendum</span> <span class='ocrx_word' id='word_1_22' title='bbox 944 599 1020 654; x_wconf 87' lang='lat' dir='ltr'>sicut</span> <span class='ocrx_word' id='word_1_23' title='bbox 1032 595 1133 653; x_wconf 86' lang='lat' dir='ltr'>dicere</span> <span class='ocrx_word' id='word_1_24' title='bbox 1146 597 1256 667; x_wconf 85' lang='lat' dir='ltr'>debuit,</span> <span class='ocrx_word' id='word_1_25' title='bbox 1269 599 1352 670; x_wconf 89' lang='lat' dir='ltr'>quod</span> <span class='ocrx_word' id='word_1_26' title='bbox 1365 615 1432 654; x_wconf 91' lang='lat' dir='ltr'>non</span> 
     </span>
     <span class='ocr_line' id='line_1_4' title="bbox 277 683 1433 758; baseline 0.003 -18"><span class='ocrx_word' id='word_1_27' title='bbox 277 685 388 757; x_wconf 81' lang='lat' dir='ltr'><strong>placuit</strong></span> <span class='ocrx_word' id='word_1_28' title='bbox 412 686 579 758; x_wconf 84' lang='lat' dir='ltr'>presidenti</span> <span class='ocrx_word' id='word_1_29' title='bbox 599 694 628 742; x_wconf 90' lang='lat' dir='ltr'>et</span> <span class='ocrx_word' id='word_1_30' title='bbox 648 686 735 742; x_wconf 85' lang='lat' dir='ltr'>aliter</span> <span class='ocrx_word' id='word_1_31' title='bbox 759 685 858 742; x_wconf 86' lang='lat' dir='ltr'>dicere</span> <span class='ocrx_word' id='word_1_32' title='bbox 882 685 988 742; x_wconf 89' lang='lat' dir='ltr'>iussit:</span> <span class='ocrx_word' id='word_1_33' title='bbox 1013 684 1094 742; x_wconf 90' lang='lat' dir='ltr'>velut</span> <span class='ocrx_word' id='word_1_34' title='bbox 1119 683 1145 740; x_wconf 89' lang='lat' dir='ltr'>si</span> <span class='ocrx_word' id='word_1_35' title='bbox 1170 684 1297 742; x_wconf 86' lang='lat' dir='ltr'>dixisset</span> <span class='ocrx_word' id='word_1_36' title='bbox 1318 687 1433 743; x_wconf 79' lang='lat' dir='ltr'>docere</span> 
     </span>
     <span class='ocr_line' id='line_1_5' title="bbox 277 770 1433 846; baseline 0.002 -18"><span class='ocrx_word' id='word_1_37' title='bbox 277 773 377 828; x_wconf 90' lang='lat' dir='ltr'>media</span> <span class='ocrx_word' id='word_1_38' title='bbox 395 774 547 846; x_wconf 89' lang='lat' dir='ltr'>producta,</span> <span class='ocrx_word' id='word_1_39' title='bbox 560 781 591 830; x_wconf 87' lang='lat' dir='ltr'>vt</span> <span class='ocrx_word' id='word_1_40' title='bbox 608 782 654 830; x_wconf 92' lang='lat' dir='ltr'>est</span> <span class='ocrx_word' id='word_1_41' title='bbox 662 773 682 842; x_wconf 75' lang='lat'>²,</span> <span class='ocrx_word' id='word_1_42' title='bbox 699 783 729 830; x_wconf 89' lang='lat' dir='ltr'>et</span> <span class='ocrx_word' id='word_1_43' title='bbox 747 773 804 829; x_wconf 89' lang='lat' dir='ltr'>iste</span> <span class='ocrx_word' id='word_1_44' title='bbox 823 770 949 828; x_wconf 73' lang='lat' dir='ltr'>eadem&#39;</span> <span class='ocrx_word' id='word_1_45' title='bbox 967 772 1064 829; x_wconf 90' lang='lat' dir='ltr'>media</span> <span class='ocrx_word' id='word_1_46' title='bbox 1081 780 1218 844; x_wconf 87' lang='lat' dir='ltr'>correpta</span> <span class='ocrx_word' id='word_1_47' title='bbox 1234 776 1433 832; x_wconf 78' lang='lat' dir='ltr'>emendasset</span> 
     </span>
     <span class='ocr_line' id='line_1_6' title="bbox 250 859 1434 934; baseline 0.002 -18"><span class='ocrx_word' id='word_1_48' title='bbox 250 861 396 932; x_wconf 82' lang='lat' dir='ltr'>5docere,</span> <span class='ocrx_word' id='word_1_49' title='bbox 414 863 494 934; x_wconf 92' lang='lat' dir='ltr'>quod</span> <span class='ocrx_word' id='word_1_50' title='bbox 513 879 572 918; x_wconf 89' lang='lat' dir='ltr'>non</span> <span class='ocrx_word' id='word_1_51' title='bbox 592 871 646 918; x_wconf 90' lang='lat' dir='ltr'>est.</span> <span class='ocrx_word' id='word_1_52' title='bbox 685 859 752 918; x_wconf 92' lang='lat' dir='ltr'>Non</span> <span class='ocrx_word' id='word_1_53' title='bbox 773 860 853 917; x_wconf 90' lang='lat' dir='ltr'>enim</span> <span class='ocrx_word' id='word_1_54' title='bbox 874 860 956 933; x_wconf 89' lang='lat' dir='ltr'>prior</span> <span class='ocrx_word' id='word_1_55' title='bbox 977 860 1027 916; x_wconf 93' lang='lat' dir='ltr'>ille</span> <span class='ocrx_word' id='word_1_56' title='bbox 1045 859 1193 916; x_wconf 89' lang='lat' dir='ltr'>litteratus</span> <span class='ocrx_word' id='word_1_57' title='bbox 1210 870 1283 917; x_wconf 90' lang='lat' dir='ltr'>erat.</span> <span class='ocrx_word' id='word_1_58' title='bbox 1320 862 1364 918; x_wconf 90' lang='lat' dir='ltr'>At</span> <span class='ocrx_word' id='word_1_59' title='bbox 1383 879 1434 918; x_wconf 87' lang='lat' dir='ltr'>vrr</span> 
     </span>
     <span class='ocr_line' id='line_1_7' title="bbox 278 947 1435 1021; baseline 0 -17"><span class='ocrx_word' id='word_1_60' title='bbox 278 949 410 1021; x_wconf 87' lang='lat' dir='ltr'>sapiens,</span> <span class='ocrx_word' id='word_1_61' title='bbox 428 949 529 1006; x_wconf 88' lang='lat' dir='ltr'>sciens</span> <span class='ocrx_word' id='word_1_62' title='bbox 547 949 643 1021; x_wconf 89' lang='lat' dir='ltr'>magis</span> <span class='ocrx_word' id='word_1_63' title='bbox 661 947 781 1005; x_wconf 89' lang='lat' dir='ltr'>Christo</span> <span class='ocrx_word' id='word_1_64' title='bbox 798 947 913 1005; x_wconf 86' lang='lat' dir='ltr'>obediri</span> <span class='ocrx_word' id='word_1_65' title='bbox 928 947 1050 1004; x_wconf 85' lang='lat' dir='ltr'>deberi⁴</span> <span class='ocrx_word' id='word_1_66' title='bbox 1063 965 1154 1020; x_wconf 89' lang='lat' dir='ltr'>quam</span> <span class='ocrx_word' id='word_1_67' title='bbox 1172 947 1298 1019; x_wconf 91' lang='lat' dir='ltr'>Donato,</span> <span class='ocrx_word' id='word_1_68' title='bbox 1313 949 1435 1006; x_wconf 88' lang='lat' dir='ltr'>dimisit</span> 
     </span>
     <span class='ocr_line' id='line_1_8' title="bbox 277 1035 1434 1110; baseline 0.001 -17"><span class='ocrx_word' id='word_1_69' title='bbox 277 1037 358 1109; x_wconf 90' lang='lat' dir='ltr'>quod</span> <span class='ocrx_word' id='word_1_70' title='bbox 371 1039 449 1094; x_wconf 88' lang='lat' dir='ltr'>bene</span> <span class='ocrx_word' id='word_1_71' title='bbox 461 1037 720 1110; x_wconf 86' lang='lat' dir='ltr'>pronunciauerat‚</span> <span class='ocrx_word' id='word_1_72' title='bbox 734 1046 764 1094; x_wconf 87' lang='lat' dir='ltr'>et</span> <span class='ocrx_word' id='word_1_73' title='bbox 781 1035 856 1094; x_wconf 85' lang='lat' dir='ltr'>dixit</span> <span class='ocrx_word' id='word_1_74' title='bbox 874 1037 953 1108; x_wconf 90' lang='lat' dir='ltr'>quod</span> <span class='ocrx_word' id='word_1_75' title='bbox 972 1053 1033 1092; x_wconf 91' lang='lat' dir='ltr'>non</span> <span class='ocrx_word' id='word_1_76' title='bbox 1050 1044 1132 1092; x_wconf 90' lang='lat' dir='ltr'>recte</span> <span class='ocrx_word' id='word_1_77' title='bbox 1147 1035 1310 1092; x_wconf 85' lang='lat' dir='ltr'>iubebatur.</span> <span class='ocrx_word' id='word_1_78' title='bbox 1349 1037 1434 1095; x_wconf 91' lang='lat' dir='ltr'>Nam</span> 
     </span>
     <span class='ocr_line' id='line_1_9' title="bbox 277 1122 1435 1197; baseline 0.002 -16"><span class='ocrx_word' id='word_1_79' title='bbox 277 1126 444 1196; x_wconf 89' lang='lat' dir='ltr'>producere</span> <span class='ocrx_word' id='word_1_80' title='bbox 469 1126 602 1195; x_wconf 86' lang='lat' dir='ltr'>breuem,</span> <span class='ocrx_word' id='word_1_81' title='bbox 626 1125 673 1181; x_wconf 92' lang='lat' dir='ltr'>vel</span> <span class='ocrx_word' id='word_1_82' title='bbox 705 1125 825 1197; x_wconf 89' lang='lat' dir='ltr'>longam</span> <span class='ocrx_word' id='word_1_83' title='bbox 856 1122 1007 1196; x_wconf 85' lang='lat' dir='ltr'>corripere</span> <span class='ocrx_word' id='word_1_84' title='bbox 1038 1122 1182 1193; x_wconf 88' lang='lat' dir='ltr'>sillabam‚</span> <span class='ocrx_word' id='word_1_85' title='bbox 1208 1140 1269 1180; x_wconf 93' lang='lat' dir='ltr'>non</span> <span class='ocrx_word' id='word_1_86' title='bbox 1300 1125 1435 1197; x_wconf 88' lang='lat' dir='ltr'>capitale</span> 
     </span>
     <span class='ocr_line' id='line_1_10' title="bbox 277 1210 1435 1284; baseline 0.003 -17"><span class='ocrx_word' id='word_1_87' title='bbox 277 1211 421 1270; x_wconf 79' lang='lat' dir='ltr'>nouerat⁶</span> <span class='ocrx_word' id='word_1_88' title='bbox 433 1212 546 1269; x_wconf 85' lang='lat' dir='ltr'>crimen</span> <span class='ocrx_word' id='word_1_89' title='bbox 559 1231 566 1270; x_wconf 75' lang='grc' dir='ltr'><strong>ι</strong></span> <span class='ocrx_word' id='word_1_90' title='bbox 585 1229 691 1270; x_wconf 91' lang='lat' dir='ltr'>verum</span> <span class='ocrx_word' id='word_1_91' title='bbox 700 1211 814 1268; x_wconf 88' lang='lat' dir='ltr'>iubenti</span> <span class='ocrx_word' id='word_1_92' title='bbox 827 1229 865 1268; x_wconf 87' lang='lat' dir='ltr'>ex</span> <span class='ocrx_word' id='word_1_93' title='bbox 875 1219 960 1283; x_wconf 92' lang='lat' dir='ltr'>parte</span> <span class='ocrx_word' id='word_1_94' title='bbox 972 1210 1021 1266; x_wconf 92' lang='lat' dir='ltr'>dei</span> <span class='ocrx_word' id='word_1_95' title='bbox 1035 1227 1095 1266; x_wconf 90' lang='lat' dir='ltr'>non</span> <span class='ocrx_word' id='word_1_96' title='bbox 1108 1227 1224 1283; x_wconf 88' lang='lat' dir='ltr'>parere,</span> <span class='ocrx_word' id='word_1_97' title='bbox 1234 1210 1352 1284; x_wconf 88' lang='lat' dir='ltr'>culpam</span> <span class='ocrx_word' id='word_1_98' title='bbox 1367 1231 1435 1270; x_wconf 93' lang='lat' dir='ltr'>non</span> 
     </span>
    </p>
   </div>
   <div class='ocr_carea' id='block_1_4' title="bbox 236 1289 1436 1456">
    <p class='ocr_par' dir='ltr' id='par_1_4' title="bbox 236 1289 1436 1456">
     <span class='ocr_line' id='line_1_11' title="bbox 236 1289 1436 1374; baseline 0.003 -18"><span class='ocrx_word' id='word_1_99' title='bbox 236 1320 266 1356; x_wconf 83' lang='grc' dir='ltr'>ιο</span> <span class='ocrx_word' id='word_1_100' title='bbox 278 1300 377 1356; x_wconf 93' lang='lat' dir='ltr'>leuem</span> <span class='ocrx_word' id='word_1_101' title='bbox 398 1317 467 1356; x_wconf 88' lang='lat' dir='ltr'>esse</span> <span class='ocrx_word' id='word_1_102' title='bbox 486 1301 606 1356; x_wconf 85' lang='lat' dir='ltr'>sciebat.</span> <span class='ocrx_word' id='word_1_103' title='bbox 679 1289 815 1374; x_wconf 87' lang='lat' dir='ltr'>Quidam</span> <span class='ocrx_word' id='word_1_104' title='bbox 837 1297 945 1355; x_wconf 90' lang='lat' dir='ltr'>nobilis</span> <span class='ocrx_word' id='word_1_105' title='bbox 965 1297 1012 1355; x_wconf 89' lang='lat' dir='ltr'>vir</span> <span class='ocrx_word' id='word_1_106' title='bbox 1035 1298 1117 1354; x_wconf 91' lang='lat' dir='ltr'>dedit</span> <span class='ocrx_word' id='word_1_107' title='bbox 1139 1299 1278 1356; x_wconf 89' lang='lat' dir='ltr'>beccensi</span> <span class='ocrx_word' id='word_1_108' title='bbox 1300 1300 1436 1359; x_wconf 87' lang='lat' dir='ltr'>ecclesie</span> 
     </span>
     <span class='ocr_line' id='line_1_12' title="bbox 278 1381 1435 1456; baseline 0.002 -17"><span class='ocrx_word' id='word_1_109' title='bbox 278 1393 398 1452; x_wconf 89' lang='lat' dir='ltr'>terram,</span> <span class='ocrx_word' id='word_1_110' title='bbox 423 1384 460 1440; x_wconf 89' lang='lat' dir='ltr'>ad</span> <span class='ocrx_word' id='word_1_111' title='bbox 486 1401 576 1456; x_wconf 91' lang='lat' dir='ltr'>quam</span> <span class='ocrx_word' id='word_1_112' title='bbox 602 1383 713 1440; x_wconf 86' lang='lat' dir='ltr'>missus</span> <span class='ocrx_word' id='word_1_113' title='bbox 738 1391 784 1440; x_wconf 89' lang='lat' dir='ltr'>est</span> <span class='ocrx_word' id='word_1_114' title='bbox 811 1381 1016 1450; x_wconf 76' lang='lat' dir='ltr'>lamfrancus,</span> <span class='ocrx_word' id='word_1_115' title='bbox 1037 1390 1068 1438; x_wconf 92' lang='lat' dir='ltr'>vt</span> <span class='ocrx_word' id='word_1_116' title='bbox 1088 1399 1155 1438; x_wconf 90' lang='lat' dir='ltr'>eam</span> <span class='ocrx_word' id='word_1_117' title='bbox 1177 1390 1312 1439; x_wconf 89' lang='lat' dir='ltr'>seruaret</span> <span class='ocrx_word' id='word_1_118' title='bbox 1332 1393 1362 1438; x_wconf 89' lang='lat' dir='ltr'>et</span> <span class='ocrx_word' id='word_1_119' title='bbox 1385 1388 1435 1442; x_wconf 90' lang='lat' dir='ltr'>in·</span> 
     </span>
    </p>
   </div>
   <div class='ocr_carea' id='block_1_5' title="bbox 237 1469 1437 2245">
    <p class='ocr_par' dir='ltr' id='par_1_5' title="bbox 237 1469 1437 2245">
     <span class='ocr_line' id='line_1_13' title="bbox 279 1469 1436 1545; baseline 0.003 -19"><span class='ocrx_word' id='word_1_120' title='bbox 279 1479 434 1528; x_wconf 89' lang='lat' dir='ltr'>stauraret.</span> <span class='ocrx_word' id='word_1_121' title='bbox 473 1471 554 1528; x_wconf 90' lang='lat' dir='ltr'>Dum</span> <span class='ocrx_word' id='word_1_122' title='bbox 579 1471 659 1528; x_wconf 92' lang='lat' dir='ltr'>enim</span> <span class='ocrx_word' id='word_1_123' title='bbox 679 1473 717 1528; x_wconf 89' lang='lat' dir='ltr'>de</span> <span class='ocrx_word' id='word_1_124' title='bbox 743 1471 808 1528; x_wconf 88' lang='lat' dir='ltr'>loco</span> <span class='ocrx_word' id='word_1_125' title='bbox 826 1471 876 1526; x_wconf 91' lang='lat' dir='ltr'>illo</span> <span class='ocrx_word' id='word_1_126' title='bbox 894 1471 932 1526; x_wconf 92' lang='lat' dir='ltr'>ad</span> <span class='ocrx_word' id='word_1_127' title='bbox 952 1469 1188 1526; x_wconf 81' lang='lat' dir='ltr'>monasterium⁸</span> <span class='ocrx_word' id='word_1_128' title='bbox 1209 1470 1436 1545; x_wconf 86' lang='lat' dir='ltr'>regrederetur,</span> 
     </span>
     <span class='ocr_line' id='line_1_14' title="bbox 278 1557 1437 1632; baseline 0.003 -18"><span class='ocrx_word' id='word_1_129' title='bbox 278 1559 382 1615; x_wconf 92' lang='lat' dir='ltr'>detulit</span> <span class='ocrx_word' id='word_1_130' title='bbox 401 1567 499 1615; x_wconf 88' lang='lat' dir='ltr'>catum</span> <span class='ocrx_word' id='word_1_131' title='bbox 518 1559 549 1615; x_wconf 91' lang='lat' dir='ltr'>in</span> <span class='ocrx_word' id='word_1_132' title='bbox 568 1577 668 1632; x_wconf 92' lang='lat' dir='ltr'>panno</span> <span class='ocrx_word' id='word_1_133' title='bbox 687 1559 862 1628; x_wconf 91' lang='lat' dir='ltr'>inuolutum,</span> <span class='ocrx_word' id='word_1_134' title='bbox 881 1566 951 1630; x_wconf 90' lang='lat' dir='ltr'>post</span> <span class='ocrx_word' id='word_1_135' title='bbox 969 1574 1003 1613; x_wconf 93' lang='lat' dir='ltr'>se</span> <span class='ocrx_word' id='word_1_136' title='bbox 1022 1557 1144 1630; x_wconf 86' lang='lat' dir='ltr'>ligatum</span> <span class='ocrx_word' id='word_1_137' title='bbox 1164 1558 1202 1613; x_wconf 92' lang='lat' dir='ltr'>ad</span> <span class='ocrx_word' id='word_1_138' title='bbox 1221 1557 1324 1614; x_wconf 88' lang='lat' dir='ltr'>sellam</span> <span class='ocrx_word' id='word_1_139' title='bbox 1332 1557 1350 1613; x_wconf 73' lang='lat'>¹.</span> <span class='ocrx_word' id='word_1_140' title='bbox 1395 1561 1437 1620; x_wconf 87' lang='lat' dir='ltr'>Et</span> 
     </span>
     <span class='ocr_line' id='line_1_15' title="bbox 279 1644 1436 1720; baseline 0.003 -19"><span class='ocrx_word' id='word_1_141' title='bbox 279 1647 350 1702; x_wconf 93' lang='lat' dir='ltr'>dum</span> <span class='ocrx_word' id='word_1_142' title='bbox 369 1645 426 1702; x_wconf 90' lang='lat' dir='ltr'>iter</span> <span class='ocrx_word' id='word_1_143' title='bbox 445 1645 564 1716; x_wconf 89' lang='lat' dir='ltr'>faceret,</span> <span class='ocrx_word' id='word_1_144' title='bbox 577 1646 700 1720; x_wconf 87' lang='lat' dir='ltr'>quidam</span> <span class='ocrx_word' id='word_1_145' title='bbox 716 1646 852 1703; x_wconf 89' lang='lat' dir='ltr'>adiunxit</span> <span class='ocrx_word' id='word_1_146' title='bbox 869 1662 903 1701; x_wconf 93' lang='lat' dir='ltr'>se</span> <span class='ocrx_word' id='word_1_147' title='bbox 921 1644 981 1701; x_wconf 90' lang='lat' dir='ltr'>illi:</span> <span class='ocrx_word' id='word_1_148' title='bbox 1007 1661 1136 1716; x_wconf 88' lang='lat' dir='ltr'>cumque</span> <span class='ocrx_word' id='word_1_149' title='bbox 1154 1645 1242 1700; x_wconf 91' lang='lat' dir='ltr'>simul</span> <span class='ocrx_word' id='word_1_150' title='bbox 1256 1659 1436 1718; x_wconf 84' lang='lat' dir='ltr'>pergerent,</span> 
     </span>
     <span class='ocr_line' id='line_1_16' title="bbox 237 1732 1435 1808; baseline 0.003 -17"><span class='ocrx_word' id='word_1_151' title='bbox 237 1755 247 1791; x_wconf 87' lang='grc' dir='ltr'><strong><em>ι</em></strong></span> <span class='ocrx_word' id='word_1_152' title='bbox 252 1756 266 1808; x_wconf 84' lang='lat'><strong>5</strong></span> <span class='ocrx_word' id='word_1_153' title='bbox 280 1734 379 1791; x_wconf 90' lang='lat' dir='ltr'>socius</span> <span class='ocrx_word' id='word_1_154' title='bbox 391 1733 486 1791; x_wconf 88' lang='lat' dir='ltr'>viator</span> <span class='ocrx_word' id='word_1_155' title='bbox 498 1735 609 1792; x_wconf 90' lang='lat' dir='ltr'>audiuit</span> <span class='ocrx_word' id='word_1_156' title='bbox 628 1752 734 1791; x_wconf 90' lang='lat' dir='ltr'>vocem</span> <span class='ocrx_word' id='word_1_157' title='bbox 751 1735 817 1799; x_wconf 89' lang='lat' dir='ltr'>cati,</span> <span class='ocrx_word' id='word_1_158' title='bbox 830 1743 860 1790; x_wconf 92' lang='lat' dir='ltr'>et</span> <span class='ocrx_word' id='word_1_159' title='bbox 877 1733 956 1805; x_wconf 89' lang='lat' dir='ltr'>cepit</span> <span class='ocrx_word' id='word_1_160' title='bbox 975 1732 1075 1788; x_wconf 89' lang='lat' dir='ltr'>mirari</span> <span class='ocrx_word' id='word_1_161' title='bbox 1090 1743 1120 1788; x_wconf 91' lang='lat' dir='ltr'>et</span> <span class='ocrx_word' id='word_1_162' title='bbox 1135 1732 1364 1805; x_wconf 85' lang='lat' dir='ltr'>circumspicere</span> <span class='ocrx_word' id='word_1_163' title='bbox 1379 1738 1435 1794; x_wconf 86' lang='lat' dir='ltr'>vbi</span> 
     </span>
     <span class='ocr_line' id='line_1_17' title="bbox 279 1819 1436 1893; baseline 0.002 -14"><span class='ocrx_word' id='word_1_164' title='bbox 279 1831 361 1880; x_wconf 89' lang='lat' dir='ltr'>esset</span> <span class='ocrx_word' id='word_1_165' title='bbox 374 1831 457 1878; x_wconf 89' lang='lat' dir='ltr'>catus</span> <span class='ocrx_word' id='word_1_166' title='bbox 470 1822 553 1879; x_wconf 91' lang='lat' dir='ltr'>cuius</span> <span class='ocrx_word' id='word_1_167' title='bbox 566 1821 700 1878; x_wconf 86' lang='lat' dir='ltr'>audierat</span> <span class='ocrx_word' id='word_1_168' title='bbox 712 1838 826 1878; x_wconf 89' lang='lat' dir='ltr'>vocem.</span> <span class='ocrx_word' id='word_1_169' title='bbox 857 1820 994 1876; x_wconf 86' lang='lat' dir='ltr'>Tandem</span> <span class='ocrx_word' id='word_1_170' title='bbox 1007 1819 1136 1876; x_wconf 91' lang='lat' dir='ltr'>aduertit</span> <span class='ocrx_word' id='word_1_171' title='bbox 1148 1820 1322 1893; x_wconf 88' lang='lat' dir='ltr'>magistrum</span> <span class='ocrx_word' id='word_1_172' title='bbox 1337 1819 1436 1881; x_wconf 69' lang='lat' dir='ltr'>Iam-</span> 
     </span>
     <span class='ocr_line' id='line_1_18' title="bbox 280 1907 1435 1982; baseline 0.001 -17"><span class='ocrx_word' id='word_1_173' title='bbox 280 1908 417 1966; x_wconf 89' lang='lat' dir='ltr'>francum</span> <span class='ocrx_word' id='word_1_174' title='bbox 435 1909 517 1966; x_wconf 92' lang='lat' dir='ltr'>illum</span> <span class='ocrx_word' id='word_1_175' title='bbox 534 1917 603 1982; x_wconf 88' lang='lat' dir='ltr'>post</span> <span class='ocrx_word' id='word_1_176' title='bbox 621 1927 654 1966; x_wconf 90' lang='lat' dir='ltr'>se</span> <span class='ocrx_word' id='word_1_177' title='bbox 673 1909 797 1982; x_wconf 89' lang='lat' dir='ltr'>ligatum</span> <span class='ocrx_word' id='word_1_178' title='bbox 817 1907 906 1972; x_wconf 89' lang='lat' dir='ltr'>ferre,</span> <span class='ocrx_word' id='word_1_179' title='bbox 920 1916 950 1963; x_wconf 89' lang='lat' dir='ltr'>et</span> <span class='ocrx_word' id='word_1_180' title='bbox 966 1907 1006 1964; x_wconf 91' lang='lat' dir='ltr'>ait</span> <span class='ocrx_word' id='word_1_181' title='bbox 1021 1907 1083 1965; x_wconf 88' lang='lat' dir='ltr'>illi:</span> <span class='ocrx_word' id='word_1_182' title='bbox 1104 1907 1260 1977; x_wconf 64' lang='lat' dir='ltr'>‘Domine</span> <span class='ocrx_word' id='word_1_183' title='bbox 1273 1907 1345 1980; x_wconf 90' lang='lat' dir='ltr'>quid</span> <span class='ocrx_word' id='word_1_184' title='bbox 1358 1927 1435 1982; x_wconf 90' lang='lat' dir='ltr'>por-</span> 
     </span>
     <span class='ocr_line' id='line_1_19' title="bbox 279 1993 1436 2070; baseline 0.003 -18"><span class='ocrx_word' id='word_1_185' title='bbox 279 1999 348 2054; x_wconf 87' lang='lat' dir='ltr'>tatis</span> <span class='ocrx_word' id='word_1_186' title='bbox 357 1999 383 2052; x_wconf 89' lang='lat'>?&#39;</span> <span class='ocrx_word' id='word_1_187' title='bbox 422 1996 609 2070; x_wconf 88' lang='lat' dir='ltr'>Respondit:</span> <span class='ocrx_word' id='word_1_188' title='bbox 630 1995 753 2052; x_wconf 90' lang='lat' dir='ltr'>‘Mures</span> <span class='ocrx_word' id='word_1_189' title='bbox 765 2005 794 2052; x_wconf 90' lang='lat' dir='ltr'>et</span> <span class='ocrx_word' id='word_1_190' title='bbox 808 1995 863 2051; x_wconf 89' lang='lat' dir='ltr'>rati</span> <span class='ocrx_word' id='word_1_191' title='bbox 876 1995 963 2051; x_wconf 84' lang='lat' dir='ltr'>valde</span> <span class='ocrx_word' id='word_1_192' title='bbox 976 1994 1063 2050; x_wconf 89' lang='lat' dir='ltr'>nobis</span> <span class='ocrx_word' id='word_1_193' title='bbox 1076 2003 1145 2050; x_wconf 89' lang='lat' dir='ltr'>sunt</span> <span class='ocrx_word' id='word_1_194' title='bbox 1158 1993 1267 2065; x_wconf 87' lang='lat' dir='ltr'>infesti,</span> <span class='ocrx_word' id='word_1_195' title='bbox 1280 2003 1309 2050; x_wconf 93' lang='lat' dir='ltr'>et</span> <span class='ocrx_word' id='word_1_196' title='bbox 1322 1995 1436 2055; x_wconf 88' lang='lat' dir='ltr'>iccirco</span> 
     </span>
     <span class='ocr_line' id='line_1_20' title="bbox 281 2071 1434 2156; baseline 0.003 -16"><span class='ocrx_word' id='word_1_197' title='bbox 281 2102 360 2141; x_wconf 93' lang='lat' dir='ltr'>nunc</span> <span class='ocrx_word' id='word_1_198' title='bbox 386 2083 478 2140; x_wconf 85' lang='lat' dir='ltr'>affero</span> <span class='ocrx_word' id='word_1_199' title='bbox 503 2093 611 2152; x_wconf 87' lang='lat' dir='ltr'>catum,</span> <span class='ocrx_word' id='word_1_200' title='bbox 629 2085 667 2140; x_wconf 86' lang='lat' dir='ltr'>ad</span> <span class='ocrx_word' id='word_1_201' title='bbox 693 2084 955 2156; x_wconf 89' lang='lat' dir='ltr'>comprimendum</span> <span class='ocrx_word' id='word_1_202' title='bbox 980 2081 1110 2138; x_wconf 90' lang='lat' dir='ltr'>furorem</span> <span class='ocrx_word' id='word_1_203' title='bbox 1134 2081 1271 2138; x_wconf 73' lang='lat' dir='ltr'>illorum!</span> <span class='ocrx_word' id='word_1_204' title='bbox 1307 2071 1434 2143; x_wconf 91' lang='lat' dir='ltr'>Verum</span> 
     </span>
     <span class='ocr_line' id='line_1_21' title="bbox 237 2169 1435 2245; baseline 0.007 -23"><span class='ocrx_word' id='word_1_205' title='bbox 237 2187 268 2224; x_wconf 83' lang='lat' dir='ltr'>ao</span> <span class='ocrx_word' id='word_1_206' title='bbox 280 2169 388 2228; x_wconf 88' lang='lat' dir='ltr'>fratres</span> <span class='ocrx_word' id='word_1_207' title='bbox 406 2173 456 2245; x_wconf 89' lang='lat' dir='ltr'>qul</span> <span class='ocrx_word' id='word_1_208' title='bbox 474 2171 533 2228; x_wconf 94' lang='lat' dir='ltr'>iam</span> <span class='ocrx_word' id='word_1_209' title='bbox 552 2170 672 2227; x_wconf 89' lang='lat' dir='ltr'>adunati</span> <span class='ocrx_word' id='word_1_210' title='bbox 689 2179 775 2227; x_wconf 90' lang='lat' dir='ltr'>erant</span> <span class='ocrx_word' id='word_1_211' title='bbox 795 2171 826 2226; x_wconf 91' lang='lat' dir='ltr'>in</span> <span class='ocrx_word' id='word_1_212' title='bbox 847 2171 912 2226; x_wconf 94' lang='lat' dir='ltr'>loco</span> <span class='ocrx_word' id='word_1_213' title='bbox 930 2169 988 2238; x_wconf 88' lang='lat' dir='ltr'>illo,</span> <span class='ocrx_word' id='word_1_214' title='bbox 1005 2186 1065 2225; x_wconf 92' lang='lat' dir='ltr'>non</span> <span class='ocrx_word' id='word_1_215' title='bbox 1084 2169 1210 2226; x_wconf 88' lang='lat' dir='ltr'>multum</span> <span class='ocrx_word' id='word_1_216' title='bbox 1228 2170 1357 2241; x_wconf 85' lang='lat' dir='ltr'>litterati,</span> <span class='ocrx_word' id='word_1_217' title='bbox 1374 2189 1435 2230; x_wconf 85' lang='lat' dir='ltr'>nec</span> 
     </span>
    </p>
   </div>
   <div class='ocr_carea' id='block_1_6' title="bbox 280 2255 1519 2332">
    <p class='ocr_par' dir='ltr' id='par_1_6' title="bbox 280 2255 1519 2332">
     <span class='ocr_line' id='line_1_22' title="bbox 280 2255 1519 2332; baseline 0.002 -17"><span class='ocrx_word' id='word_1_218' title='bbox 280 2259 424 2331; x_wconf 84' lang='lat' dir='ltr'>religione</span> <span class='ocrx_word' id='word_1_219' title='bbox 456 2259 592 2316; x_wconf 87' lang='lat' dir='ltr'>instructi</span> <span class='ocrx_word' id='word_1_220' title='bbox 623 2259 818 2316; x_wconf 89' lang='lat' dir='ltr'>habebantur.</span> <span class='ocrx_word' id='word_1_221' title='bbox 856 2257 894 2313; x_wconf 86' lang='lat' dir='ltr'>Et</span> <span class='ocrx_word' id='word_1_222' title='bbox 924 2273 1052 2313; x_wconf 91' lang='lat' dir='ltr'>cernens</span> <span class='ocrx_word' id='word_1_223' title='bbox 1084 2255 1278 2313; x_wconf 88' lang='lat' dir='ltr'>Lamfrancus</span> <span class='ocrx_word' id='word_1_224' title='bbox 1303 2257 1434 2317; x_wconf 81' lang='lat' dir='ltr'>fratrum</span> <span class='ocrx_word' id='word_1_225' title='bbox 1518 2303 1519 2332; x_wconf 69' lang='lat'>,</span> 
     </span>
    </p>
   </div>
   <div class='ocr_carea' id='block_1_7' title="bbox 281 2344 1436 2420">
    <p class='ocr_par' dir='ltr' id='par_1_7' title="bbox 281 2344 1436 2420">
     <span class='ocr_line' id='line_1_23' title="bbox 281 2344 1436 2420; baseline 0.003 -18"><span class='ocrx_word' id='word_1_226' title='bbox 281 2345 432 2415; x_wconf 88' lang='lat' dir='ltr'>inertiam,</span> <span class='ocrx_word' id='word_1_227' title='bbox 446 2363 563 2403; x_wconf 90' lang='lat' dir='ltr'>morum</span> <span class='ocrx_word' id='word_1_228' title='bbox 578 2347 756 2420; x_wconf 88' lang='lat' dir='ltr'>prauitatem</span> <span class='ocrx_word' id='word_1_229' title='bbox 770 2355 800 2403; x_wconf 90' lang='lat' dir='ltr'>et</span> <span class='ocrx_word' id='word_1_230' title='bbox 812 2345 926 2402; x_wconf 90' lang='lat' dir='ltr'>ordinis</span> <span class='ocrx_word' id='word_1_231' title='bbox 938 2345 1228 2416; x_wconf 70' lang='lat' dir='ltr'>transgressionem</span> <span class='ocrx_word' id='word_1_232' title='bbox 1248 2344 1436 2406; x_wconf 87' lang='lat' dir='ltr'>coniiciens⁸</span> 
     </span>
    </p>
   </div>
   <div class='ocr_carea' id='block_1_8' title="bbox 281 2431 1519 2506">
    <p class='ocr_par' dir='ltr' id='par_1_8' title="bbox 281 2431 1519 2506">
     <span class='ocr_line' id='line_1_24' title="bbox 281 2431 1519 2506; baseline 0.003 -16"><span class='ocrx_word' id='word_1_233' title='bbox 281 2435 370 2490; x_wconf 87' lang='lat' dir='ltr'>etiam</span> <span class='ocrx_word' id='word_1_234' title='bbox 391 2434 508 2505; x_wconf 91' lang='lat' dir='ltr'>aliquos</span> <span class='ocrx_word' id='word_1_235' title='bbox 528 2434 584 2490; x_wconf 89' lang='lat' dir='ltr'>sibi</span> <span class='ocrx_word' id='word_1_236' title='bbox 606 2433 751 2501; x_wconf 89' lang='lat' dir='ltr'>inuidere,</span> <span class='ocrx_word' id='word_1_237' title='bbox 772 2435 822 2506; x_wconf 90' lang='lat' dir='ltr'>qui</span> <span class='ocrx_word' id='word_1_238' title='bbox 845 2432 902 2488; x_wconf 91' lang='lat' dir='ltr'>sibi</span> <span class='ocrx_word' id='word_1_239' title='bbox 927 2432 1100 2488; x_wconf 84' lang='lat' dir='ltr'>metuebant</span> <span class='ocrx_word' id='word_1_240' title='bbox 1121 2447 1191 2487; x_wconf 90' lang='lat' dir='ltr'>eum</span> <span class='ocrx_word' id='word_1_241' title='bbox 1211 2431 1434 2504; x_wconf 84' lang='lat' dir='ltr'>preficiendum</span> <span class='ocrx_word' id='word_1_242' title='bbox 1518 2431 1519 2438; x_wconf 55' lang='lat'><em>&#39;</em></span> 
     </span>
    </p>
   </div>
   <div class='ocr_carea' id='block_1_9' title="bbox 237 2519 1434 2769">
    <p class='ocr_par' dir='ltr' id='par_1_9' title="bbox 237 2519 1434 2769">
     <span class='ocr_line' id='line_1_25' title="bbox 281 2519 1434 2590; baseline 0.003 -14"><span class='ocrx_word' id='word_1_243' title='bbox 281 2519 363 2577; x_wconf 92' lang='lat' dir='ltr'>fore:</span> <span class='ocrx_word' id='word_1_244' title='bbox 384 2521 504 2577; x_wconf 86' lang='lat' dir='ltr'>tedebat</span> <span class='ocrx_word' id='word_1_245' title='bbox 516 2539 585 2577; x_wconf 91' lang='lat' dir='ltr'>eum</span> <span class='ocrx_word' id='word_1_246' title='bbox 604 2522 840 2578; x_wconf 87' lang='lat' dir='ltr'>conuersationis</span> <span class='ocrx_word' id='word_1_247' title='bbox 859 2521 1027 2590; x_wconf 84' lang='lat' dir='ltr'>inhoneste,</span> <span class='ocrx_word' id='word_1_248' title='bbox 1041 2528 1070 2576; x_wconf 92' lang='lat' dir='ltr'>et</span> <span class='ocrx_word' id='word_1_249' title='bbox 1089 2519 1221 2576; x_wconf 84' lang='lat' dir='ltr'>inhiabat</span> <span class='ocrx_word' id='word_1_250' title='bbox 1237 2522 1380 2578; x_wconf 87' lang='lat' dir='ltr'>ardenter</span> <span class='ocrx_word' id='word_1_251' title='bbox 1392 2527 1434 2581; x_wconf 89' lang='lat' dir='ltr'>ad</span> 
     </span>
     <span class='ocr_line' id='line_1_26' title="bbox 237 2607 1434 2681; baseline 0.004 -19"><span class='ocrx_word' id='word_1_252' title='bbox 237 2625 267 2677; x_wconf 83' lang='lat'>²5</span> <span class='ocrx_word' id='word_1_253' title='bbox 282 2607 412 2665; x_wconf 87' lang='lat' dir='ltr'>solitarie</span> <span class='ocrx_word' id='word_1_254' title='bbox 437 2608 626 2664; x_wconf 87' lang='lat' dir='ltr'>dulcedinem</span> <span class='ocrx_word' id='word_1_255' title='bbox 652 2609 744 2665; x_wconf 82' lang='lat' dir='ltr'>vite⁹.</span> <span class='ocrx_word' id='word_1_256' title='bbox 793 2607 938 2665; x_wconf 89' lang='lat' dir='ltr'>Simulata</span> <span class='ocrx_word' id='word_1_257' title='bbox 964 2609 1052 2679; x_wconf 89' lang='lat' dir='ltr'>igitur</span> <span class='ocrx_word' id='word_1_258' title='bbox 1076 2607 1222 2663; x_wconf 87' lang='lat' dir='ltr'>stomachi</span> <span class='ocrx_word' id='word_1_259' title='bbox 1246 2608 1434 2681; x_wconf 86' lang='lat' dir='ltr'>infirmitate,</span> 
     </span>
     <span class='ocr_line' id='line_1_27' title="bbox 282 2694 1434 2769; baseline 0.004 -19"><span class='ocrx_word' id='word_1_260' title='bbox 282 2694 470 2753; x_wconf 89' lang='lat' dir='ltr'>hortolanum</span> <span class='ocrx_word' id='word_1_261' title='bbox 479 2695 500 2728; x_wconf 84' lang='lat'>¹⁰</span> <span class='ocrx_word' id='word_1_262' title='bbox 508 2696 623 2768; x_wconf 89' lang='lat' dir='ltr'>rogauit</span> <span class='ocrx_word' id='word_1_263' title='bbox 633 2705 664 2752; x_wconf 88' lang='lat' dir='ltr'>vt</span> <span class='ocrx_word' id='word_1_264' title='bbox 675 2697 702 2753; x_wconf 89' lang='lat' dir='ltr'>ei</span> <span class='ocrx_word' id='word_1_265' title='bbox 710 2695 843 2769; x_wconf 88' lang='lat' dir='ltr'>quotidie</span> <span class='ocrx_word' id='word_1_266' title='bbox 852 2695 974 2752; x_wconf 82' lang='lat' dir='ltr'>afferret</span> <span class='ocrx_word' id='word_1_267' title='bbox 982 2696 1098 2750; x_wconf 90' lang='lat' dir='ltr'>radices</span> <span class='ocrx_word' id='word_1_268' title='bbox 1109 2695 1297 2766; x_wconf 90' lang='lat' dir='ltr'>quorundam</span> <span class='ocrx_word' id='word_1_269' title='bbox 1306 2699 1434 2755; x_wconf 86' lang='lat' dir='ltr'>carduo-</span> 
     </span>
    </p>
   </div>
   <div class='ocr_carea' id='block_1_10' title="bbox 282 2781 1519 2854">
    <p class='ocr_par' dir='ltr' id='par_1_10' title="bbox 282 2781 1519 2854">
     <span class='ocr_line' id='line_1_28' title="bbox 282 2781 1519 2854; baseline 0.005 -17"><span class='ocrx_word' id='word_1_270' title='bbox 282 2799 357 2851; x_wconf 92' lang='lat' dir='ltr'>rum,</span> <span class='ocrx_word' id='word_1_271' title='bbox 379 2799 455 2854; x_wconf 89' lang='lat' dir='ltr'>quas</span> <span class='ocrx_word' id='word_1_272' title='bbox 475 2784 532 2839; x_wconf 90' lang='lat' dir='ltr'>sibi</span> <span class='ocrx_word' id='word_1_273' title='bbox 551 2785 705 2840; x_wconf 87' lang='lat' dir='ltr'>asserebat</span> <span class='ocrx_word' id='word_1_274' title='bbox 726 2784 834 2840; x_wconf 88' lang='lat' dir='ltr'>afferre</span> <span class='ocrx_word' id='word_1_275' title='bbox 854 2781 1010 2839; x_wconf 87' lang='lat' dir='ltr'>solutionis</span> <span class='ocrx_word' id='word_1_276' title='bbox 1029 2783 1204 2838; x_wconf 90' lang='lat' dir='ltr'>remedium.</span> <span class='ocrx_word' id='word_1_277' title='bbox 1242 2781 1309 2838; x_wconf 90' lang='lat' dir='ltr'>Hoc</span> <span class='ocrx_word' id='word_1_278' title='bbox 1329 2793 1433 2843; x_wconf 86' lang='lat' dir='ltr'>autem</span> <span class='ocrx_word' id='word_1_279' title='bbox 1518 2831 1519 2842; x_wconf 66' lang='grc'>,</span> 
     </span>
    </p>
   </div>
   <div class='ocr_carea' id='block_1_11' title="bbox 281 2868 1434 3031">
    <p class='ocr_par' dir='ltr' id='par_1_11' title="bbox 281 2868 1434 3031">
     <span class='ocr_line' id='line_1_29' title="bbox 281 2868 1434 2943; baseline 0.003 -18"><span class='ocrx_word' id='word_1_280' title='bbox 281 2868 416 2939; x_wconf 80' lang='lat' dir='ltr'>faciebat,</span> <span class='ocrx_word' id='word_1_281' title='bbox 431 2877 462 2926; x_wconf 91' lang='lat' dir='ltr'>vt</span> <span class='ocrx_word' id='word_1_282' title='bbox 481 2887 592 2943; x_wconf 88' lang='lat' dir='ltr'>corpus</span> <span class='ocrx_word' id='word_1_283' title='bbox 610 2887 698 2927; x_wconf 90' lang='lat' dir='ltr'>suurn</span> <span class='ocrx_word' id='word_1_284' title='bbox 717 2871 921 2928; x_wconf 79' lang='lat' dir='ltr'>assuefaceret</span> <span class='ocrx_word' id='word_1_285' title='bbox 940 2870 991 2926; x_wconf 89' lang='lat' dir='ltr'>tali</span> <span class='ocrx_word' id='word_1_286' title='bbox 1009 2869 1108 2926; x_wconf 90' lang='lat' dir='ltr'>edulio</span> <span class='ocrx_word' id='word_1_287' title='bbox 1127 2869 1207 2942; x_wconf 89' lang='lat' dir='ltr'>quali</span> <span class='ocrx_word' id='word_1_288' title='bbox 1226 2869 1328 2927; x_wconf 88' lang='lat' dir='ltr'>vivere</span> <span class='ocrx_word' id='word_1_289' title='bbox 1337 2871 1357 2904; x_wconf 88' lang='lat'>¹¹</span> <span class='ocrx_word' id='word_1_290' title='bbox 1370 2874 1434 2930; x_wconf 91' lang='lat' dir='ltr'>dis-</span> 
     </span>
     <span class='ocr_line' id='line_1_30' title="bbox 282 2958 1431 3031; baseline 0.003 -17"><span class='ocrx_word' id='word_1_291' title='bbox 282 2959 411 3030; x_wconf 91' lang='lat' dir='ltr'>ponebat</span> <span class='ocrx_word' id='word_1_292' title='bbox 424 2958 455 3014; x_wconf 92' lang='lat' dir='ltr'>in</span> <span class='ocrx_word' id='word_1_293' title='bbox 468 2958 601 3014; x_wconf 89' lang='lat' dir='ltr'>heremo.</span> <span class='ocrx_word' id='word_1_294' title='bbox 639 2958 715 3015; x_wconf 93' lang='lat' dir='ltr'>Cum</span> <span class='ocrx_word' id='word_1_295' title='bbox 730 2976 802 3031; x_wconf 90' lang='lat' dir='ltr'>ergo</span> <span class='ocrx_word' id='word_1_296' title='bbox 814 2961 874 3014; x_wconf 88' lang='lat' dir='ltr'>iam</span> <span class='ocrx_word' id='word_1_297' title='bbox 887 2959 1021 3014; x_wconf 90' lang='lat' dir='ltr'>animum</span> <span class='ocrx_word' id='word_1_298' title='bbox 1035 2966 1064 3013; x_wconf 92' lang='lat' dir='ltr'>et</span> <span class='ocrx_word' id='word_1_299' title='bbox 1081 2974 1192 3030; x_wconf 92' lang='lat' dir='ltr'>corpus</span> <span class='ocrx_word' id='word_1_300' title='bbox 1204 2969 1380 3030; x_wconf 85' lang='lat' dir='ltr'>prepararet</span> <span class='ocrx_word' id='word_1_301' title='bbox 1393 2963 1431 3017; x_wconf 90' lang='lat' dir='ltr'>ad</span> 
     </span>
    </p>
   </div>
   <div class='ocr_carea' id='block_1_12' title="bbox 237 3039 1519 3119">
    <p class='ocr_par' dir='ltr' id='par_1_12' title="bbox 237 3039 1519 3119">
     <span class='ocr_line' id='line_1_31' title="bbox 237 3039 1519 3119; baseline 0.006 -21"><span class='ocrx_word' id='word_1_302' title='bbox 237 3064 269 3113; x_wconf 74' lang='lat'>30</span> <span class='ocrx_word' id='word_1_303' title='bbox 282 3045 392 3118; x_wconf 86' lang='lat' dir='ltr'>fugam,</span> <span class='ocrx_word' id='word_1_304' title='bbox 406 3045 581 3101; x_wconf 88' lang='lat' dir='ltr'>Herlewino</span> <span class='ocrx_word' id='word_1_305' title='bbox 594 3046 701 3115; x_wconf 89' lang='lat' dir='ltr'>abbati,</span> <span class='ocrx_word' id='word_1_306' title='bbox 715 3046 787 3101; x_wconf 90' lang='lat' dir='ltr'>nihil</span> <span class='ocrx_word' id='word_1_307' title='bbox 800 3047 838 3102; x_wconf 93' lang='lat' dir='ltr'>de</span> <span class='ocrx_word' id='word_1_308' title='bbox 852 3045 908 3101; x_wconf 91' lang='lat' dir='ltr'>hoc</span> <span class='ocrx_word' id='word_1_309' title='bbox 922 3045 1093 3117; x_wconf 88' lang='lat' dir='ltr'>suspicanti,</span> <span class='ocrx_word' id='word_1_310' title='bbox 1106 3045 1178 3100; x_wconf 89' lang='lat' dir='ltr'>dum</span> <span class='ocrx_word' id='word_1_311' title='bbox 1193 3045 1225 3100; x_wconf 93' lang='lat' dir='ltr'>in</span> <span class='ocrx_word' id='word_1_312' title='bbox 1242 3044 1319 3101; x_wconf 89' lang='lat' dir='ltr'>lecto</span> <span class='ocrx_word' id='word_1_313' title='bbox 1332 3047 1432 3119; x_wconf 87' lang='lat' dir='ltr'>quies·</span> <span class='ocrx_word' id='word_1_314' title='bbox 1518 3039 1519 3044; x_wconf 8' lang='grc' dir='ltr'>ἵ</span> 
     </span>
    </p>
   </div>
   <div class='ocr_carea' id='block_1_13' title="bbox 237 3132 1432 3987">
    <p class='ocr_par' dir='ltr' id='par_1_13' title="bbox 237 3132 1432 3987">
     <span class='ocr_line' id='line_1_32' title="bbox 282 3132 1432 3206; baseline 0.003 -18"><span class='ocrx_word' id='word_1_315' title='bbox 282 3141 372 3203; x_wconf 90' lang='lat' dir='ltr'>ceret,</span> <span class='ocrx_word' id='word_1_316' title='bbox 386 3149 462 3204; x_wconf 89' lang='lat' dir='ltr'>puer</span> <span class='ocrx_word' id='word_1_317' title='bbox 475 3133 525 3204; x_wconf 90' lang='lat' dir='ltr'>qui</span> <span class='ocrx_word' id='word_1_318' title='bbox 538 3149 637 3206; x_wconf 91' lang='lat' dir='ltr'>nuper</span> <span class='ocrx_word' id='word_1_319' title='bbox 654 3134 768 3189; x_wconf 89' lang='lat' dir='ltr'>obierat</span> <span class='ocrx_word' id='word_1_320' title='bbox 787 3133 817 3188; x_wconf 92' lang='lat' dir='ltr'>in</span> <span class='ocrx_word' id='word_1_321' title='bbox 830 3141 914 3190; x_wconf 91' lang='lat' dir='ltr'>veste</span> <span class='ocrx_word' id='word_1_322' title='bbox 932 3132 1058 3188; x_wconf 91' lang='lat' dir='ltr'>candida</span> <span class='ocrx_word' id='word_1_323' title='bbox 1075 3132 1220 3204; x_wconf 90' lang='lat' dir='ltr'>apparuit,</span> <span class='ocrx_word' id='word_1_324' title='bbox 1234 3149 1330 3204; x_wconf 89' lang='lat' dir='ltr'>nepos</span> <span class='ocrx_word' id='word_1_325' title='bbox 1350 3152 1432 3193; x_wconf 91' lang='lat' dir='ltr'>suus.</span> 
     </span>
     <span class='ocr_line' id='line_1_33' title="bbox 283 3218 1432 3292; baseline 0.003 -16"><span class='ocrx_word' id='word_1_326' title='bbox 283 3219 375 3276; x_wconf 89' lang='lat' dir='ltr'>Cuius</span> <span class='ocrx_word' id='word_1_327' title='bbox 387 3228 511 3292; x_wconf 91' lang='lat' dir='ltr'>aspectu</span> <span class='ocrx_word' id='word_1_328' title='bbox 525 3219 555 3274; x_wconf 91' lang='lat' dir='ltr'>in</span> <span class='ocrx_word' id='word_1_329' title='bbox 568 3220 650 3276; x_wconf 94' lang='lat' dir='ltr'>nullo</span> <span class='ocrx_word' id='word_1_330' title='bbox 664 3219 809 3290; x_wconf 89' lang='lat' dir='ltr'>turbatus,</span> <span class='ocrx_word' id='word_1_331' title='bbox 820 3220 862 3276; x_wconf 92' lang='lat' dir='ltr'>sic</span> <span class='ocrx_word' id='word_1_332' title='bbox 873 3237 943 3276; x_wconf 91' lang='lat' dir='ltr'>eum</span> <span class='ocrx_word' id='word_1_333' title='bbox 954 3218 1075 3276; x_wconf 84' lang='lat' dir='ltr'>affatur:</span> <span class='ocrx_word' id='word_1_334' title='bbox 1098 3219 1274 3289; x_wconf 87' lang='lat' dir='ltr'>‘Quomodo</span> <span class='ocrx_word' id='word_1_335' title='bbox 1287 3230 1317 3277; x_wconf 92' lang='lat' dir='ltr'>te</span> <span class='ocrx_word' id='word_1_336' title='bbox 1327 3222 1432 3292; x_wconf 87' lang='lat' dir='ltr'>habes,</span> 
     </span>
     <span class='ocr_line' id='line_1_34' title="bbox 282 3305 1432 3380; baseline 0.005 -18"><span class='ocrx_word' id='word_1_337' title='bbox 282 3305 324 3362; x_wconf 88' lang='lat' dir='ltr'>fili</span> <span class='ocrx_word' id='word_1_338' title='bbox 333 3309 360 3362; x_wconf 78' lang='lat' dir='ltr'>i&#39;</span> <span class='ocrx_word' id='word_1_339' title='bbox 400 3306 438 3364; x_wconf 89' lang='lat' dir='ltr'>Et</span> <span class='ocrx_word' id='word_1_340' title='bbox 451 3305 520 3363; x_wconf 90' lang='lat' dir='ltr'>ille:</span> <span class='ocrx_word' id='word_1_341' title='bbox 541 3306 624 3378; x_wconf 87' lang='lat' dir='ltr'>‘Ego</span> <span class='ocrx_word' id='word_1_342' title='bbox 638 3325 696 3378; x_wconf 86' lang='lat' dir='ltr'>me,</span> <span class='ocrx_word' id='word_1_343' title='bbox 709 3307 758 3376; x_wconf 87' lang='lat' dir='ltr'>ait,</span> <span class='ocrx_word' id='word_1_344' title='bbox 771 3318 866 3380; x_wconf 90' lang='lat' dir='ltr'>pater,</span> <span class='ocrx_word' id='word_1_345' title='bbox 879 3307 957 3363; x_wconf 90' lang='lat' dir='ltr'>bene</span> <span class='ocrx_word' id='word_1_346' title='bbox 974 3305 1078 3376; x_wconf 89' lang='lat' dir='ltr'>habeo,</span> <span class='ocrx_word' id='word_1_347' title='bbox 1092 3307 1161 3379; x_wconf 92' lang='lat' dir='ltr'>quia</span> <span class='ocrx_word' id='word_1_348' title='bbox 1178 3323 1233 3378; x_wconf 91' lang='lat' dir='ltr'>per</span> <span class='ocrx_word' id='word_1_349' title='bbox 1252 3308 1300 3364; x_wconf 88' lang='lat' dir='ltr'>dei</span> <span class='ocrx_word' id='word_1_350' title='bbox 1314 3311 1432 3368; x_wconf 88' lang='lat' dir='ltr'>miseri-</span> 
     </span>
     <span class='ocr_line' id='line_1_35' title="bbox 282 3393 1432 3456; baseline 0.008 -8"><span class='ocrx_word' id='word_1_351' title='bbox 282 3393 415 3449; x_wconf 90' lang='lat' dir='ltr'>cordiam</span> <span class='ocrx_word' id='word_1_352' title='bbox 434 3402 463 3449; x_wconf 93' lang='lat' dir='ltr'>et</span> <span class='ocrx_word' id='word_1_353' title='bbox 482 3401 564 3450; x_wconf 89' lang='lat' dir='ltr'>tuam</span> <span class='ocrx_word' id='word_1_354' title='bbox 583 3394 831 3451; x_wconf 85' lang='lat' dir='ltr'>intercessionem</span> <span class='ocrx_word' id='word_1_355' title='bbox 849 3396 887 3451; x_wconf 88' lang='lat' dir='ltr'>ab</span> <span class='ocrx_word' id='word_1_356' title='bbox 909 3395 991 3451; x_wconf 90' lang='lat' dir='ltr'>omni</span> <span class='ocrx_word' id='word_1_357' title='bbox 1011 3403 1160 3451; x_wconf 89' lang='lat' dir='ltr'>tormento</span> <span class='ocrx_word' id='word_1_358' title='bbox 1184 3394 1329 3452; x_wconf 88' lang='lat' dir='ltr'>liberatus</span> <span class='ocrx_word' id='word_1_359' title='bbox 1355 3415 1432 3456; x_wconf 90' lang='lat' dir='ltr'>sum.</span> 
     </span>
     <span class='ocr_line' id='line_1_36' title="bbox 238 3479 1432 3557; baseline 0.004 -19"><span class='ocrx_word' id='word_1_360' title='bbox 238 3487 269 3538; x_wconf 79' lang='lat'>35</span> <span class='ocrx_word' id='word_1_361' title='bbox 282 3479 346 3536; x_wconf 67' lang='lat' dir='ltr'>&#39;Sed</span> <span class='ocrx_word' id='word_1_362' title='bbox 364 3479 439 3536; x_wconf 90' lang='lat' dir='ltr'>deus</span> <span class='ocrx_word' id='word_1_363' title='bbox 457 3481 538 3537; x_wconf 89' lang='lat' dir='ltr'>misit</span> <span class='ocrx_word' id='word_1_364' title='bbox 558 3498 607 3537; x_wconf 89' lang='lat' dir='ltr'>me</span> <span class='ocrx_word' id='word_1_365' title='bbox 624 3483 661 3537; x_wconf 92' lang='lat' dir='ltr'>ad</span> <span class='ocrx_word' id='word_1_366' title='bbox 679 3492 709 3538; x_wconf 89' lang='lat' dir='ltr'>te</span> <span class='ocrx_word' id='word_1_367' title='bbox 726 3491 757 3539; x_wconf 91' lang='lat' dir='ltr'>vt</span> <span class='ocrx_word' id='word_1_368' title='bbox 772 3483 869 3539; x_wconf 90' lang='lat' dir='ltr'>dicam</span> <span class='ocrx_word' id='word_1_369' title='bbox 886 3482 939 3538; x_wconf 88' lang='lat' dir='ltr'>tibi</span> <span class='ocrx_word' id='word_1_370' title='bbox 956 3482 1025 3555; x_wconf 89' lang='lat' dir='ltr'>quia</span> <span class='ocrx_word' id='word_1_371' title='bbox 1045 3481 1070 3538; x_wconf 88' lang='lat' dir='ltr'>si</span> <span class='ocrx_word' id='word_1_372' title='bbox 1086 3499 1146 3537; x_wconf 94' lang='lat' dir='ltr'>non</span> <span class='ocrx_word' id='word_1_373' title='bbox 1159 3481 1210 3537; x_wconf 90' lang='lat' dir='ltr'>tibi</span> <span class='ocrx_word' id='word_1_374' title='bbox 1224 3489 1432 3557; x_wconf 81' lang='lat' dir='ltr'>prospexeris,</span> 
     </span>
     <span class='ocr_line' id='line_1_37' title="bbox 283 3565 1431 3646; baseline 0.006 -23"><span class='ocrx_word' id='word_1_375' title='bbox 283 3565 495 3624; x_wconf 88' lang='lat' dir='ltr'>Lamfrancum</span> <span class='ocrx_word' id='word_1_376' title='bbox 508 3569 545 3623; x_wconf 90' lang='lat' dir='ltr'>ad</span> <span class='ocrx_word' id='word_1_377' title='bbox 559 3569 730 3640; x_wconf 88' lang='lat' dir='ltr'>proximum</span> <span class='ocrx_word' id='word_1_378' title='bbox 744 3587 804 3625; x_wconf 93' lang='lat' dir='ltr'>non</span> <span class='ocrx_word' id='word_1_379' title='bbox 819 3569 952 3627; x_wconf 89' lang='lat' dir='ltr'>habebis.</span> <span class='ocrx_word' id='word_1_380' title='bbox 983 3569 1152 3626; x_wconf 89' lang='lat' dir='ltr'>Solitariam</span> <span class='ocrx_word' id='word_1_381' title='bbox 1166 3569 1256 3626; x_wconf 89' lang='lat' dir='ltr'>vitam</span> <span class='ocrx_word' id='word_1_382' title='bbox 1270 3572 1431 3646; x_wconf 85' lang='lat' dir='ltr'>desiderat,</span> 
     </span>
     <span class='ocr_line' id='line_1_38' title="bbox 284 3654 1432 3730; baseline 0.007 -20"><span class='ocrx_word' id='word_1_383' title='bbox 284 3662 313 3710; x_wconf 88' lang='lat' dir='ltr'>et</span> <span class='ocrx_word' id='word_1_384' title='bbox 332 3655 371 3710; x_wconf 91' lang='lat' dir='ltr'>de</span> <span class='ocrx_word' id='word_1_385' title='bbox 389 3654 572 3710; x_wconf 87' lang='lat' dir='ltr'>monasterio</span> <span class='ocrx_word' id='word_1_386' title='bbox 592 3658 695 3728; x_wconf 86' lang='lat' dir='ltr'>egredi</span> <span class='ocrx_word' id='word_1_387' title='bbox 717 3657 871 3726; x_wconf 89' lang='lat' dir='ltr'>deliberat,</span> <span class='ocrx_word' id='word_1_388' title='bbox 892 3657 1032 3730; x_wconf 86' lang='lat' dir='ltr'>quoniam</span> <span class='ocrx_word' id='word_1_389' title='bbox 1054 3673 1154 3714; x_wconf 91' lang='lat' dir='ltr'>mores</span> <span class='ocrx_word' id='word_1_390' title='bbox 1174 3665 1204 3713; x_wconf 91' lang='lat' dir='ltr'>et</span> <span class='ocrx_word' id='word_1_391' title='bbox 1222 3656 1351 3716; x_wconf 90' lang='lat' dir='ltr'>fratrum</span> <span class='ocrx_word' id='word_1_392' title='bbox 1373 3662 1432 3718; x_wconf 85' lang='lat' dir='ltr'>vita</span> 
     </span>
     <span class='ocr_line' id='line_1_39' title="bbox 284 3741 1432 3821; baseline 0.007 -23"><span class='ocrx_word' id='word_1_393' title='bbox 284 3759 345 3798; x_wconf 90' lang='lat' dir='ltr'>non</span> <span class='ocrx_word' id='word_1_394' title='bbox 360 3741 415 3798; x_wconf 90' lang='lat' dir='ltr'>sibi</span> <span class='ocrx_word' id='word_1_395' title='bbox 429 3743 557 3814; x_wconf 91' lang='lat' dir='ltr'>placent.</span> <span class='ocrx_word' id='word_1_396' title='bbox 593 3743 672 3800; x_wconf 93' lang='lat' dir='ltr'>Vide</span> <span class='ocrx_word' id='word_1_397' title='bbox 685 3761 757 3816; x_wconf 91' lang='lat' dir='ltr'>ergo</span> <span class='ocrx_word' id='word_1_398' title='bbox 771 3744 841 3817; x_wconf 91' lang='lat' dir='ltr'>quid</span> <span class='ocrx_word' id='word_1_399' title='bbox 854 3744 907 3801; x_wconf 93' lang='lat' dir='ltr'>tibi</span> <span class='ocrx_word' id='word_1_400' title='bbox 917 3745 937 3778; x_wconf 81' lang='lat'>¹²</span> <span class='ocrx_word' id='word_1_401' title='bbox 949 3744 1041 3800; x_wconf 88' lang='lat' dir='ltr'>facias</span> <span class='ocrx_word' id='word_1_402' title='bbox 1054 3765 1059 3800; x_wconf 96' lang='lat'><strong>:</strong></span> <span class='ocrx_word' id='word_1_403' title='bbox 1074 3746 1143 3817; x_wconf 89' lang='lat' dir='ltr'>quia</span> <span class='ocrx_word' id='word_1_404' title='bbox 1162 3743 1213 3800; x_wconf 86' lang='lat' dir='ltr'>tibi</span> <span class='ocrx_word' id='word_1_405' title='bbox 1233 3761 1294 3801; x_wconf 91' lang='lat' dir='ltr'>non</span> <span class='ocrx_word' id='word_1_406' title='bbox 1308 3750 1432 3821; x_wconf 88' lang='lat' dir='ltr'>expedit</span> 
     </span>
     <span class='ocr_line' id='line_1_40' title="bbox 282 3829 1432 3905; baseline 0.006 -19"><span class='ocrx_word' id='word_1_407' title='bbox 282 3831 505 3887; x_wconf 88' lang='lat' dir='ltr'>vttedeserat.&#39;</span> <span class='ocrx_word' id='word_1_408' title='bbox 544 3829 611 3887; x_wconf 90' lang='lat' dir='ltr'>Hiis</span> <span class='ocrx_word' id='word_1_409' title='bbox 625 3831 711 3888; x_wconf 87' lang='lat' dir='ltr'>dictis</span> <span class='ocrx_word' id='word_1_410' title='bbox 723 3849 800 3904; x_wconf 89' lang='lat' dir='ltr'>puer</span> <span class='ocrx_word' id='word_1_411' title='bbox 812 3833 966 3905; x_wconf 87' lang='lat' dir='ltr'>disparuit.</span> <span class='ocrx_word' id='word_1_412' title='bbox 1004 3831 1094 3888; x_wconf 91' lang='lat' dir='ltr'>Mane</span> <span class='ocrx_word' id='word_1_413' title='bbox 1106 3840 1205 3888; x_wconf 87' lang='lat' dir='ltr'>autem</span> <span class='ocrx_word' id='word_1_414' title='bbox 1220 3831 1432 3893; x_wconf 81' lang='lat' dir='ltr'>Lamfrancum</span> 
     </span>
     <span class='ocr_line' id='line_1_41' title="bbox 237 3916 1431 3987; baseline 0.008 -15"><span class='ocrx_word' id='word_1_415' title='bbox 237 3937 271 3987; x_wconf 87' lang='lat'>40</span> <span class='ocrx_word' id='word_1_416' title='bbox 284 3917 389 3974; x_wconf 90' lang='lat' dir='ltr'>asciuit</span> <span class='ocrx_word' id='word_1_417' title='bbox 398 3916 427 3986; x_wconf 79' lang='lat'>¹³,</span> <span class='ocrx_word' id='word_1_418' title='bbox 438 3926 468 3974; x_wconf 89' lang='lat' dir='ltr'>et</span> <span class='ocrx_word' id='word_1_419' title='bbox 480 3934 583 3973; x_wconf 90' lang='lat' dir='ltr'>secum</span> <span class='ocrx_word' id='word_1_420' title='bbox 597 3920 706 3975; x_wconf 88' lang='lat' dir='ltr'>sedere</span> <span class='ocrx_word' id='word_1_421' title='bbox 720 3919 796 3975; x_wconf 87' lang='lat' dir='ltr'>fecit.</span> <span class='ocrx_word' id='word_1_422' title='bbox 834 3919 894 3976; x_wconf 91' lang='lat' dir='ltr'>Cor</span> <span class='ocrx_word' id='word_1_423' title='bbox 902 3924 982 3976; x_wconf 88' lang='lat' dir='ltr'>enim</span> <span class='ocrx_word' id='word_1_424' title='bbox 994 3919 1015 3951; x_wconf 80' lang='lat'>¹²</span> <span class='ocrx_word' id='word_1_425' title='bbox 1024 3921 1089 3975; x_wconf 90' lang='lat' dir='ltr'>eius</span> <span class='ocrx_word' id='word_1_426' title='bbox 1099 3920 1203 3976; x_wconf 91' lang='lat' dir='ltr'>intimo</span> <span class='ocrx_word' id='word_1_427' title='bbox 1210 3920 1315 3978; x_wconf 90' lang='lat' dir='ltr'>dolore</span> <span class='ocrx_word' id='word_1_428' title='bbox 1326 3941 1431 3980; x_wconf 89' lang='lat' dir='ltr'>concu-</span> 
     </span>
    </p>
   </div>
   <div class='ocr_carea' id='block_1_14' title="bbox 283 4006 1519 4082">
    <p class='ocr_par' dir='ltr' id='par_1_14' title="bbox 283 4006 1519 4082">
     <span class='ocr_line' id='line_1_42' title="bbox 283 4006 1519 4082; baseline 0.008 -20"><span class='ocrx_word' id='word_1_429' title='bbox 283 4007 362 4078; x_wconf 85' lang='lat' dir='ltr'>titur,</span> <span class='ocrx_word' id='word_1_430' title='bbox 370 4023 429 4063; x_wconf 89' lang='lat' dir='ltr'>vox</span> <span class='ocrx_word' id='word_1_431' title='bbox 437 4007 515 4062; x_wconf 89' lang='lat' dir='ltr'>intra</span> <span class='ocrx_word' id='word_1_432' title='bbox 524 4006 626 4063; x_wconf 90' lang='lat' dir='ltr'>fauces</span> <span class='ocrx_word' id='word_1_433' title='bbox 634 4011 788 4079; x_wconf 90' lang='lat' dir='ltr'>premitur,</span> <span class='ocrx_word' id='word_1_434' title='bbox 799 4007 943 4066; x_wconf 87' lang='lat' dir='ltr'>lachrime</span> <span class='ocrx_word' id='word_1_435' title='bbox 953 4018 1147 4081; x_wconf 86' lang='lat' dir='ltr'>erumpentes</span> <span class='ocrx_word' id='word_1_436' title='bbox 1157 4008 1293 4066; x_wconf 90' lang='lat' dir='ltr'>dolorem</span> <span class='ocrx_word' id='word_1_437' title='bbox 1306 4012 1327 4044; x_wconf 84' lang='lat'>¹⁴</span> <span class='ocrx_word' id='word_1_438' title='bbox 1335 4015 1432 4071; x_wconf 87' lang='lat' dir='ltr'>cordis</span> <span class='ocrx_word' id='word_1_439' title='bbox 1518 4071 1519 4082; x_wconf 63' lang='grc'>,</span> 
     </span>
    </p>
   </div>
   <div class='ocr_carea' id='block_1_15' title="bbox 284 4169 1519 4298">
    <p class='ocr_par' dir='ltr' id='par_1_15' title="bbox 284 4169 1519 4298">
     <span class='ocr_line' id='line_1_43' title="bbox 316 4169 1519 4236; baseline 0.005 -18"><span class='ocrx_word' id='word_1_440' title='bbox 316 4169 371 4220; x_wconf 88' lang='lat' dir='ltr'>¹E.</span> <span class='ocrx_word' id='word_1_441' title='bbox 384 4171 521 4232; x_wconf 85' lang='lat' dir='ltr'>quoddam.</span> <span class='ocrx_word' id='word_1_442' title='bbox 588 4169 688 4222; x_wconf 79' lang='lat' dir='ltr'>&#39;E.ea.</span> <span class='ocrx_word' id='word_1_443' title='bbox 754 4172 970 4222; x_wconf 83' lang='lat' dir='ltr'>⁸T.E.eandem.</span> <span class='ocrx_word' id='word_1_444' title='bbox 1036 4171 1093 4222; x_wconf 66' lang='grc' dir='ltr'>4Τ.</span> <span class='ocrx_word' id='word_1_445' title='bbox 1104 4173 1133 4222; x_wconf 85' lang='lat' dir='ltr'>E.</span> <span class='ocrx_word' id='word_1_446' title='bbox 1143 4174 1432 4236; x_wconf 82' lang='lat' dir='ltr'>obediredebere;Vit.</span> <span class='ocrx_word' id='word_1_447' title='bbox 1518 4185 1519 4224; x_wconf 63' lang='lat' dir='ltr'>l</span> 
     </span>
     <span class='ocr_line' id='line_1_44' title="bbox 284 4235 1519 4298; baseline 0.013 -16"><span class='ocrx_word' id='word_1_448' title='bbox 284 4235 455 4285; x_wconf 85' lang='lat' dir='ltr'>obedientiam</span> <span class='ocrx_word' id='word_1_449' title='bbox 465 4236 561 4288; x_wconf 87' lang='lat' dir='ltr'>deberi.</span> <span class='ocrx_word' id='word_1_450' title='bbox 644 4236 700 4286; x_wconf 77' lang='lat' dir='ltr'>⁵E.</span> <span class='ocrx_word' id='word_1_451' title='bbox 715 4239 824 4287; x_wconf 84' lang='lat' dir='ltr'>nouerit</span> <span class='ocrx_word' id='word_1_452' title='bbox 910 4238 986 4288; x_wconf 65' lang='lat' dir='ltr'>‘vit</span> <span class='ocrx_word' id='word_1_453' title='bbox 1001 4239 1035 4287; x_wconf 89' lang='lat' dir='ltr'>de</span> <span class='ocrx_word' id='word_1_454' title='bbox 1046 4240 1203 4289; x_wconf 85' lang='lat' dir='ltr'>monasterio</span> <span class='ocrx_word' id='word_1_455' title='bbox 1214 4241 1246 4289; x_wconf 90' lang='lat' dir='ltr'>ad</span> <span class='ocrx_word' id='word_1_456' title='bbox 1258 4240 1344 4292; x_wconf 89' lang='lat' dir='ltr'>locum</span> <span class='ocrx_word' id='word_1_457' title='bbox 1357 4245 1432 4294; x_wconf 84' lang='lat' dir='ltr'>illum</span> <span class='ocrx_word' id='word_1_458' title='bbox 1518 4287 1519 4298; x_wconf 65' lang='grc'>,</span> 
     </span>
    </p>
   </div>
   <div class='ocr_carea' id='block_1_16' title="bbox 283 4299 1432 4426">
    <p class='ocr_par' dir='ltr' id='par_1_16' title="bbox 283 4299 1432 4426">
     <span class='ocr_line' id='line_1_45' title="bbox 283 4299 1431 4363; baseline 0.01 -16"><span class='ocrx_word' id='word_1_459' title='bbox 283 4299 450 4352; x_wconf 79' lang='lat' dir='ltr'>&#39;E.cellam.</span> <span class='ocrx_word' id='word_1_460' title='bbox 517 4301 570 4352; x_wconf 65' lang='grc' dir='ltr'>ΒΤ.</span> <span class='ocrx_word' id='word_1_461' title='bbox 585 4303 745 4363; x_wconf 66' lang='lat' dir='ltr'>coniciens,</span> <span class='ocrx_word' id='word_1_462' title='bbox 756 4303 808 4352; x_wconf 87' lang='lat' dir='ltr'>vit.</span> <span class='ocrx_word' id='word_1_463' title='bbox 820 4311 953 4354; x_wconf 89' lang='lat' dir='ltr'>contuens.</span> <span class='ocrx_word' id='word_1_464' title='bbox 1004 4304 1060 4354; x_wconf 79' lang='lat' dir='ltr'>⁸E.</span> <span class='ocrx_word' id='word_1_465' title='bbox 1073 4305 1124 4354; x_wconf 88' lang='lat' dir='ltr'>vite</span> <span class='ocrx_word' id='word_1_466' title='bbox 1136 4305 1307 4355; x_wconf 89' lang='lat' dir='ltr'>dulcedinem.</span> <span class='ocrx_word' id='word_1_467' title='bbox 1368 4309 1386 4338; x_wconf 75' lang='lat'>¹⁸</span> <span class='ocrx_word' id='word_1_468' title='bbox 1402 4311 1431 4362; x_wconf 89' lang='lat' dir='ltr'>T.</span> 
     </span>
     <span class='ocr_line' id='line_1_46' title="bbox 286 4365 1432 4426; baseline 0.011 -12"><span class='ocrx_word' id='word_1_469' title='bbox 286 4366 438 4416; x_wconf 85' lang='lat' dir='ltr'>ortolanum.</span> <span class='ocrx_word' id='word_1_470' title='bbox 519 4365 536 4397; x_wconf 85' lang='lat'>¹¹</span> <span class='ocrx_word' id='word_1_471' title='bbox 555 4368 583 4417; x_wconf 88' lang='lat' dir='ltr'>E.</span> <span class='ocrx_word' id='word_1_472' title='bbox 595 4369 621 4416; x_wconf 91' lang='lat' dir='ltr'>in</span> <span class='ocrx_word' id='word_1_473' title='bbox 632 4384 702 4418; x_wconf 91' lang='lat' dir='ltr'>vere.</span> <span class='ocrx_word' id='word_1_474' title='bbox 770 4368 789 4398; x_wconf 78' lang='lat'>¹²</span> <span class='ocrx_word' id='word_1_475' title='bbox 805 4370 838 4418; x_wconf 84' lang='lat' dir='ltr'>al.</span> <span class='ocrx_word' id='word_1_476' title='bbox 851 4385 901 4420; x_wconf 87' lang='lat' dir='ltr'>om.</span> <span class='ocrx_word' id='word_1_477' title='bbox 968 4369 987 4399; x_wconf 79' lang='lat'>¹⁸</span> <span class='ocrx_word' id='word_1_478' title='bbox 1004 4369 1033 4420; x_wconf 86' lang='lat' dir='ltr'>E.</span> <span class='ocrx_word' id='word_1_479' title='bbox 1047 4371 1144 4421; x_wconf 80' lang='lat' dir='ltr'>accivit</span> <span class='ocrx_word' id='word_1_480' title='bbox 1217 4371 1310 4423; x_wconf 72' lang='lat' dir='ltr'>&#39;‘TAE.</span> <span class='ocrx_word' id='word_1_481' title='bbox 1323 4376 1432 4426; x_wconf 80' lang='lat' dir='ltr'>dolores</span> 
     </span>
    </p>
   </div>
   <div class='ocr_carea' id='block_1_17' title="bbox 0 0 1532 4904">
    <p class='ocr_par' dir='ltr' id='par_1_17' title="bbox 0 0 1532 4904">
     <span class='ocr_line' id='line_1_47' title="bbox 0 0 1532 4904; baseline 0 0"><span class='ocrx_word' id='word_1_482' title='bbox 0 0 1532 4904; x_wconf 95' lang='lat' dir='ltr'> </span> 
     </span>
    </p>
   </div>
  </div>
 </body>
</html>
