3008 4904
413 330 490 424 Dr
513 327 676 419 &annu
703 329 856 416 meon.
1150 346 1222 421 217

70 531 151 589 iuste
165 531 295 590 viuendo
312 529 389 588 meis
405 529 537 588 consiliis
551 529 733 603 acquiescas,
771 528 805 586 Si
822 527 912 602 igitur
929 525 1117 594 continentie,
1130 523 1223 598 pacis,

70 621 195 693 pietatis
208 630 238 677 et
250 619 420 677 innocentie
433 628 562 676 sectator
579 618 679 689 fueriS,
692 635 726 674 ac
742 617 883 690 exemplo
901 625 970 673 ante
987 624 1017 673 te
1034 613 1223 687 regnantium

69 718 193 780 patrum
201 709 291 764 totius
300 708 448 764 emulator
456 707 579 778 iusticie,
584 706 615 763 in
626 706 703 763 solio
710 705 802 778 regali
811 714 879 778 post
889 704 1039 760 modicum
1049 701 1223 759 restitueris.

71 795 109 852 Et
129 813 172 852 ne
190 795 337 854 visionem
356 795 433 852 hanc
452 795 614 852 illusoriam
633 793 796 862 arbitreris,
811 811 867 866 ego
885 809 953 848 sum
972 791 1022 848 ille
1042 791 1155 847 Neotus
1174 788 1223 846 dei

70 883 171 940 cultor
182 892 212 941 et
225 884 348 952 amicus,
361 883 412 956 qui
422 882 482 940 tuis
498 882 704 956 exigentibus¹
720 882 815 954 culpis
832 881 888 937 hos
904 877 1055 936 infortunii
1072 895 1159 934 casus
1170 875 1224 932 tibi
1238 895 1253 946 5

70 970 190 1028 futuros
203 971 338 1045 precinui
347 971 366 1027 ².
402 970 531 1044 Semper
544 980 645 1026 tamen
658 969 701 1026 tui
713 986 830 1026 memor
844 966 1061 1038 incom[m]odi,
1070 980 1223 1038 nunquam

69 1075 126 1130 pro
147 1069 179 1116 te
196 1057 371 1116 dominum⁸
386 1059 576 1132 interpellare
591 1057 700 1131 quieui.
739 1056 821 1114 Deus
839 1065 939 1112 autem
959 1055 990 1111 in
1008 1053 1124 1110 modico
1140 1052 1224 1124 quasi

70 1145 234 1219 dereliquit
253 1156 291 1216 te,
310 1155 341 1202 vt
359 1146 391 1202 iu
410 1145 651 1204 miserationibus
670 1146 733 1202 suis
754 1152 888 1201 assumat
907 1151 944 1201 te.
983 1141 1051 1198 Non
1070 1140 1166 1196 solum
1185 1141 1223 1197 de

70 1233 221 1290 tirannica
248 1234 331 1290 rabie
354 1233 532 1292 victoriosus
556 1232 762 1305 triumphabis,
788 1231 843 1289 sed
873 1238 903 1288 et
933 1230 1033 1304 ipsum
1062 1228 1224 1300 tirannum,

70 1321 269 1378 christianum
296 1321 444 1390 effectum,
469 1321 589 1378 Christo
612 1319 788 1392 assignabis,
814 1329 844 1376 et
870 1317 1012 1376 vniuersa
1039 1317 1104 1373 eius
1131 1331 1224 1386 arma,
1240 1334 1270 1371 ιο

70 1407 101 1464 in
115 1408 229 1481 quibus
245 1409 421 1477 confidebat,
434 1410 584 1480 auferenS,
597 1408 693 1482 spolia
709 1407 776 1465 eius
787 1416 819 1464 vt
831 1407 928 1480 placet
940 1405 1110 1462 distribues.
1148 1403 1225 1477 Sep·

70 1495 145 1552 tima
164 1495 266 1568 itaque
285 1505 354 1568 post
371 1497 550 1554 dominicam
568 1495 818 1554 resurrectionem
835 1494 1030 1564 hebdomada,
1043 1500 1225 1565 congregato

71 1592 179 1640 contra
197 1600 250 1639 eos
262 1583 403 1651 exercitu,
417 1601 466 1642 me
485 1586 590 1658 preuio
609 1583 754 1657 gaudebis
772 1591 802 1639 et
820 1590 997 1655 protectore,
1010 1583 1105 1638 donec
1125 1578 1225 1636 omnia

70 1687 130 1742 que
143 1670 289 1744 polliceor
302 1671 426 1729 feliciter
438 1672 646 1746 compleantur
653 1672 680 1728 ⁴.’
717 1669 787 1726 Hiis
805 1669 892 1726 dictis
910 1678 1033 1726 sanctus
1050 1667 1158 1725 iterum
1177 1685 1225 1724 re·

69 1766 180 1831 ceptus
193 1757 223 1814 in
236 1758 331 1831 gloria
347 1759 500 1832 disparuit.
574 1748 657 1818 Cum
670 1768 769 1814 autem
782 1756 926 1814 Alfredus
942 1774 996 1813 rex
1013 1773 1081 1812 cum
1095 1755 1224 1811 Guttrun
1241 1776 1270 1826 ¹5

70 1863 143 1918 rege
160 1845 318 1903 Danorum
330 1864 364 1904 se
377 1857 496 1920 pararet
509 1849 546 1904 ad
556 1847 694 1921 prelium,
705 1863 775 1904 ecce
787 1845 818 1900 in
831 1852 917 1900 nocte
933 1842 1077 1916 [sanctus]
1088 1842 1099 1873 ³
1110 1842 1225 1898 Neotus

70 1934 209 2005 angelica
234 1933 345 2006 specie,
368 1935 455 1991 niuea
480 1934 599 2004 canicie,
623 1933 757 1992 vestibus
780 1931 901 2005 fulgidis
925 1940 956 1988 et
979 1929 1136 1986 odoriferis
1160 1928 1225 2002 regi

71 2020 201 2078 Alfredo
220 2020 378 2078 visibiliter
397 2022 542 2095 apparuit,
565 2039 649 2080 arma
672 2038 774 2078 secum
800 2019 944 2092 belligera
967 2016 1117 2076 deferens.
1155 2015 1225 2073 Rex

71 2107 188 2181 quippe
201 2107 335 2166 solicitus
348 2126 382 2169 ac
395 2110 522 2166 deuotus
535 2109 629 2166 sancti
641 2109 824 2182 promissum
837 2109 999 2166 aduentum
1011 2123 1045 2162 ac
1059 2103 1225 2177 presidium

71 2195 281 2266 desiderabat;
301 2197 347 2252 cui
361 2205 391 2254 et
403 2197 460 2253 ait:
481 2198 635 2271 ‘Surgens
647 2197 717 2253 tolle
730 2213 839 2266 moras,
853 2195 890 2251 ad
903 2193 1033 2267 palmam
1046 2199 1224 2265 preparatus
1241 2213 1271 2248 20

71 2283 205 2339 victorie.
243 2283 326 2340 Sicut
345 2285 426 2341 enirn
445 2285 476 2342 in
496 2285 642 2358 angustiis
661 2283 855 2356 premonitor,
874 2280 917 2338 sic
939 2281 970 2336 in
992 2279 1097 2336 itinere
1118 2277 1225 2334 nihilo·

72 2370 176 2426 minus
188 2379 258 2427 tuus
270 2388 323 2428 ero
336 2372 448 2428 ductor.
487 2372 573 2429 Nunc
592 2372 691 2446 igitur,
704 2380 736 2428 vt
754 2369 811 2428 viri
825 2369 917 2426 fortes
930 2377 959 2426 et
972 2369 1009 2426 ad
1023 2366 1102 2424 bella
1114 2365 1225 2422 doctis·

72 2457 150 2528 simi,
172 2475 240 2514 cras
261 2459 456 2531 egrediemini
479 2469 509 2518 et
530 2460 670 2518 dominus
694 2458 752 2515 erit
775 2456 938 2516 vobiscum.
976 2455 1124 2516 Dominus
1143 2453 1224 2512 enim

72 2543 157 2602 fortis
178 2555 207 2602 et
226 2555 344 2618 potens,
358 2546 497 2605 dominus
515 2557 623 2621 potens
641 2547 672 2603 in
692 2546 803 2620 preli03
823 2547 874 2622 qui
887 2546 937 2600 dat
950 2544 1076 2602 salutem
1096 2541 1225 2616 regibuS,

72 2649 127 2704 per
140 2650 192 2689 me
205 2633 349 2690 famulum
366 2652 454 2691 suum
472 2644 575 2710 optato
591 2652 645 2691 vos
657 2633 808 2707 triumpho
821 2633 924 2689 ditabit
937 2649 1005 2690 cum
1018 2632 1122 2688 salute.
1160 2630 1224 2704 Ego
1239 2654 1269 2705 25

73 2728 143 2778 ante
155 2739 213 2777 vos
226 2720 275 2776 ibo
291 2729 321 2777 et
337 2721 481 2794 gloriosos
499 2740 532 2778 ac
548 2723 696 2795 superbos
709 2721 880 2789 humiliabo,
892 2729 922 2777 et
935 2720 966 2777 in
979 2730 1143 2793 conspectu
1157 2736 1224 2774 meo

74 2807 189 2866 inimici
202 2807 294 2865 vestri
313 2809 419 2866 cadent
437 2809 552 2883 gladio!
590 2809 759 2867 Commisso
777 2808 877 2881 itaque
896 2807 990 2880 prelio
1007 2825 1062 2863 rex
1080 2805 1225 2863 Alfredus

73 2906 214 2953 sanctum
234 2896 362 2953 Nectum
376 2896 511 2954 inimicos
524 2905 729 2956 conterentem
742 2906 771 2953 et
784 2896 904 2969 ineptos
915 2897 1090 2953 reddentem
1104 2893 1175 2950 vidit
1195 2903 1225 2950 et

73 2983 207 3056 agnouit,
221 2993 250 3040 et
263 2983 348 3040 breui
361 3002 501 3042 sermone
514 3003 680 3042 conuersus
698 2986 736 3041 ad
753 3001 823 3042 suos
839 2984 870 3040 in
888 2984 944 3040 hec
962 2983 1055 3041 verba
1072 2980 1224 3054 prorupit:

74 3071 330 3143 ‘Commilitones,
344 3071 446 3145 inquit,
461 3075 529 3143 mei,
549 3073 707 3130 bellatores
726 3071 827 3142 incliti,
841 3089 941 3128 nonne
959 3069 1066 3127 videtis
1086 3086 1155 3126 eum
1174 3068 1225 3141 qui
1239 3091 1270 3140 30

74 3169 196 3216 nostros
209 3159 312 3216 hostes
326 3160 490 3217 conterit⁸l
527 3160 559 3217 Si
577 3178 668 3217 nosse
685 3159 870 3230 desideratis,
883 3159 948 3235 ipse
968 3167 1014 3215 est
1031 3155 1226 3230 proculdubio

76 3245 191 3303 Neotus
212 3245 322 3303 Christi
348 3247 435 3304 miles
460 3246 682 3316 inuictissimus‚
702 3264 867 3320 perquem
892 3245 979 3304 hodie
1003 3255 1106 3319 presto
1129 3243 1225 3302 estin

75 3336 214 3392 manibus
234 3334 346 3392 nostris
365 3335 465 3407 palma
482 3335 622 3392 victorie!
658 3335 783 3392 Deuicto
801 3335 901 3407 itaque
918 3351 991 3407 rege
1009 3333 1123 3403 danico,
1145 3331 1225 3389 etin

75 3421 137 3478 loco
150 3423 281 3496 quodam
295 3439 363 3478 cum
382 3423 445 3480 suis
464 3424 597 3491 obsesso,
610 3440 677 3479 cum
696 3422 818 3495 triginta
836 3421 1012 3495 primatibus
1031 3423 1094 3478 suis
1107 3439 1141 3478 ac
1159 3419 1225 3477 aliis

74 3511 160 3582 quasi
174 3509 340 3566 innumeris
353 3509 468 3566 feritate
481 3511 617 3583 deposita
629 3510 787 3568 Alsredum
801 3527 904 3583 regem
917 3519 1091 3567 mansuetus
1104 3508 1194 3567 adluit
1204 3508 1225 3579 ⁷,
1239 3531 1268 3580 35

75 3607 104 3654 et
120 3598 151 3654 ln
169 3597 229 3654 fide
242 3597 354 3654 Christi
366 3597 528 3654 instructus
540 3598 689 3672 baptisma
701 3598 842 3671 suscepit,
855 3607 885 3654 et
898 3615 965 3655 cum
979 3599 1042 3655 suis
1055 3599 1092 3654 ad
1105 3596 1226 3670 propria

76 3687 170 3744 rediit.
209 3687 279 3743 Rex
297 3695 396 3742 autem
411 3686 561 3757 Alfredus,
579 3687 609 3743 in
630 3688 705 3743 solio
725 3688 824 3743 denuo
843 3687 936 3760 regali
956 3687 1143 3754 sublimatus,
1159 3702 1226 3741 sec·

76 3777 164 3831 tando
177 3773 324 3831 iusticiam
336 3790 354 3830 a
366 3775 453 3847 culpa
465 3774 614 3845 ieiunauit,
626 3785 657 3832 et
669 3776 817 3848 reliquum
828 3776 889 3832 vite
901 3793 956 3832 sue
969 3783 1089 3848 tempus
1102 3772 1225 3830 sanctis·

76 3862 159 3919 simis
171 3861 343 3918 venustauit
359 3863 554 3944 commerciis,
567 3863 617 3936 pie
635 3855 745 3936 'regens
758 3865 814 3920 sub
828 3881 900 3936 rege
912 3862 1047 3936 piissimo
1065 3879 1083 3917 a
1101 3879 1160 3934 quo
1176 3859 1225 3932 pie

77 3951 242 4022 regebatur.
280 3949 307 4006 O
326 3967 415 4022 quam
432 3949 482 4023 pia
500 3951 673 4021 recordatio,
692 3969 782 4024 quarn
802 3951 962 4009 attollenda
980 3949 1118 4018 laudati0,
1135 3965 1224 4020 quam
1238 3969 1271 4021 40

77 4037 157 4108 pium
171 4047 216 4095 est
229 4037 324 4095 sancti
339 4037 425 4095 Neoti
437 4039 631 4112 preconium!
670 4039 728 4098 Per
747 4057 817 4097 eum
830 4057 884 4096 rex
896 4039 927 4095 in
940 4037 1049 4094 melius
1061 4035 1225 4108 corrigitur,

76 4123 106 4181 in
119 4143 245 4200 regnum
259 4126 430 4199 restituitur,
442 4127 585 4185 tirannica
602 4129 700 4186 rabies
716 4129 746 4185 in
764 4126 1023 4184 mansuetudinem
1036 4125 1226 4198 conuertitur,

78 4213 171 4270 cultus
179 4216 343 4272 demonum
351 4225 520 4286 euacuatur,
528 4233 603 4290 grex
612 4216 776 4274 catholicus
785 4200 1225 4288 augmentatur—''Venera-

108 4327 330 4380 ¹E.exientibus.
417 4329 473 4380 ²13.
486 4332 608 4393 precium.
699 4330 755 4381 ’Β
769 4332 852 4380 deum.
941 4327 997 4380 ‘E
1012 4327 1226 4392 complaceantur.

78 4389 187 4459 ⁵soT.;
204 4411 255 4446 om.
268 4395 337 4448 irrE.
385 4393 442 4448 ‘E
455 4397 621 4450 converterit.
668 4395 726 4449 lli.
738 4397 842 4449 audivit.
898 4396 1061 4456 ⁸addedcf.
1080 4393 1204 4459 lngulfus.
