3036 4878
266 297 337 388 726
684 283 885 386 fllium&
914 285 988 360 lll.

262 509 330 564 ergo
346 493 410 548 uela
426 499 518 557 uento,
534 497 563 546 et
580 488 670 546 uitam
686 487 807 559 periculo
825 486 1041 556 commisissent,
1055 487 1212 558 procellosa
1229 486 1412 546 inundatione

263 574 393 632 fluuium'
411 575 535 630 seuiente
552 573 634 628 nauis
646 573 733 628 tracta
745 582 772 627 et
791 571 872 642 aquis
888 571 995 642 repleta
1006 581 1066 628 est:
1086 571 1241 643 mortisque
1257 573 1413 630 certissimo
1501 589 1502 632 l

263 657 425 716 discrimine
444 657 616 724 imminente,
636 656 767 712 sacerdos
789 656 827 710 ad
850 655 1007 710 orationum
1029 655 1162 725 suffragia
1180 656 1336 726 festinauit,
1360 669 1414 713 tota
1501 645 1502 660 ¹

263 742 356 799 cordis
368 741 516 796 affectione
527 741 642 796 beatum
655 741 824 795 Guthlacum
838 739 971 793 inuocans
982 748 1011 794 et
1024 755 1149 806 exorans,
1162 750 1192 795 ut
1205 756 1291 810 quem
1305 759 1415 811 semper
1501 741 1502 748 ’

235 835 249 888 5
265 827 399 881 habuerat
412 835 562 895 patronum
576 822 603 879 in
616 822 705 890 terris,
718 839 783 877 eum
796 839 870 877 nunc
882 821 1072 877 auxiliatorem
1089 822 1262 892 experiretur
1279 825 1310 879 in
1325 825 1415 895 aquis
1501 843 1502 852 ³

264 908 405 964 Exaudite
416 919 459 962 est
472 907 562 963 oratio
574 906 734 973 sacerdotis,
748 915 901 976 tempestas
919 903 947 960 in
964 921 1062 960 auram
1078 923 1214 962 conuersa
1231 909 1416 979 estquidam

264 1011 330 1049 uero
343 1009 427 1064 super
439 1003 543 1048 struem
554 992 702 1060 lignorum,
715 989 829 1060 quidam
843 989 966 1044 natando
984 1006 1015 1045 se
1033 990 1061 1044 in
1081 991 1142 1060 ripa
1157 989 1282 1045 fluminis
1302 1009 1416 1062 recepe·

264 1087 344 1144 runt;
372 1093 424 1132 nec
446 1075 482 1131 de
506 1075 589 1146 lignis
613 1074 761 1147 quicquam
784 1072 873 1144 periit.
911 1075 967 1129 Sed
985 1073 1116 1128 omnibus
1136 1074 1174 1129 ad
1195 1074 1291 1129 locum
1313 1076 1417 1131 edificii

263 1159 454 1232 comportatis,
473 1167 501 1214 et
519 1158 637 1215 ecclesia
651 1165 855 1224 consummata,
872 1155 936 1212 lecit
954 1173 1018 1212 eam
1034 1157 1158 1212 dedicari
1173 1157 1211 1212 ad
1228 1159 1369 1214 honorem
1389 1171 1417 1215 et

221 1257 251 1296 ro
264 1242 381 1315 gloriam
400 1243 556 1299 saluatoris.

264 1379 382 1504 ANno
394 1376 560 1432 duodecimo
577 1361 650 1446 regis¹
668 1374 803 1446 Stephani
820 1375 931 1430 celestis
949 1374 1112 1446 indignatio,
1126 1375 1250 1446 peccatis
1267 1376 1418 1432 hominurn

363 1461 545 1530 exigentibus,
562 1459 763 1514 monasterium
780 1459 870 1514 sancti
888 1459 1019 1514 Guthlaci
1038 1476 1102 1514 cum
1118 1459 1292 1515 ornamentis
1308 1461 1372 1516 eius
1390 1473 1420 1518 et

264 1543 437 1606 utensilibus,
459 1559 522 1598 cum
545 1541 667 1597 officinis
686 1543 772 1597 etiam
795 1541 930 1610 eiusdem,
951 1543 1067 1598 dederat
1088 1542 1116 1597 in
1138 1543 1363 1599 combustionem
1389 1557 1420 1600 et

264 1629 358 1684 cibum
381 1625 472 1697 ignis:
505 1625 545 1681 ita
568 1635 599 1680 ut
622 1643 679 1680 non
704 1626 839 1681 haberent
868 1627 967 1682 iratres
990 1626 1149 1682 monasterii
1172 1625 1218 1681 ubi
1243 1627 1337 1699 capita
1364 1646 1420 1685 sua

222 1729 250 1782 ¹!
266 1712 440 1768 reclinarent.
476 1710 601 1779 Vrgente
619 1727 687 1780 ergo
708 1708 884 1776 necessitate,
905 1710 961 1765 duo
981 1711 1018 1764 de
1036 1709 1181 1766 monachis
1202 1728 1267 1766 cum
1289 1711 1420 1784 reiiqmis

265 1796 340 1852 beati
354 1793 484 1850 Guthlaci
498 1793 575 1848 missi
592 1803 656 1848 sunt
673 1802 703 1848 ut
720 1793 748 1846 in
764 1792 957 1848 adiacentibus
973 1793 1123 1864 prouinciis
1140 1794 1259 1864 populos
1275 1795 1314 1850 ad
1327 1813 1421 1865 opera

265 1878 457 1935 misericordie
485 1887 514 1932 et
543 1876 581 1932 ad
613 1876 818 1948 reparationem
842 1876 1013 1945 monasterii,
1038 1876 1147 1932 deuotis
1174 1879 1421 1937 exhortationibus

266 1961 424 2018 inuitarent.
462 1959 633 2014 Dunelmum
645 1968 787 2026 uenerant,
801 1969 829 2014 et
843 1959 909 2029 quia
920 1959 995 2014 beati
1009 1959 1155 2016 Cuthberti
1172 1960 1288 2030 gloriosi
1304 1964 1421 2019 confes-

265 2044 336 2100 soris
354 2042 474 2098 ecclesia
488 2041 656 2098 cathedralis
671 2041 812 2111 ingressus
829 2042 976 2098 mulierum
995 2053 1042 2097 aut
1059 2043 1260 2099 monachorum
1275 2045 1421 2102 cadauera

222 2151 252 2189 ιο
266 2145 322 2184 non
335 2127 466 2195 admittit,
479 2137 592 2197 propter
604 2125 806 2181 confluenciam
818 2125 1003 2182 multitudinis
1016 2127 1159 2198 utriusque
1176 2145 1258 2182 sexus
1272 2128 1421 2187 diuertunt

265 2211 364 2266 iratres
377 2209 414 2265 ad
427 2209 574 2265 ecclesiam
587 2208 660 2264 beati
674 2209 701 2264 N
705 2207 815 2276 icholai,
824 2219 855 2264 ut
867 2209 905 2264 ibi
919 2209 1098 2280 reliquiarum
1107 2210 1224 2280 pignora
1236 2225 1420 2282 reponerent,

265 2306 350 2366 atque
362 2295 437 2349 circa
449 2293 519 2348 tanti
534 2292 658 2348 thesauri
677 2292 833 2348 custodiam
849 2293 963 2348 altemis
981 2293 1088 2348 uicibus
1104 2295 1284 2351 excubarent.
1322 2297 1421 2351 lutro-

265 2379 404 2434 ducuntur
428 2375 514 2431 uariis
541 2376 722 2445 languoribus
749 2375 925 2432 laborantes:
958 2375 1031 2432 inter
1060 2393 1132 2447 quos
1161 2377 1254 2448 puella
1282 2380 1419 2450 quedam,

265 2461 367 2516 nobilis
384 2460 530 2516 cuiusdam
547 2459 611 2528 filia,
628 2461 780 2514 multorum
796 2460 925 2516 manibus
941 2460 1050 2514 inuecta
1068 2471 1120 2528 est,
1132 2460 1257 2516 omnium
1275 2463 1420 2518 membro-

221 2573 251 2623 ²5
265 2561 327 2600 rum
340 2560 453 2599 suorum
466 2542 558 2598 officio
570 2543 711 2598 destituta.
749 2543 858 2598 Decem
874 2554 902 2599 et
921 2555 984 2598 octo
1001 2543 1172 2614 septimanas
1189 2545 1217 2600 in
1233 2562 1268 2601 ea
1283 2563 1419 2602 consum·

265 2637 392 2684 manerat
411 2625 532 2681 assultus
551 2641 617 2681 suos
637 2625 709 2682 illius
727 2625 881 2692 infirmitas,
901 2643 953 2682 nec
971 2627 1057 2682 ullum
1079 2627 1105 2683 ei
1128 2628 1261 2684 afferebat
1280 2631 1420 2687 solacium

265 2712 310 2767 uel
333 2720 481 2782 parentum
502 2710 605 2765 deuota
628 2711 719 2765 oratio
739 2709 784 2765 uel
806 2710 955 2780 diligencia
975 2711 1156 2766 medicorum.
1192 2713 1418 2784 verumptamen

266 2811 415 2870 postquam
433 2817 464 2854 se
482 2799 556 2854 beati
577 2797 708 2853 Guthlaci
727 2798 834 2853 meritis
856 2799 1058 2870 supplicatione
1080 2799 1177 2854 humili
1196 2803 1419 2870 commendauit,

266 2883 449 2954 precibusque
467 2882 647 2952 singultuosis
670 2883 729 2937 eius
752 2881 910 2952 implorauit
932 2881 1073 2951 suffragia,
1093 2884 1189 2938 omnia
1210 2885 1338 2940 membra
1355 2885 1419 2943 eius

222 2987 254 3038 30
266 2967 415 3023 sanitatem
428 2967 531 3037 adepta
544 2965 744 3036 plenissimam,
758 2965 816 3020 suis
829 2977 893 3021 sunt
904 2965 1003 3021 officiis
1015 2967 1150 3022 restituta.
1187 2969 1301 3023 Exultat
1314 2971 1419 3039 puella,

266 3061 293 3107 et
306 3050 445 3106 coexultat
457 3051 585 3120 populus,
599 3060 627 3105 et
643 3049 671 3104 in
687 3059 744 3104 tota
761 3049 873 3106 ciuitate
887 3050 925 3104 ad
941 3049 1054 3106 laudem
1070 3061 1098 3106 et
1116 3050 1233 3121 gloriam
1247 3051 1360 3121 Christi,
1374 3056 1419 3110 sui

266 3133 433 3191 confessoris
444 3133 580 3188 memoria
592 3133 736 3188 exaltatur.

267 3265 375 3392 APud
395 3263 592 3334 Rameseyam,
611 3263 658 3318 ubi
681 3263 884 3319 monasterium
902 3263 977 3319 beati
1001 3263 1147 3320 Benedicti
1165 3265 1300 3334 regularis
1319 3269 1418 3323 obser·

366 3337 465 3403 uancie
481 3347 566 3418 rigor,
580 3357 677 3402 mutua
692 3348 808 3402 fratrum
825 3347 936 3415 caritas,
954 3358 982 3403 et
1001 3349 1111 3419 publice
1125 3349 1324 3420 hospitalitatis
1340 3353 1418 3406 exhi·

222 3447 253 3496 55
267 3430 337 3487 bitio
365 3431 497 3500 opinione
522 3431 773 3487 nominatissimum
800 3431 988 3498 reddiderunt,
1014 3431 1070 3486 duo
1094 3431 1267 3502 energumini
1292 3433 1418 3504 maligno

267 3512 364 3584 spiritu
389 3513 571 3568 uexabantur.
610 3515 659 3569 liii
681 3515 718 3569 ad
739 3516 854 3570 beatum
876 3515 1055 3580 Guthlacum,
1076 3515 1119 3570 cui
1142 3515 1170 3570 in
1192 3517 1295 3571 Christi
1316 3519 1418 3573 uirtute

268 3597 440 3653 subiciuntur
459 3597 580 3667 spirituS,
601 3607 665 3652 sunt
683 3597 808 3666 adducti,
821 3609 849 3654 et
867 3615 917 3669 per
935 3615 999 3654 eum
1018 3598 1065 3670 qui
1084 3599 1225 3654 neminem
1245 3603 1306 3656 uult
1327 3603 1417 3673 perire

267 3681 397 3738 sanitatis
410 3697 460 3735 sue
472 3681 597 3751 graciam
609 3682 759 3754 assequuti.

274 3813 391 3939 ΕΜ
411 3811 485 3882 apud
508 3810 705 3866 Bedesordiam
730 3821 859 3866 matrona
882 3812 997 3867 nomine
1022 3813 1189 3881 Guymaroe,
1211 3829 1280 3868 vxor
1300 3815 1416 3871 Walteri

222 3901 255 3952 40
371 3896 466 3950 diuitis
483 3895 635 3964 cuiusdam,
649 3895 766 3966 pulchra
780 3895 873 3965 specie
886 3896 937 3950 sed
950 3894 1102 3966 speciosior
1118 3898 1272 3952 honestate.
1311 3901 1373 3954 Hec
1389 3899 1416 3954 in

268 3980 426 4036 amenciam
448 3995 531 4034 uersa
551 3989 610 4048 est,
639 3989 669 4034 ut
687 3979 800 4049 peplum
819 3979 860 4034 sui
883 3980 982 4050 capitis
1003 3979 1185 4051 discerperet,¹
1200 3991 1230 4036 ut
1250 3997 1281 4035 se
1299 3993 1329 4036 et
1347 3982 1415 4039 alios

269 4063 408 4134 vnguibus
417 4063 533 4118 laniaret
543 4079 577 4118 ac
586 4063 724 4130 dentibus,
732 4063 785 4117 nisi
793 4064 845 4118 sub
855 4063 956 4118 artiore
966 4063 1093 4119 custodia
1102 4076 1267 4119 seruaretur.
1291 4065 1416 4136 Vir-ergo

268 4149 349 4216 illius,
363 4147 491 4217 gloriosis
504 4146 577 4202 beati
592 4146 721 4202 Guthlaci
740 4145 880 4201 miraculis
892 4147 993 4219 quibus
1003 4149 1170 4218 personabat
1183 4147 1261 4218 regio
1274 4151 1415 4215 excitatus,

268 4247 331 4288 eam
350 4231 414 4287 illuc
433 4231 541 4286 deferre
559 4230 688 4286 uehiculo
706 4230 874 4285 destinabat.
911 4231 1060 4287 Accedens
1077 4240 1171 4288 autern
1186 4231 1291 4288 ludeus
1302 4233 1415 4304 quidam

768 4340 776 4368 ¹
793 4359 812 4392 r.
825 4341 918 4395 fluuiol
