3052 4896
282 291 354 382 506
593 283 724 372 mma
750 281 940 386 tantuna
965 282 1117 386 unctu.

281 481 407 540 Maximi
417 483 499 540 omni
507 491 620 539 armato
628 481 721 540 milite
731 482 911 553 destitutam,
920 483 1079 540 Albaniam
1091 482 1189 556 primo
1199 491 1436 556 occupauerunt

279 561 476 648 -¹Quedam
499 572 584 644 uirgo
607 572 729 628 nomine
756 572 885 628 Cordula
904 572 1011 629 timore
1028 573 1186 646 perterrita
1204 572 1236 628 in
1256 573 1329 628 naui
1348 583 1436 628 nocte
1508 629 1509 634 .

280 660 329 717 illa
346 677 405 733 qua
424 661 472 717 die
491 662 674 733 precedente
692 660 826 732 uirgines
844 660 1024 716 martirizate
1041 669 1119 730 sunt,
1138 677 1172 716 se
1190 660 1369 716 abscondit:
1389 668 1435 716 set

280 749 310 804 in
330 749 493 805 crastinum
509 759 619 820 sponte
637 765 671 804 se
684 748 772 804 morti
785 747 926 817 offerens,
939 748 1104 804 martirium
1117 749 1257 820 suscepit.
1296 747 1353 804 Set
1365 765 1435 803 cum

253 835 345 904 seius
369 835 479 892 festum
504 853 565 892 non
590 836 685 906 lieret,
706 853 743 892 eo
767 837 848 909 quod
872 853 939 894 cum
964 836 1030 892 aliis
1055 852 1146 909 passa
1166 853 1227 891 non
1252 845 1346 904 esset,
1369 834 1436 906 ipsa

280 932 348 996 post
361 923 482 995 longum
495 931 616 996 tempus
628 923 746 980 cuidam
760 924 877 980 recluse
893 923 1039 996 appamit,
1052 923 1226 996 precipiens
1243 931 1276 978 ut
1293 921 1435 995 sequenti

280 1010 329 1066 die
347 1027 365 1066 a
385 1011 460 1066 sesto
479 1009 628 1083 uirginum
648 1011 713 1067 eius
731 1011 926 1084 solempnitas
948 1011 1137 1067 recoleretur.
1176 1011 1271 1066 Passe
1292 1019 1366 1066 sunt
1387 1027 1434 1066 se·
1508 1035 1509 1088 r

280 1099 409 1154 cundum
432 1099 579 1171 quosdam
604 1097 780 1154 duodecimo
802 1099 859 1154 kal.
880 1098 1053 1154 nouembris
1073 1115 1153 1154 anno
1178 1097 1292 1153 domini
1314 1107 1435 1154 trecen·

280 1187 389 1243 tesimo
401 1186 603 1258 octuagesimo
616 1184 719 1257 quinto
727 1185 746 1241 ¹.
817 1174 927 1242 Abbas
943 1185 1064 1257 quidam
1081 1185 1119 1240 ab
1137 1185 1289 1241 abbatissa
1308 1183 1435 1242 Colonie

237 1291 269 1328 ιο
280 1289 390 1346 corpus
408 1273 496 1328 unius
515 1272 664 1346 uirginum
683 1273 861 1346 impetrauit,
880 1273 1057 1345 promittens
1075 1273 1154 1345 quod
1173 1273 1271 1344 ipsam
1290 1270 1323 1328 in
1343 1289 1435 1344 capsa

280 1370 422 1433 argentea
449 1361 480 1416 in
505 1377 560 1418 sua
584 1361 711 1418 ecclesia
742 1361 908 1418 collocaret.
957 1360 1013 1418 Set
1037 1378 1105 1417 cum
1136 1378 1333 1433 perannum
1358 1361 1433 1416 inte·

280 1465 367 1520 grum
392 1465 484 1520 super
507 1449 599 1505 altare
618 1465 686 1504 earn
707 1448 738 1504 in
760 1465 852 1522 capsa
876 1448 975 1520 lignea
1000 1449 1156 1518 tenuisset,
1180 1449 1311 1520 quadam
1334 1457 1435 1514 nocte,

280 1537 353 1593 dum
373 1537 466 1593 abbas
484 1554 553 1593 cum
572 1548 722 1594 conuentu
742 1537 902 1594 matutinas
920 1547 1051 1608 caneret,
1063 1538 1149 1608 uirgo
1167 1537 1216 1593 illa
1234 1537 1436 1608 corporaliter

281 1625 319 1680 de
338 1623 423 1680 altari
442 1624 596 1681 descendit
615 1633 645 1680 et
665 1633 736 1681 ante
752 1625 846 1681 altare
865 1634 1040 1681 reuerenter
1058 1624 1205 1680 inclinans
1221 1640 1277 1695 per
1296 1624 1434 1680 medium

238 1733 266 1785 15
281 1711 405 1769 eborum
427 1712 597 1769 uidentibus
619 1711 774 1769 monachis
792 1720 822 1768 et
841 1712 1031 1784 stupentibus
1052 1711 1124 1768 inde
1141 1711 1274 1768 recessit.
1324 1712 1435 1768 Abbas
1508 1703 1509 1710 '

280 1799 370 1873 igitur
391 1802 429 1857 ad
448 1817 570 1874 capsam
595 1817 720 1858 currens
744 1811 774 1856 et
801 1816 926 1856 uacuam
955 1799 1052 1871 ipsam
1080 1800 1247 1869 inueniens,
1273 1799 1435 1856 Coloniam

280 1887 453 1962 properauit
480 1896 510 1944 et
531 1887 681 1944 abbatisse
703 1889 746 1943 rei
768 1888 905 1944 ordinem
932 1887 1089 1944 intimauit.
1139 1887 1306 1959 Pergentes
1330 1897 1436 1944 autem

280 1977 317 2032 ad
337 1977 435 2032 locum
454 1973 553 2032 unde⁸
570 1975 643 2031 illud
665 1991 775 2048 corpus
798 1983 1000 2046 sumpserunt,
1020 1974 1092 2030 illud
1110 1974 1221 2031 ibidem
1241 1974 1437 2032 inuenerunt.

280 2063 356 2120 Cum
369 2071 469 2119 autem
482 2063 575 2119 abbas
588 2061 708 2119 ueniam
720 2070 828 2133 petens
840 2061 911 2118 illud
931 2062 980 2118 uel
998 2062 1078 2118 aliud
1091 2079 1201 2135 corpus
1219 2071 1349 2134 peteret,
1363 2080 1436 2134 pro-

236 2173 268 2208 ao
281 2152 401 2208 mittens
415 2166 537 2223 capsam
549 2149 717 2222 preciosam
730 2150 816 2206 citius
829 2167 864 2206 se
876 2149 1031 2220 facturum,
1044 2150 1214 2207 nuliatenus
1227 2150 1412 2222 impetrauit.

280 2277 346 2337 MS.
356 2279 423 2336 Tib.
435 2281 528 2337 adds:
766 2295 913 2354 Namatio.

314 2407 408 2476 ‘Fuit
424 2419 544 2492 quidam
562 2417 653 2475 frater
669 2419 720 2491 qui
736 2418 803 2474 seni
815 2419 932 2475 cuidam
948 2435 1058 2492 magno
1074 2418 1191 2476 uicinus
1203 2425 1276 2488 erat,
1289 2427 1322 2475 et
1333 2418 1434 2492 ingre
1508 2421 1509 2440 .

279 2506 416 2563 diebatur
426 2515 457 2562 ut
468 2515 588 2578 raperet
596 2506 736 2579 quicquid
747 2522 842 2562 senex
852 2506 975 2562 haberet
984 2506 1014 2562 in
1023 2507 1099 2562 cella
1108 2524 1171 2564 sua.
1189 2505 1320 2564 Videbat
1329 2518 1434 2564 autem
1508 2503 1509 2506 ’

278 2610 348 2650 eum
367 2609 472 2664 senex,
491 2603 522 2650 et
541 2611 601 2650 non
620 2594 795 2666 obiurgabat
813 2610 891 2661 eum,
905 2602 952 2649 set
965 2594 1161 2666 extorquebat
1179 2593 1237 2650 sibi
1255 2594 1326 2665 plus
1345 2596 1434 2650 solito

279 2679 417 2736 manibus
430 2681 557 2753 operari,
567 2681 688 2738 dicens:
703 2680 826 2750 ‘Credo‚
836 2697 914 2751 opus
928 2680 1017 2737 habet
1030 2681 1121 2738 frater
1132 2681 1206 2737 iste.'
1239 2681 1277 2737 Et
1290 2681 1434 2754 exigebat

236 2785 296 2836 25a
314 2785 349 2824 se
367 2769 512 2825 maiorem
526 2769 613 2825 solito
632 2768 782 2838 laborem;
802 2776 832 2824 et
844 2767 1027 2840 astringebat
1044 2777 1181 2825 uentrem
1200 2785 1290 2824 suum
1310 2779 1343 2825 ut
1363 2787 1434 2826 cum

279 2855 448 2928 indigencia
471 2856 642 2913 comederet
666 2871 777 2928 panem
796 2872 893 2912 suum.
932 2854 1008 2911 Cum
1027 2865 1127 2912 autem
1146 2866 1316 2914 moreretur
1333 2875 1434 2914 senex

279 2943 337 3012 ille,
349 2944 610 3000 circumsteterunt
623 2959 692 2998 eum
705 2942 830 3000 fratres:
850 2952 882 2999 et
900 2943 1065 3014 respiciens
1077 2945 1108 3000 in
1120 2961 1189 3000 eum
1203 2944 1254 3017 qui
1269 2944 1432 3014 furabatur,

279 3029 353 3086 dixit
366 3031 412 3088 ei:
433 3029 544 3104 ‘lunge
557 3039 587 3086 te
600 3030 658 3086 huc
667 3031 705 3086 ad
717 3047 766 3086 me
779 3032 805 3086 :'
822 3039 853 3086 et
864 3031 958 3088 tenuit
970 3041 999 3087 et
1012 3031 1162 3090 osculatus
1175 3041 1222 3088 est
1234 3049 1345 3089 manus
1358 3033 1433 3100 eius,

279 3117 402 3175 dicens:
422 3120 430 3148 ‘
439 3117 562 3174 Gracias
578 3135 633 3189 ago
651 3116 716 3175 istis
734 3117 880 3188 manibus,
893 3118 1009 3188 iratres,
1026 3120 1095 3191 quia
1113 3129 1238 3192 propter
1253 3121 1338 3191 ipsas
1353 3122 1432 3176 uado

235 3205 310 3277 goin
324 3222 451 3278 regnum
466 3204 614 3261 celorum!
652 3204 704 3262 llle
722 3214 822 3261 autem
841 3215 1038 3278 compunctus
1055 3215 1085 3264 et
1104 3207 1307 3280 penitenciam
1326 3225 1431 3280 agens,
1508 3263 1509 3278 .

280 3293 374 3350 factus
387 3302 433 3350 est
446 3292 540 3350 eciam
554 3292 619 3366 ipse
633 3293 776 3366 probatus
789 3293 963 3352 monachus

445 3517 469 3577 ii
487 3515 555 3573 ⁵DE
569 3534 687 3575 SANCTA
698 3517 870 3575 Wmtttmt
883 3535 1008 3576 wlturna:
1022 3536 1058 3576 ΕΤ
1070 3521 1263 3578 ABEAUSSA‘.

346 3638 474 3696 Lsredus
493 3655 548 3696 rex
564 3638 801 3696 Westsaxonum
820 3640 927 3697 siluam
945 3643 1095 3713 quandam
1112 3643 1241 3700 venandi
1258 3643 1353 3716 gratia
1365 3645 1432 3702 vice

377 3728 506 3798 quadam
524 3726 594 3783 adiit
613 3736 643 3784 et
655 3744 759 3783 vocem
779 3728 896 3800 paruuli
908 3729 1055 3801 vagientis
1072 3730 1103 3786 in
1122 3732 1230 3787 arbore
1247 3731 1380 3789 audiuit:
1401 3742 1431 3789 et

280 3827 298 3866 a
316 3823 492 3869 venatorum
511 3814 607 3884 turba,
625 3814 768 3887 quidnam
788 3815 844 3872 hoc
864 3816 939 3873 foret
958 3817 1116 3889 diligenter
1133 3817 1243 3890 inquiri
1264 3818 1342 3875 lecit.
1381 3819 1431 3875 ln·

237 3921 267 3973 55
281 3910 430 3956 uenerunt
451 3900 532 3957 enim
553 3900 585 3956 in
605 3902 777 3958 summitate
799 3903 915 3961 arboris
937 3904 968 3960 in
990 3905 1061 3960 nido
1083 3903 1181 3977 aquile
1201 3904 1347 3962 infantem
1368 3908 1430 3963 ele-

280 3998 413 4060 gantem,
437 3988 532 4044 forma
561 3989 767 4063 conspicuum,
798 3991 959 4048 habentem
989 3992 1020 4048 in
1051 4009 1177 4065 corpore
1208 4001 1310 4049 notam
1344 3996 1430 4067 quasi

281 4077 435 4149 regificum
455 4076 583 4149 signum,
602 4095 756 4151 purpureo
774 4079 865 4152 pallio
883 4079 1060 4148 inuolutum,
1078 4081 1110 4136 in
1130 4081 1262 4138 brachiis
1285 4084 1429 4155 gemellas

313 4234 382 4283 ¹Ex
395 4236 456 4298 Leg.
470 4236 532 4288 Aur.
625 4237 685 4288 ’ad
704 4240 768 4302 Leg.
779 4241 841 4292 Aur.
899 4241 954 4292 ¹T.
969 4243 1018 4292 ubi.
1110 4241 1176 4293 ⁴Cl.
1190 4242 1242 4292 vit
1255 4242 1320 4292 Patr.
1333 4259 1357 4305 p.
1371 4258 1427 4304 973.

280 4299 606 4421 :gxffitozllsqninllffi
628 4305 705 4356 Bodl.
724 4322 782 4368 240,
801 4323 827 4371 p.
847 4310 964 4371 6073110
983 4311 1060 4359 other
1075 4309 1137 4358 Vita
1154 4310 1176 4358 is
1195 4309 1293 4359 known
1309 4317 1337 4358 to
1354 4311 1427 4358 exist
