3012 4898
259 293 333 382 360
574 283 707 374 uota
732 279 923 384 [cambd
946 277 1098 384 fidulii.

260 472 382 544 Eadem
412 483 462 542 die
491 499 621 558 puemm
645 495 663 540 a
685 479 842 540 natiuitate
869 480 1047 540 mirabiliter
1069 489 1260 540 conuectum
1286 481 1423 551 ornain

258 573 354 630 tribus
371 571 547 630 mulieribus
562 571 716 629 oculorum
733 569 848 628 lumine
864 568 991 643 priuatis
1003 568 1102 626 visum
1115 570 1270 642 reddidit;
1291 572 1424 628 nenbrrs

259 659 367 718 ferreis
391 659 548 716 mulierem
570 658 731 732 (quoquc)¹
751 659 782 714 lo
801 674 922 716 carcere
941 658 1151 730 compeditam,
1171 659 1273 732 ruptis
1292 659 1425 716 vinariis

259 747 397 804 liberauit
406 767 414 818 ς
434 745 620 821 paraliticum
631 747 764 814 sanauit3
784 755 952 802 matronam
962 744 1093 802 nobilem
1103 747 1230 802 cecitate
1240 763 1424 820 percnum

231 833 459 904 liliuminauit;
484 833 722 907 vigintiquinque
741 831 879 890 infirmos
895 832 987 888 variis
1005 831 1118 888 morbis
1132 842 1272 902 vexatos,
1291 833 1426 891 diuersis

260 941 278 982 e
291 922 364 981 locis
371 921 537 990 venientes,
544 937 604 978 vna
613 921 662 978 die
671 919 805 993 perfecte
812 917 966 976 valitudini
979 919 1116 977 reddidit.
1178 907 1290 980 Cacus
1299 921 1425 995 quidam

261 1010 396 1068 sanitatis
408 1009 504 1082 gratia
516 1008 720 1082 apostolorum
733 1007 814 1064 Petri
831 1015 861 1064 et
875 1006 959 1063 Pauli
976 1007 1078 1064 limina
1089 1007 1230 1077 uisitauit,
1242 1026 1341 1082 quarn
1353 1025 1424 1065 curu

261 1095 381 1170 assequi
401 1113 460 1152 noo
479 1095 602 1166 valeret,
621 1095 718 1165 rediit,
734 1104 765 1152 et
783 1093 881 1169 prima
899 1095 1048 1152 aduentus
1065 1095 1114 1152 sui
1132 1105 1220 1152 nocte
1240 1096 1273 1152 in
1291 1097 1425 1154 ecclesa

262 1183 356 1242 sancti
370 1181 545 1255 Swit[h]uni
556 1183 657 1240 lumen
670 1183 825 1238 oculorum
838 1181 961 1254 recepit.
981 1181 1124 1239 Mulieres
1134 1185 1210 1240 duas
1219 1201 1324 1255 cecas,
1334 1186 1425 1241 duas-

219 1281 320 1344 ¹0que
341 1279 509 1328 contractas
527 1287 588 1328 vna
609 1269 658 1326 dic
680 1269 803 1327 curauit
838 1268 976 1343 Triginta
999 1279 1029 1327 et
1055 1286 1120 1340 sex,
1141 1280 1203 1327 tam
1226 1272 1268 1328 de
1288 1272 1426 1328 diuersis

262 1359 405 1433 partibus,
420 1375 511 1431 quam
529 1357 621 1414 variis
638 1355 739 1414 afflicti
758 1356 922 1427 doloribus,
939 1355 1036 1414 inira¹
1048 1359 1183 1430 spacium
1195 1358 1288 1415 trium
1301 1359 1424 1416 dierum

263 1445 357 1502 sancti
368 1444 425 1502 viri
438 1445 554 1502 meritis
566 1445 695 1502 salutem
712 1453 845 1518 optatam
859 1444 1034 1518 consequuti
1047 1453 1125 1502 sunt.
1164 1445 1227 1502 Nec
1240 1447 1342 1503 multo
1355 1457 1425 1520 post

263 1541 384 1591 centum
399 1533 632 1606 vigintiquatuor
643 1532 741 1589 inira¹
752 1533 817 1591 dies
829 1533 1055 1606 quatuordecim
1074 1550 1092 1591 a
1110 1534 1173 1590 auis
1192 1534 1425 1591 infirmitatibus

263 1621 379 1678 liberati
404 1628 482 1678 sunt.
585 1607 658 1678 Rex
684 1621 822 1694 Edgarua
846 1621 884 1678 ad
909 1622 1072 1677 arcendum
1096 1621 1251 1678 latrocinia
1275 1621 1424 1688 solicitus,

220 1723 250 1776 ιε
264 1710 362 1782 legem
387 1709 489 1766 statuit
512 1717 545 1766 vt
570 1707 601 1766 in
626 1708 705 1766 furto
729 1708 940 1782 deprehensus
963 1709 1057 1765 oculis
1080 1708 1261 1781 priuaretur,
1286 1711 1424 1778 aur-ibus,

264 1797 402 1854 manibus
424 1797 612 1870 pedibusque
633 1794 787 1870 precisis⁸,
805 1806 874 1853 cute
895 1795 1001 1869 capitis
1022 1807 1189 1866 exuerem,
1209 1806 1239 1853 et
1261 1797 1319 1854 hac
1343 1815 1424 1871 pena

265 1883 406 1942 indutus
427 1883 500 1941 seris
523 1893 555 1940 et
579 1883 686 1940 auibus
710 1882 868 1940 laniandus
892 1884 1071 1940 traderetur.
1108 1882 1244 1956 Cumque
1270 1883 1425 1944 innocens

264 1971 387 2046 quidam
404 1971 511 2028 eodem
528 1970 630 2028 iuditio
645 1973 869 2044 dampnaretur,
882 1970 1064 2028 effodiuntur
1079 1971 1145 2027 eius
1161 1969 1248 2042 oculi,
1262 1989 1378 2030 manus
1394 1981 1423 2028 et

265 2075 355 2116 nares
379 2067 580 2132 amputantur,
604 2059 726 2116 auribus
750 2057 881 2116 excisis*
904 2057 1051 2115 foramina
1074 2057 1214 2115 audiendi
1239 2077 1333 2116 cruor
1358 2059 1423 2117 lere
1493 2077 1494 2102 ³

221 2171 253 2209 ro
266 2145 414 2204 obstruxit
438 2145 563 2204 inlusus
600 2145 681 2202 Dum
706 2156 807 2204 autem
830 2145 1048 2218 aparentibus
1071 2145 1110 2202 ad
1133 2148 1299 2203 oratorium
1323 2147 1422 2204 sancti

265 2233 439 2307 Swit[h]uni
451 2233 568 2291 delatus
580 2231 695 2304 suisset,
703 2242 734 2290 vt
743 2232 800 2290 sibi
813 2233 922 2290 melius
935 2230 1039 2290 solus⁸
1051 2233 1228 2290 redderetur
1238 2235 1365 2291 auditus
1377 2245 1422 2294 :et

264 2321 367 2379 statim
380 2322 459 2394 quod
477 2320 563 2394 petiit
581 2319 718 2378 obtinere
737 2321 855 2391 meruit,
867 2321 922 2378 sed
935 2329 966 2376 et
978 2321 1057 2393 quod
1075 2337 1136 2376 non
1150 2321 1266 2394 rogauit
1284 2323 1422 2390 obtinuit,

266 2409 348 2478 dum,
360 2407 455 2465 oculis
470 2406 520 2482 qui
539 2407 596 2465 sibi
613 2406 717 2464 effossi
735 2408 854 2466 fuerant
871 2407 1016 2465 restitutis
1033 2417 1065 2465 et
1082 2408 1204 2466 naribus
1223 2411 1422 2483 recuperatis,
1493 2463 1494 2486 q

267 2494 365 2554 visum
378 2495 500 2552 domino
512 2497 675 2554 miserante
688 2497 811 2570 recepit
876 2482 915 2555 In
924 2496 994 2554 villa
1006 2496 1135 2569 quadam
1145 2495 1255 2554 ciuitati
1262 2496 1423 2554 wintonie
1493 2487 1494 2492 ’

223 2609 253 2662 ¹5
267 2581 453 2641 contermina
477 2582 586 2640 mulier
609 2584 739 2657 quedam
762 2584 898 2656 longetia,
919 2583 979 2640 iam
1002 2591 1156 2641 senectute
1181 2583 1327 2656 coniecta,
1349 2587 1422 2642 dum

268 2681 356 2729 nocte
374 2671 504 2745 quadam
522 2672 560 2728 ad
579 2671 690 2729 lectum
708 2670 873 2728 dormitura
891 2671 1098 2742 descenderet,
1110 2671 1220 2728 ostium
1237 2673 1422 2730 domuncule

268 2777 323 2818 sue
343 2775 437 2832 super
456 2775 490 2816 se
511 2759 651 2816 claudere
672 2759 763 2816 oblita
781 2769 836 2816 cst.
873 2757 1004 2832 Contigit
1027 2769 1128 2816 autem
1154 2759 1259 2833 lupum
1280 2763 1321 2818 de
1345 2763 1422 2818 silua
1493 2791 1494 2796 κ

269 2864 428 2921 egressum
450 2848 573 2904 domum
594 2847 673 2904 illius
697 2847 916 2920 ingredientem
935 2847 1046 2920 vbique
1067 2847 1223 2904 lustrando
1242 2865 1422 2922 pentagarc,

268 2953 394 3008 eamque
402 2933 433 2990 in
441 2934 518 2992 lecto
526 2935 732 3008 quiescentem
740 2933 862 2991 fortuitu
874 2933 1017 3007 reperire.
1036 2933 1134 3004 Quam
1142 2933 1219 2991 illico
1229 2935 1422 3010 correptam‘

223 3047 256 3098 ³0
268 3041 325 3098 per
343 3021 498 3081 brachium
516 3023 596 3095 quod
611 3030 696 3079 extra
715 3022 825 3079 lectum
843 3038 953 3095 sopore
969 3022 1116 3095 depressa
1131 3022 1298 3095 pendulum
1316 3035 1422 3081 exten·

268 3112 362 3181 derat,
376 3128 436 3167 non
454 3109 579 3167 multum
594 3111 789 3167 reluctantem
805 3127 909 3167 secum
925 3109 956 3166 in
974 3111 1081 3167 siluam
1098 3109 1277 3168 semiuiuam
1292 3113 1421 3181 abducit,

269 3209 299 3257 et
315 3197 375 3255 iam
387 3213 483 3271 prope
496 3197 669 3254 defunctam
681 3206 742 3254 tam
759 3197 934 3255 lassitudine
946 3215 1038 3271 quam
1050 3215 1172 3271 pauore,
1185 3200 1338 3272 deposuit
1374 3200 1421 3256 Ad

268 3285 413 3344 vlulatum
426 3287 491 3342 eiua
504 3302 613 3343 nemus
626 3303 715 3342 omne
727 3283 952 3355 circumiectam,
965 3283 1031 3343 aliis
1044 3287 1308 3359 respondentibus,
1323 3288 1422 3345 multi·

269 3373 340 3446 plici
358 3381 389 3429 et
407 3371 569 3429 miserabili
581 3373 694 3430 vlulatu
713 3382 895 3446 personante
913 3372 1100 3430 contremuit.
1138 3373 1193 3430 illa
1204 3375 1277 3446 quid
1292 3374 1421 3432 laceret?

225 3485 257 3538 35
271 3460 375 3518 Inedia
388 3468 418 3516 et
430 3467 509 3518 etate
522 3461 630 3518 debilis
643 3469 716 3530 erat,
728 3469 871 3518 cruentus
887 3459 991 3529 hostis,
1004 3470 1107 3535 raptor
1118 3459 1269 3532 immanis,
1281 3462 1334 3519 illa
1351 3463 1421 3531 sola,

271 3548 375 3604 hostes
391 3546 495 3620 plures
513 3548 622 3605 adesse
641 3547 792 3605 festinant.
829 3548 966 3620 Cumque
982 3548 1021 3604 ad
1039 3549 1130 3605 deum
1147 3556 1178 3604 et
1193 3558 1333 3608 metum
1347 3551 1421 3608 Swi·

269 3635 397 3694 thunum
423 3651 531 3708 preces
556 3635 665 3693 deuote
691 3634 826 3706 fudisset,
853 3635 955 3692 audito
979 3635 1102 3693 nomine
1127 3634 1303 3708 Swit[h]uni
1333 3638 1421 3712 lupus

271 3723 401 3782 dormire
411 3722 499 3796 cepit.
525 3721 549 3778 F
550 3724 612 3797 ugit
621 3723 671 3779 illa
680 3722 812 3780 etaloco
822 3723 974 3781 declinare
982 3722 1111 3793 festinat,
1122 3722 1212 3780 currit
1222 3739 1283 3780 nou
1293 3727 1422 3797 pedibus

272 3810 419 3883 humanis,
431 3811 487 3868 sed
501 3810 669 3868 leuamine'
682 3819 713 3868 et
730 3809 841 3866 auxilio
859 3809 964 3867 diuine'
979 3809 1195 3868 subuentionis.
1232 3809 1340 3885 Lupus
1352 3829 1421 3872 uero

225 3929 260 3986 40
271 3899 426 3974 cuigilans,
435 3916 504 3957 cum
514 3898 580 3954 aliis
592 3897 654 3955 suis
664 3897 754 3954 sociis
764 3914 907 3971 magnum
917 3897 1078 3955 clamorem
1088 3897 1229 3954 emittens
1238 3897 1420 3972 insequitur:

271 3989 325 4046 sed
341 3987 440 4045 nullus
456 4003 563 4044 eorum
577 3985 696 4042 mulieri
709 4002 819 4043 nocere
835 3985 939 4060 potuit,
952 4002 1043 4058 quam
1060 3985 1109 4042 dei
1127 3993 1157 4042 ct
1176 3987 1255 4042 beati
1274 3989 1422 4059 pontificis

271 4075 476 4134 misericordia
494 4073 621 4131 liberare
639 4073 763 4133 curauit
836 4061 977 4135 Statuam
995 4073 1147 4146 quandam
1166 4072 1261 4130 sancti
1274 4073 1421 4132 Switbuni

304 4281 420 4332 ¹om.in
431 4282 462 4332 T.
543 4277 708 4331 'Vitiotra
789 4279 989 4343 ·T.preoeista
1074 4279 1262 4332 ‘uexatus
1345 4281 1421 4331 *tm

272 4347 445 4398 meliusculus.
512 4343 522 4374 ⁸
539 4345 567 4396 li.
582 4353 720 4408 coreptam.
788 4341 798 4374 ¹
814 4345 844 4396 T.
855 4345 991 4396 lauamioe.
