3052 4896
422 302 497 397 {tt
521 299 686 390 storo
711 299 928 389 mutuno.
1173 319 1245 396 527

18 543 30 554 κ
94 522 150 566 ore
164 506 308 580 psalmus,
323 521 447 579 semper
459 502 489 561 in
505 505 594 560 corde
607 500 753 559 Christus.
791 500 826 557 ln
845 499 970 574 singulis
982 498 1061 557 villis
1074 499 1138 558 suis
1156 500 1248 556 habe·

14 665 16 670 χ
93 594 148 652 bat
172 593 304 651 ediculas
329 591 359 648 in
384 591 493 665 quibus
517 607 552 647 se
576 608 594 646 a
618 607 707 646 mane
734 598 803 661 post
830 587 954 645 missam
981 587 1100 645 inclusit
1109 587 1128 659 ¹,
1152 589 1248 645 donee

14 739 16 746 ,
94 680 223 738 clericus
254 679 425 754 pulsatione
455 678 523 735 ostii
552 686 674 750 tempus
701 676 819 750 prandii
842 676 890 733 vel
919 676 1058 733 horarum
1086 677 1248 733 nunciaret.

94 757 257 843 'Quando
274 777 339 824 erat
356 766 523 839 Wigomic,
544 765 669 821 missam
688 763 834 821 maiorem
851 763 915 820 loco
935 763 1159 820 hebdomadarii
1176 781 1249 836 quo·

14 841 27 910 ..¹
94 855 172 913 tidie
189 855 252 912 iere
265 856 410 924 cantabat,
425 871 443 910 a
457 870 526 926 quo,
539 863 570 910 vt
588 851 671 920 dixit,
687 851 783 908 officio
801 869 856 924 pro
875 851 1048 925 episcopatu
1068 851 1278 924 resignandos

19 928 30 998 s
95 943 194 1000 noluit
224 941 348 999 absolui.
396 939 553 998 Collationi
584 939 799 996 monachorum
830 938 971 1007 interfuit,
1000 947 1030 996 et
1060 939 1250 996 consessione

14 1087 15 1090 ,
95 1031 185 1098 dicta,
205 1039 235 1086 et
256 1027 464 1086 benedictione
487 1029 564 1097 data,
584 1028 622 1083 ad
643 1043 697 1083 sua
719 1027 815 1084 rediit.
889 1013 977 1084 Dum
998 1027 1093 1084 semel
1112 1026 1250 1084 monachi

14 1107 21 1180 f
95 1117 147 1176 sui
171 1118 209 1174 ad
234 1116 377 1174 maiorem
403 1115 561 1174 ecclesiam
585 1113 750 1187 migrarent
773 1131 864 1188 quam
888 1115 956 1187 ipse
980 1123 1196 1184 construxerat,
1220 1123 1251 1172 et

14 1203 21 1266 ’,
95 1204 216 1264 videret
240 1203 399 1261 ecclesiam
426 1202 579 1276 antiquam
603 1202 716 1258 destrui
734 1219 826 1275 quam
851 1211 973 1260 sanctus
997 1202 1158 1260 Oswaldus
1182 1219 1251 1260 eon·

14 1287 25 1354 ’,
96 1301 259 1362 struxerat,
278 1291 438 1348 lachrimas
463 1290 546 1347 ludit.
583 1289 684 1363 Super
706 1307 765 1363 quo
790 1291 928 1348 modeste
951 1291 1128 1365 redargutus
1152 1289 1252 1364 quod⁸
1267 1309 1297 1348 ro

97 1379 200 1454 potius
212 1381 344 1453 gaudere
361 1379 485 1437 deberet
501 1379 581 1452 quod
596 1395 631 1435 se
646 1377 808 1451 superstite
826 1387 925 1435 tantus
945 1378 1040 1434 honor
1054 1377 1182 1435 ecclesie
1197 1395 1251 1436 sue

14 1469 19 1536 j
96 1467 259 1524 accidisset
287 1468 366 1540 quod
392 1465 594 1539 multiplicatis
622 1464 776 1522 monachis
800 1465 919 1522 edificia
945 1475 1134 1538 augerentur,
1159 1466 1250 1523 dixit:

14 1559 16 1563 ’
97 1553 184 1626 ‘Ego
208 1555 297 1627 longe
321 1554 408 1610 aliter
430 1552 571 1626 intelligo,
596 1553 676 1625 quod
700 1570 757 1610 nos
782 1561 955 1626 peccatores
980 1562 1010 1610 et
1034 1553 1136 1610 misen·
1160 1571 1252 1626 opera

97 1650 273 1700 sanctorum
299 1639 482 1698 destruimus
506 1648 538 1696 vt
565 1641 653 1698 nobis
676 1641 795 1698 laudem
821 1641 1059 1713 comparemus⁴.
1099 1640 1167 1697 Non
1197 1659 1251 1697 no·

14 1735 16 1740 ’
97 1737 186 1786 uerat
210 1730 261 1785 illa
285 1737 350 1785 etas
375 1728 544 1802 pompatica
572 1737 756 1797 construere,
780 1728 835 1785 sed
859 1729 916 1784 sub
939 1727 1149 1801 qualicumque
1173 1737 1252 1786 tecto
1268 1746 1297 1798 1⁵

14 1885 19 1900 ἵ,
98 1817 220 1889 seipsos
244 1817 302 1873 deo
326 1815 481 1872 immolare
505 1815 717 1888 subiectosque
740 1816 779 1872 ad
804 1815 978 1888 exemplum
999 1815 1166 1873 attrahere:
1195 1831 1252 1872 nos

14 1911 18 1978 j
98 1914 225 1962 econtra
236 1904 359 1962 nitimur
371 1913 402 1961 vt
414 1921 517 1962 curarn
529 1902 696 1960 animarum
715 1903 901 1976 negligentes
918 1903 1107 1960 cumulemus
1119 1903 1252 1976 lapides’

101 1981 191 2050 Dum
211 1992 307 2049 semel
324 2001 447 2048 sanctus
465 1991 622 2048 Wlstanus
641 2008 813 2048 sermonem
832 1993 871 2048 de
888 2008 964 2064 pace
983 1991 1102 2059 iaceret,
1119 2001 1148 2048 et
1167 1989 1253 2047 multi

98 2081 140 2138 ad
160 2079 351 2137 concordiam
369 2079 510 2149 redirent,
522 2095 601 2136 vnus
620 2077 699 2135 inter
716 2096 769 2136 eos
788 2078 869 2136 nullo
888 2095 987 2150 suasu,
1006 2096 1062 2136 nec
1080 2079 1169 2136 etiam
1188 2079 1253 2152 epi·

15 2160 23 2240 ’,
100 2165 187 2238 scopi
211 2174 324 2240 rogatu,
346 2183 402 2239 pro
422 2166 522 2222 fratris
542 2183 617 2224 nece
639 2165 806 2223 homicide⁸
826 2165 946 2223 veniam
965 2166 1079 2239 petenti
1098 2167 1300 2240 indulgerem

14 2267 27 2322 ’,
100 2255 202 2313 voluit.
248 2253 328 2310 Huic
352 2255 383 2310 in
410 2254 508 2311 medio
532 2255 670 2324 adducto,
695 2253 771 2310 dixit
795 2253 973 2328 episcopus:
1003 2254 1105 2313 ‘Beati
1129 2254 1254 2328 pacifici,

99 2343 246 2417 quoniam
258 2341 311 2398 filii
324 2341 372 2398 dei
385 2343 577 2398 vocabuntur.
604 2341 727 2398 Constat
739 2342 821 2398 enim
834 2343 914 2415 quod
930 2342 978 2415 [si]
990 2343 1105 2416 pacifici
1117 2352 1187 2400 sunt
1200 2342 1254 2400 filii

14 2427 18 2450 ³
100 2429 153 2488 dei
170 2440 200 2486 et
216 2431 303 2500 beati,
316 2430 522 2487 discordantes
539 2437 610 2486 sunt
626 2429 728 2487 miseri
745 2439 776 2487 et
791 2430 844 2487 filii
859 2430 976 2489 diaboli.
1015 2431 1060 2488 llli
1078 2449 1150 2504 ergo
1169 2431 1254 2489 cuius

100 2536 147 2588 es,
161 2528 190 2576 te
207 2519 393 2588 commendo,
407 2526 436 2574 et
453 2518 540 2574 trado
559 2533 680 2574 carnem
697 2527 779 2575 tuam
800 2518 943 2575 sathane!
981 2518 1087 2577 Statim
1104 2519 1154 2577 ille
1170 2537 1254 2577 man·

16 2619 17 2622 ’
101 2605 215 2679 cipium
229 2605 336 2662 hostile
349 2605 483 2674 effectus,
495 2604 636 2662 dentibus
649 2603 784 2674 stridere,
798 2623 922 2679 spumas
935 2606 1041 2676 iacere,
1054 2616 1143 2680 caput
1156 2618 1254 2665 rotare
1269 2625 1299 2678 25

17 2701 22 2710 '
101 2693 193 2766 cepit.
229 2694 258 2749 A
280 2693 420 2750 Wlstano
440 2695 562 2750 demum
584 2702 715 2762 sanatus,
738 2711 807 2751 eum
829 2711 934 2767 pacem
954 2695 1052 2753 adhuc
1075 2696 1255 2768 repudiaret,

19 2790 23 2797 ‘
101 2781 222 2848 iterum,
235 2789 265 2838 et
276 2781 364 2838 tertio
377 2789 515 2854 arreptus
528 2789 582 2850 est,
593 2798 749 2854 quousque
761 2799 801 2838 ex
813 2784 902 2838 corde
914 2781 1052 2839 iniuriam
1066 2791 1095 2840 et
1108 2782 1255 2840 offensam

15 2857 22 2946 ³.
101 2869 278 2927 remitteret.
333 2857 640 2942 Ailwinus⁸quidam
653 2871 733 2942 apud
750 2869 859 2926 saltum
873 2870 1040 2928 Maluemie
1056 2871 1256 2928 anachoritice

102 2957 229 3029 degens,
241 2955 410 3014 ⁷desiderio
423 2955 669 3014 hierosolimitani
682 2956 796 3013 itineris
809 2957 911 3031 sepius
924 2958 1040 3014 afflatus
1056 2967 1129 3014 erat.
1167 2957 1255 3027 Quod

16 3059 18 3066 ’
103 3061 174 3103 cum
187 3044 327 3101 Wlstano
345 3045 499 3117 panderet,
519 3044 699 3102 dissuadens
710 3045 880 3118 episcopus,
894 3045 986 3102 dixit:
1006 3044 1143 3102 ‘Desiste
1156 3046 1255 3115 sodes,
1268 3064 1303 3115 30

102 3131 251 3190 Ailwine:
282 3132 370 3188 crede
392 3131 474 3202 mihi,
494 3131 647 3188 mirareris
667 3131 693 3188 si
713 3133 808 3190 scires
829 3151 887 3206 que
907 3141 1011 3206 perte
1030 3133 1105 3189 deus
1124 3131 1255 3190 facturus

16 3295 18 3300 s
103 3219 160 3277 sit!
187 3219 395 3292 Acquiescens
407 3218 465 3291 ille,
477 3219 510 3276 in
522 3220 588 3276 loco
601 3219 651 3276 illo
663 3221 701 3276 ad
715 3236 874 3277 numerum
887 3219 1078 3278 tricenarium
1091 3221 1255 3278 monachos

16 3321 20 3328 ’
103 3305 299 3380 congregauit
311 3315 341 3364 et
354 3307 539 3364 Maluemie⁸
551 3307 763 3364 monasterium
781 3307 924 3366 fundauit
980 3297 1116 3383 Quidam
1133 3307 1255 3366 nomine

16 3391 18 3414 ⁷
104 3395 338 3452 Sewlfustdum
348 3395 451 3468 sepius
461 3396 567 3452 eadem
577 3405 700 3468 peccata
712 3395 857 3469 episcopo
866 3397 1020 3470 panderet,
1030 3395 1069 3453 ait
1079 3395 1254 3470 episcopus:

17 3555 19 3562 Ι
104 3481 325 3554 ιΟροηιιηὶῐεε,
334 3491 365 3538 vt
374 3481 472 3553 video,
486 3481 633 3538 latronem
647 3482 729 3551 iacit:
748 3483 816 3540 ideo
829 3483 952 3541 consulo
965 3493 996 3540 vt
1010 3484 1175 3540 monachus
1184 3485 1254 3541 fias:
1269 3500 1301 3554 35

104 3577 135 3626 et
147 3569 191 3626 sic
203 3569 343 3626 vitiorum
362 3569 585 3642 importunitate
604 3569 737 3627 carebis:
776 3571 852 3628 Cum
864 3588 936 3628 vero
949 3571 999 3629 ille
1017 3588 1072 3644 pro
1091 3571 1190 3645 rigore
1207 3589 1256 3628 or-

105 3657 186 3714 dinis
199 3656 255 3714 hoc
268 3666 417 3727 renueret,
427 3659 434 3686 ⁴
443 3655 537 3726 Vade,
548 3655 651 3729 inquit,
662 3659 827 3715 monachus
839 3659 895 3716 fies
904 3659 979 3716 velis
988 3659 1083 3715 nolis!
1119 3658 1255 3716 Tandem

105 3744 156 3800 ille
181 3761 355 3812 senescens,
381 3753 411 3801 et
437 3745 518 3818 apud
547 3743 752 3818 Malmesbyry
774 3755 954 3816 tonsoratus,
979 3747 1117 3819 quotiens
1144 3746 1256 3803 dictum

105 3831 237 3888 Wlstani
245 3830 339 3888 menti
350 3831 485 3904 ingessit,
494 3830 595 3888 mitius
608 3849 642 3890 se
654 3831 764 3889 habuit
814 3819 902 3890 Dum
915 3833 1048 3906 alumpni
1060 3833 1107 3890 sui
1121 3833 1256 3890 Nicholai

106 3927 196 3992 caput
212 3918 356 3992 palparet,
369 3919 421 3992 qui
438 3922 498 3975 iam
515 3918 632 3976 iuuenis
647 3919 818 3978 caluescere
834 3920 921 3994 cepit,
934 3919 974 3978 ait
992 3922 1030 3977 ad
1047 3935 1134 3978 eum:
1154 3921 1256 3991 ιΡιιῐο,
1268 3937 1302 3989 4ο

106 4007 159 4074 fili,
177 4007 258 4079 quod
276 4006 333 4062 cito
351 4007 454 4063 calum
473 4006 549 4063 eris?
588 4005 625 4062 Et
642 4007 709 4064 ille:
729 4007 854 4077 ‘Quare
867 4018 961 4080 pater,
974 4025 1034 4064 non
1053 4017 1140 4065 tenes
1157 4007 1257 4066 crines

107 4111 194 4150 meos
203 4096 226 4150 l'
263 4092 318 4150 Cui
331 4094 509 4167 episcopus:
530 4093 650 4160 ‘Crede
663 4094 713 4164 fili,
725 4096 866 4168 quamdiu
879 4095 991 4162 vixero,
1004 4095 1115 4152 residui
1132 4113 1192 4153 non
1205 4096 1259 4153 de-

107 4181 226 4238 ficient'
258 4179 295 4238 Et
304 4179 413 4239 lactum
425 4190 472 4238 est
482 4181 529 4238 ita
556 4180 1257 4256 Ebdomadanamqueillaquaepiscopusobiit,

140 4335 196 4386 ¹T.
208 4337 323 4388 includit.
388 4335 647 4387 'ct.w.tt.1³0nt
713 4337 892 4402 ¹W.ll.qui.
958 4337 1013 4389 ⁴T.
1029 4338 1058 4389 E.
1070 4354 1257 4402 comperemus.

107 4399 164 4454 ⁸1¹2.
176 4403 310 4455 homiside.
354 4401 620 4455 ⁸W.M.Aldwinus.
653 4399 710 4454 'a
722 4403 744 4454 si
756 4405 781 4455 d.
823 4403 879 4456 ⁸E.
896 4403 1046 4456 maluerine.
1079 4405 1259 4460 'Efewlfun
