3044 4878
447 299 713 396 mesonca
737 301 870 404 bina.
1188 329 1231 399 31

74 502 179 560 doleat
204 501 379 572 astuciam.¹,
404 503 459 560 sed
489 501 622 576 lapidum
653 501 856 560 innocentiam
887 505 1071 576 perpendat:
1102 503 1236 562 obtineat

74 607 210 663 serpens
234 591 367 663 rigorem
386 589 501 664 lapidis,
520 591 575 648 sed
593 590 670 664 lapis
688 590 801 648 nesciat
824 591 971 648 maliciam
992 593 1153 665 serpentis.
1189 592 1237 650 Sit

74 681 180 752 itaque
205 679 323 752 effigies
345 678 376 735 in
399 679 505 752 lapide,
526 680 581 736 sed
605 696 756 736 venenum
781 679 819 736 sit
843 679 874 735 in
899 689 1049 752 serpente.
1086 681 1235 738 Conuerte

73 782 161 840 ergo,
178 783 286 838 queso,
303 775 463 839 serpentes
480 766 531 839 qui
553 766 644 823 huius
661 767 717 824 loci
736 766 866 824 confinia
884 767 1023 838 incolunt,
1042 768 1073 824 in
1092 768 1235 826 solidissi-

75 871 160 910 mam
187 852 323 926 lapidum
346 865 492 923 naturam,
509 855 651 927 quatinus
669 855 786 912 illorum
813 856 956 928 deinceps
980 873 1040 912 non
1066 867 1264 925 metuentes5

76 940 282 1009 insolentiam,
311 959 381 998 cum
409 959 484 1015 pace
512 952 543 999 et
572 942 781 1016 tranquillitate
812 943 864 1000 tibi
895 944 950 1000 soli
981 943 1102 1000 domino
1131 945 1235 1002 liberis

75 1028 234 1086 mentibus
253 1030 430 1097 seruiamus,
447 1029 499 1102 qui
517 1047 552 1087 es
570 1030 780 1103 superomnia
798 1031 974 1089 benedictus
992 1032 1068 1088 deus
1087 1031 1116 1087 in
1135 1032 1236 1088 secula

74 1117 270 1174 secutorum:
320 1117 457 1190 Cumque
487 1135 594 1174 omnes
624 1118 853 1190 respondissent
882 1136 980 1189 amen,
1004 1119 1235 1193 circumquaque

75 1213 242 1276 serpentes
262 1219 302 1260 ex
321 1204 437 1261 rimulis
454 1214 534 1262 terre
554 1205 706 1262 confluere
724 1215 754 1262 et
772 1207 853 1278 apud
872 1204 971 1262 littora
988 1206 1082 1263 maris
1100 1207 1235 1264 certatim

76 1307 209 1363 serpere
233 1301 264 1348 et
288 1292 355 1348 sine
379 1309 463 1349 mora
483 1309 540 1365 per
558 1294 676 1350 deuexa
697 1295 807 1351 montis
829 1311 898 1350 sese
920 1294 1107 1368 precipitare,
1128 1311 1235 1352 omnes
1251 1313 1281 1350 ιο

75 1387 218 1436 astantes
229 1381 388 1448 viderunt:
406 1381 456 1436 vbi
475 1397 546 1438 mox
559 1381 640 1438 velut
656 1381 772 1454 lapides
788 1381 974 1452 diriguerunt
984 1381 1003 1438 ².
1041 1381 1087 1438 Ex
1101 1381 1151 1439 illa
1163 1400 1235 1439 vero

77 1465 128 1523 die
152 1467 185 1524 in
210 1467 365 1539 prouincia
383 1467 433 1523 illa
451 1485 541 1524 nemo
562 1485 597 1525 se
614 1485 746 1540 unquam
765 1469 821 1524 bac
840 1469 925 1525 clade
944 1469 1040 1526 lesum
1059 1469 1162 1526 sensit.
1200 1469 1235 1526 ln

76 1554 223 1610 cauernis
242 1571 394 1622 saxorum,
410 1555 460 1612 vbi
478 1565 638 1628 serpentes
654 1564 840 1624 corruerunt,
858 1557 973 1629 lapides
990 1557 1191 1628 inueniuntur,
1204 1559 1234 1614 in

77 1641 194 1716 quibus
212 1641 253 1698 ita
269 1641 392 1715 proprie
409 1642 621 1714 exprimuntur
638 1661 742 1699 eorum
761 1643 866 1716 figure,
879 1652 911 1700 vt
929 1645 969 1701 nil
988 1643 1107 1717 penitus
1119 1645 1236 1701 consor·

78 1728 178 1786 mitati
199 1729 360 1801 serpentis,
379 1741 522 1801 quantum
541 1731 579 1786 ad
601 1747 776 1802 expressam
798 1731 941 1804 speciem,
958 1732 1036 1788 desit
1053 1732 1101 1789 vel
1120 1741 1235 1790 nature.
1252 1752 1261 1786 r
1267 1751 1281 1802 5

80 1814 222 1890 Lapillos
246 1816 332 1888 quasi
354 1817 392 1872 ad
415 1817 577 1889 imaginem
599 1819 803 1890 serpentinam
825 1836 988 1892 expressos
1010 1819 1151 1893 inspicis:
1181 1822 1235 1877 sed

78 1904 165 1960 nulla
185 1911 251 1960 arte
277 1903 400 1960 humani
421 1903 534 1977 ingenii
556 1903 599 1961 sic
620 1922 711 1977 posse
733 1905 863 1978 insculpi
880 1905 965 1964 facile
984 1909 1133 1976 aduenis:
1159 1907 1236 1980 lapis

79 1990 225 2048 manibus
243 1991 390 2064 palpatur,
409 1993 464 2048 sed
483 1991 574 2049 nichil
593 1991 651 2048 nisi
669 2009 797 2065 serpens
816 1993 968 2067 cogitatur.
1042 1983 1178 2070 Quidam
1197 2011 1236 2051 ex

79 2077 205 2136 famulis
221 2081 309 2135 beate
325 2079 426 2148 Hilde‚
437 2079 490 2151 qui
508 2088 609 2136 custos
628 2089 692 2136 erat
709 2097 859 2152 agrorum,
873 2080 970 2138 subito
987 2081 1108 2138 aduenit
1121 2090 1150 2139 et
1163 2100 1236 2138 voce

79 2166 255 2237 querulosa,
277 2167 357 2224 vnde
382 2165 597 2223 molestabatur
621 2167 719 2239 palam
744 2168 890 2240 exposuit,
910 2168 1048 2225 videlicet
1069 2172 1149 2241 quod
1173 2178 1236 2226 sata
1253 2181 1284 2218 ²0

80 2252 212 2310 fratrum
227 2261 257 2310 et
270 2270 407 2310 sororum
425 2271 443 2309 a
460 2253 648 2311 multitudine
665 2255 765 2312 auium
783 2265 968 2328 consumpta,
982 2265 1011 2312 et
1027 2257 1156 2328 pedibus
1169 2275 1235 2312 con·

79 2340 209 2409 calcata,
226 2340 259 2397 in
277 2341 421 2398 nichilum
438 2341 501 2398 fere
516 2341 733 2414 redigerentur.
770 2342 826 2399 Cui
840 2343 925 2416 virgo
943 2353 1046 2400 sancta
1065 2346 1235 2417 respondit:

82 2427 134 2484 ‘Si
146 2427 293 2497 nolueris,
304 2437 338 2485 vt
349 2428 470 2500 asseris,
483 2429 561 2486 hanc
574 2429 626 2487 tibi
639 2430 745 2486 crebro
758 2429 903 2487 suscitent
915 2431 1094 2503 molestiam,
1107 2441 1138 2488 et
1150 2433 1237 2490 nobis

80 2524 200 2574 tantam
218 2513 356 2588 ingerant
372 2516 521 2588 iniuriam,
537 2518 615 2574 vade
629 2519 767 2590 protinus
784 2527 814 2574 et
830 2535 883 2575 eas
898 2518 1011 2592 pariter
1027 2521 1084 2577 sub
1102 2520 1238 2577 custodia

83 2602 268 2660 includendo
290 2604 434 2675 coherce;
461 2621 599 2675 neceas,
621 2605 716 2662 donec
738 2605 880 2662 multetur
900 2607 1095 2681 presumptio,
1119 2609 1236 2681 uspiam
1252 2630 1282 2680 ²5

83 2691 208 2746 euolare
220 2691 395 2763 permittas!
434 2691 489 2750 llle
501 2701 602 2749 autem
620 2692 658 2748 ab
675 2711 711 2749 ea
728 2710 764 2750 se
780 2693 898 2750 irriden'
911 2696 1041 2766 putabat,
1054 2704 1084 2752 et
1097 2713 1158 2752 nou
1171 2695 1237 2752 sine

83 2794 213 2836 rancore
231 2795 250 2834 a
267 2778 393 2852 virginis
408 2780 562 2853 presentia
581 2781 726 2838 recedens
745 2781 837 2838 dixit:
858 2781 957 2838 ‘Num
973 2783 1054 2839 enim
1072 2783 1103 2839 in
1114 2792 1237 2840 ventum

83 2868 180 2924 verba
199 2865 330 2923 edundis
349 2875 379 2924 et
397 2869 477 2940 quod
495 2867 683 2939 impossibile
701 2876 748 2924 est
765 2877 795 2924 et
812 2877 919 2944 nature
935 2886 995 2925 non
1011 2870 1138 2926 admittit
1155 2871 1236 2941 ratio,

84 2953 179 3012 michi
190 2952 343 3026 iniungis?
379 2953 496 3012 Vadam
514 2955 596 3012 enim
609 2956 776 3012 seeundum
789 2957 916 3012 verbum
928 2965 1021 3026 tuum,
1034 2966 1072 3027 et,
1085 2957 1110 3014 si
1124 2965 1237 3030 potero,

84 3042 167 3112 quod
181 3041 314 3114 precipis
326 3041 449 3113 faciam:
469 3044 524 3099 sed
537 3059 628 3116 quam
640 3041 806 3099 inefficacia
818 3042 948 3114 sintque
960 3043 1051 3101 michi
1063 3044 1237 3117 iniunxen's,
1252 3067 1284 3115 30

84 3128 115 3184 in
132 3129 233 3186 reditu
249 3145 320 3186 meo
335 3129 437 3203 vtique
458 3130 626 3203 experieris
633 3129 659 3187 ³.'
698 3129 748 3186 Ad
767 3147 857 3204 agros
875 3129 983 3202 igitur*
1002 3149 1143 3204 pergens,
1164 3151 1238 3190 aues

85 3217 168 3274 velut
182 3233 306 3274 arenam
319 3216 562 3288 innumerabiles,
575 3235 634 3290 que
649 3225 714 3274 sata
725 3227 983 3290 consumpserant,
996 3217 1117 3276 inuenit
1155 3220 1238 3290 Quas

84 3313 116 3360 vt
128 3303 214 3376 vidit,
228 3304 259 3359 in
272 3304 350 3360 hanc
362 3322 468 3362 vocem
485 3303 681 3378 proculdubio
698 3304 851 3378 prorupit:
879 3303 951 3375 ‘Ite‚
963 3305 1012 3376 ait,
1025 3315 1055 3362 et
1072 3308 1238 3364 secundum

86 3390 253 3450 iussionem
273 3392 395 3449 domiue
415 3409 483 3450 mee
505 3393 583 3450 infra
602 3393 668 3450 eius
685 3391 878 3449 includamini
899 3401 1002 3465 septa:
1030 3393 1099 3466 quia
1118 3395 1173 3451 hoc
1192 3404 1238 3452 est

86 3481 168 3551 quod
191 3479 279 3537 vobis
304 3479 401 3538 debeo
425 3479 525 3538 facere
549 3499 588 3538 ex
613 3479 799 3538 obedientia!
849 3479 912 3536 Nec
937 3497 1030 3549 mora,
1054 3482 1154 3538 statim
1178 3501 1238 3555 quo
1252 3498 1283 3551 35

86 3567 267 3626 iubebantur
292 3567 337 3626 ire
365 3577 519 3641 ceperunt,
543 3576 573 3625 et
598 3568 716 3640 seipsas
740 3569 862 3624 nemine
886 3577 1020 3640 cogente,
1044 3570 1099 3626 sed
1123 3571 1239 3642 prelato

87 3655 200 3712 famulo
217 3663 373 3728 sequente,
386 3655 464 3712 intra
481 3665 567 3729 septa
583 3655 776 3712 incluserunt.
812 3655 880 3726 Quo
896 3654 972 3712 sacto
985 3665 1086 3714 custos
1099 3675 1238 3731 agrorum

87 3744 189 3800 animo
201 3743 400 3800 vehementer
411 3753 629 3812 consternatus,
642 3743 685 3801 rei
702 3743 839 3800 ordinem
856 3752 959 3800 sancte
975 3743 1067 3800 Hilde
1080 3746 1238 3802 enarrauit.

88 3829 156 3900 Que
169 3829 269 3888 statim
282 3831 439 3899 accedens,
452 3831 559 3888 auibus
572 3830 711 3888 omnibus
724 3830 892 3888 libertatem
904 3831 1043 3888 auolandi
1056 3850 1115 3905 quo
1128 3833 1238 3890 vellent

87 3917 246 3976 concessit.
296 3917 359 3976 Sed
381 3935 449 3974 cum
471 3917 570 3976 omnis
591 3920 678 3975 turba
702 3919 857 3976 volucrum
882 3936 939 3992 per
962 3919 1110 3976 licentiam
1135 3929 1237 3977 sancte
1251 3941 1284 3990 40

87 4005 215 4080 virginis
232 4004 353 4076 abisset,
369 4015 495 4078 repente
507 4022 575 4074 vna,
588 4023 647 4079 que
665 4005 793 4079 relinqui
804 4005 970 4076 videbatur,
984 4013 1101 4062 mortua
1116 4005 1239 4064 inuenta

87 4103 142 4152 est.
189 4093 245 4150 Cui
266 4109 334 4150 cum
353 4094 441 4150 beata
461 4092 554 4150 Hilda
573 4093 741 4166 preciperet
758 4102 790 4150 vt
808 4093 875 4150 sine
894 4092 1034 4150 dilatione
1053 4103 1191 4166 surgeret
1209 4105 1239 4152 et

89 4180 214 4240 coalites
226 4197 300 4237 suos
312 4181 425 4254 absque
440 4197 525 4238 mora
537 4181 789 4255 apprehenderet,
798 4180 876 4236 illico
888 4180 953 4237 auis
965 4188 1083 4238 mortua
1090 4181 1199 4239 reuixit
1208 4192 1238 4240 et

90 4293 340 4410 Ez'Tiumum
438 4293 686 4356 ¹T.dirriguerunt.
777 4293 1007 4356 wamma-13,
1097 4293 1238 4360 operm

111 4398 118 4411 ι
131 4375 167 4434 Ιβ]
198 4375 217 4410 Γ.
714 4370 720 4383 .
