3054 4904
467 277 542 370 mr
567 275 730 366 aaron
756 277 896 379 turm.
1200 301 1249 376 97

98 483 211 533 certam
237 486 428 534 assumentes
449 477 598 549 fiduciam,
618 497 678 536 non
702 479 800 537 solum
825 479 1050 554 suppositarum
1068 481 1097 538 ei
1115 479 1248 553 gentium

97 562 309 634 plenissimam
328 566 464 636 salutem,
477 567 707 640 immo'quoque
725 567 900 638 vicinarum,
913 578 1016 626 vestre
1036 571 1248 642 predicationis

98 650 266 708 ministerio
291 654 441 710 credimus
467 656 721 727 subsequendam,
746 656 895 729 quatinus,
922 656 998 714 sicut
1026 657 1248 729 scriptumest,

97 740 296 795 consummati
322 742 423 813 operis
443 741 530 798 vobis
555 759 673 798 merces
697 759 715 798 a
739 743 917 800 retributore
941 743 1076 800 omniurn
1101 745 1248 799 bonorum

97 824 221 882 domino
238 825 393 898 tribuatur,
409 838 439 885 et
453 847 525 886 vere
542 847 735 902 peromnem
753 839 866 886 terram
885 830 986 888 exisse
1005 848 1114 887 sonum
1133 848 1247 900 eorum,
1263 847 1277 898 5

97 920 127 967 et
146 912 178 968 in
198 914 277 971 fines
297 915 379 972 orbis
398 924 479 972 terre
498 917 590 972 verba
612 934 725 984 eorum,
743 917 924 974 uniuersalis
945 919 1080 992 gentium
1099 917 1248 974 consessio

97 1010 240 1073 suscepto
256 1001 415 1059 christiane
431 1012 618 1060 sacramento
636 1003 722 1060 fidei¹
737 1013 928 1077 protestetur.
967 1006 1093 1062 Pallium
1110 1013 1249 1078 preterea

96 1104 154 1158 per
174 1088 300 1145 latorem
322 1093 508 1162 presentium
530 1091 705 1148 fraternitati
726 1101 776 1149 tue
796 1092 989 1166 benignitatis
1008 1093 1114 1150 studiis
1133 1092 1249 1150 inuitati

96 1174 274 1246 direximus,
295 1178 374 1250 quod
396 1177 535 1235 videlicet
556 1187 671 1235 tanturn
691 1179 721 1235 in
744 1181 942 1237 sacrosanctis
965 1179 1155 1237 celebrandis
1176 1179 1249 1236 mis·

95 1261 182 1318 teriis
204 1265 307 1320 utendi
328 1265 476 1322 licentiam
499 1265 741 1339 imperauimust
777 1267 987 1324 Concedentes
1007 1267 1098 1324 etiam
1119 1267 1180 1337 tibi,
1200 1284 1248 1323 or·
1264 1285 1295 1322 10

96 1349 266 1408 dinationes
291 1352 501 1426 episcoporum
526 1352 666 1428 exigente
687 1355 896 1427 oportunitate,
917 1354 1030 1411 domini
1050 1354 1248 1428 preueniente

96 1437 313 1508 misericordia,
344 1440 505 1506 celebrare,
536 1441 576 1497 ita
606 1451 638 1498 vt
673 1441 784 1498 Christi
821 1442 1011 1516 euangelium
1049 1443 1247 1515 plurimorum

95 1526 328 1583 annunciatione
359 1527 389 1582 in
420 1528 559 1584 omnibus
590 1529 730 1602 gentibus
755 1546 814 1602 que
843 1531 972 1586 necdum
1000 1547 1147 1586 conuerse
1177 1538 1248 1586 sunt

95 1611 245 1670 dilatetur.
283 1614 521 1689 Studeatiergo
541 1625 593 1672 tua
614 1615 791 1684 fraternitas,
811 1617 868 1673 hoc
885 1619 964 1690 quod
983 1617 1066 1674 sedis
1085 1617 1248 1690 apostolice

96 1700 282 1758 humanitate
312 1702 455 1775 percepit,
486 1702 663 1760 intemerata
694 1704 803 1761 mentis
834 1704 1006 1761 sinceritate
1037 1721 1171 1774 seruare,
1201 1704 1247 1761 in·
1265 1724 1293 1775 15

95 1788 228 1844 tendens
241 1789 326 1845 cuius
340 1789 383 1846 rei
396 1789 591 1848 similitudine
603 1801 664 1848 tarn
677 1790 875 1865 precipuum*
892 1791 1100 1848 indumentum
1114 1792 1248 1848 humeris

95 1874 155 1931 tuis
169 1876 363 1933 baiulandum
377 1877 565 1951 susceperis;
584 1879 736 1952 talemque
748 1887 778 1935 te
791 1878 904 1935 domini
917 1878 1076 1952 implorata
1089 1878 1248 1935 clementia

95 1962 302 2020 exhibendum
320 1966 415 2030 stude,
435 1975 466 2021 vt
485 1965 592 2021 indulti
611 1966 745 2023 muneris
763 1967 880 2039 premia
894 1983 954 2022 non
975 1983 1043 2022 cum
1062 1967 1247 2032 reatitudine,

95 2051 151 2106 sed
165 2068 234 2106 cum
244 2051 436 2123 com[m]odis
444 2052 455 2084 ³
463 2054 631 2109 animarum
640 2064 710 2110 ante
721 2053 849 2110 tribunal
859 2053 969 2110 sumini
978 2063 1007 2110 et
1014 2055 1131 2110 venturi
1141 2053 1247 2111 iudicis

95 2148 300 2210 representes.
351 2139 434 2196 Deus
464 2148 495 2196 te
525 2140 705 2197 incolumem
736 2141 889 2210 custodiat,
916 2140 1110 2198 dilectissime
1137 2141 1246 2198 irater.¹
1263 2161 1294 2198 πο

98 2213 151 2282 Ex
177 2225 236 2282 hiis
262 2225 342 2283 enirn
367 2244 446 2300 pape
466 2227 644 2284 testimoniis
672 2227 828 2301 magnifice
858 2230 1048 2301 pensandum
1072 2236 1119 2284 est
1143 2227 1247 2300 quanti

95 2313 197 2369 meriti
228 2325 399 2388 quanteque
436 2315 600 2372 sanctitatis
632 2317 711 2372 hunc
741 2317 862 2372 beatum
902 2315 1018 2372 Iustum
1053 2316 1247 2386 estimauerit,

94 2401 179 2474 quod
198 2409 259 2458 tarn
282 2403 391 2460 deuote
412 2413 534 2475 tamque
555 2403 712 2476 vigilanter
730 2420 786 2475 pro
805 2402 917 2460 Christi
936 2403 1093 2476 euangelio
1112 2404 1248 2460 elabora·
1319 2403 1326 2412 ”

95 2489 183 2558 uerit,
199 2489 280 2561 quod
301 2507 356 2561 pro
375 2489 491 2546 iusticia
510 2490 633 2546 exilium
653 2507 761 2563 passus
783 2491 829 2556 sit,
849 2499 879 2546 et
899 2507 1002 2564 regem
1022 2499 1247 2563 persecutorem

95 2576 132 2632 ad
165 2575 260 2632 fidem
291 2593 345 2632 sua
375 2577 542 2634 eruditione
566 2578 748 2650 perduxerit
798 2577 908 2651 Sicque
938 2577 1025 2634 bonis
1050 2579 1192 2650 operibus
1217 2587 1248 2636 et
1263 2603 1293 2652 ²5

96 2663 251 2720 miraculis
277 2673 307 2720 et
330 2663 488 2720 virtutibus
510 2666 627 2737 plenus,
649 2674 755 2738 quarto
780 2666 847 2722 idus
872 2664 1047 2722 nouembris
1066 2666 1104 2721 ad
1125 2665 1247 2721 celestia

95 2767 193 2824 regna
206 2751 358 2807 sublatus⁸
371 2761 418 2808 est
429 2771 436 2822 ;
456 2761 485 2808 et
498 2769 607 2825 corpus
625 2753 690 2808 eius
703 2754 734 2808 in
747 2751 929 2808 monasterio
946 2753 1151 2824 apostolorum
1166 2752 1247 2809 Petri

95 2848 126 2893 et
151 2837 239 2894 Pauli
264 2837 428 2895 honorifice
452 2839 605 2912 sepulture
636 2839 769 2896 traditur.
855 2827 922 2898 Sed
948 2839 1026 2896 inter
1050 2840 1105 2895 hec
1130 2839 1156 2895 si
1180 2839 1248 2912 quis
1273 2852 1292 2878 f

94 2936 204 2998 querat
226 2925 312 2999 signa
336 2927 445 2998 quibus
470 2927 558 2984 huius
584 2927 678 2984 sancti
703 2927 893 2984 declarentur
916 2928 1031 2996 merita,
1053 2928 1152 2983 audiat
1173 2929 1247 2984 irre·

95 3012 253 3086 lragabilia
277 3013 355 3070 beati
377 3013 514 3088 Gregorii
534 3013 703 3072 testimonia
725 3015 763 3070 ad
783 3023 920 3070 sanctum
937 3013 1138 3088 patriarcham
1158 3013 1247 3071 Eulo·
1262 3037 1303 3087 30¹
1394 3047 1399 3056 ·

93 3101 180 3174 giurn
206 3101 344 3174 scripta⁷.
381 3101 512 3172 ‘Tantis
531 3101 636 3175 inquit,
655 3101 806 3158 miraculis
826 3101 875 3158 vel
897 3101 964 3174 ipse
982 3101 1178 3174 Augustinus,
1198 3103 1247 3159 vel

95 3189 136 3244 hii
150 3187 283 3264 quicum
297 3207 334 3245 eo
346 3189 430 3246 missi
444 3198 524 3260 sunt,
534 3191 565 3246 in
577 3200 668 3263 gente
677 3189 845 3262 Anglorurn
855 3190 1042 3258 choruscant,
1051 3197 1083 3245 vt
1096 3191 1246 3261 apostolo-

95 3294 164 3334 rum
187 3276 313 3334 virtutes
333 3275 363 3332 in
384 3277 479 3350 signis
501 3295 560 3351 que
584 3277 728 3334 exhibent
751 3277 859 3333 imitari
880 3279 1053 3334 videantur!
1091 3277 1155 3333 Nec
1173 3276 1246 3334 illud

93 3365 185 3421 decet
198 3363 316 3421 silentio
329 3363 520 3421 dissimulare
529 3366 547 3433 ⁸,
562 3366 642 3438 quod
655 3366 686 3421 in
699 3365 794 3436 ipsius
807 3364 883 3421 sicut
896 3375 927 3421 et
940 3374 1108 3421 ceterorum
1127 3374 1246 3438 patrum

94 3451 293 3508 translatione
317 3461 421 3526 aperto
446 3453 512 3509 eius
535 3453 721 3525 sarcophago
745 3452 821 3508 inira
848 3439 954 3509 omn'es
982 3461 1114 3508 astantes
1139 3453 1246 3526 repleti
1262 3471 1292 3521 ³⁵

94 3550 167 3598 sunt
191 3539 352 3612 fragrantie
370 3540 524 3597 suauitate.
561 3539 785 3612 Verumtamen,
804 3539 854 3596 vbi
873 3550 920 3598 est
937 3539 1100 3614 apostolica
1117 3540 1185 3608 vita,
1205 3541 1247 3596 nil

94 3628 249 3701 perdunt’
273 3629 388 3698 merita,
414 3627 470 3684 etsi
492 3629 591 3685 desint
601 3628 621 3660 ¹⁰
641 3628 804 3702 apostolica
828 3630 921 3701 signa.
959 3627 1058 3684 Huius
1082 3627 1248 3686 beatissimi

95 3714 195 3772 sancti
218 3715 320 3786 vitam,
341 3714 495 3784 iusticiam,
515 3718 686 3788 equitatem,
709 3725 739 3772 et
760 3715 1023 3772 mansuetudinem
1042 3715 1113 3772 totis
1133 3715 1247 3772 viribus

95 3802 259 3872 imitemur,
284 3819 379 3875 praua
404 3812 434 3859 et
456 3802 557 3860 illicita
583 3820 675 3876 opera
702 3802 840 3872 vitemus,
865 3811 897 3860 vt
921 3803 984 3860 suis
1009 3801 1124 3858 meritis
1149 3801 1247 3858 omnis

95 3889 214 3962 peccati
227 3890 343 3946 macula
355 3907 373 3946 a
387 3891 473 3947 nobis
490 3891 647 3961 eradicata,
660 3889 817 3964 percipere
830 3907 898 3946 curn
911 3909 947 3946 eo
961 3906 1131 3946 mereamur
1142 3898 1246 3946 eterne
1261 3909 1293 3958 40

94 3981 157 4035 vite
169 3977 295 4052 premia.

127 4133 258 4184 ²Efidei
270 4143 439 4184 sacramento.
508 4133 854 4196 ²E.licentieimpnrtimur.
922 4131 978 4184 Ἐ
992 4132 1124 4182 Studebat.
1188 4131 1246 4183 4Ε.

93 4201 226 4264 precipue.
293 4199 348 4248 ’Β
361 4200 475 4250 comitiis.
538 4199 718 4250 ⁰T.sullatus.
780 4199 886 4260 ’(ὶτεεΙ
900 4198 982 4261 Epist.
995 4199 1047 4262 (ed.
1063 4197 1160 4262 Migne)
1173 4197 1246 4250 Vlll.

92 4283 134 4327 3⁰·
206 4265 427 4315 ⁸T.disirnulare.
492 4265 548 4314 ⁸T.
563 4265 591 4314 E.
605 4267 724 4330 produnt.
792 4263 811 4294 ²⁸
829 4265 857 4314 E.
872 4265 973 4314 desinit.

129 4477 197 4518 VOl..
211 4478 241 4518 11.
663 4475 685 4516 lt
