3008 4904
276 321 347 394 180
588 321 720 410 lim
745 318 935 424 unauna
959 319 1111 426 turta.

310 619 388 692 [MS.
402 621 468 678 Tib.
480 621 556 678 adds
568 641 575 678 τ
763 619 927 678 Νανναίὼῐ.

308 729 437 802 Collatis
453 753 552 800 autern
569 761 588 799 a
602 741 753 800 Clodoueo
769 759 840 815 rege
856 741 1038 800 Francorum
1050 743 1151 802 multis
1164 743 1276 820 prediis
1293 745 1438 803 ecclesie

273 832 411 900 remensi,
426 839 547 888 sanctus
561 829 718 903 Remigius
731 829 826 886 multa
838 847 941 887 eorum
955 831 1081 888 ecclesie
1095 832 1273 890 laudunensi
1287 835 1435 904 contulit,

273 929 302 976 et
318 919 534 976 Genebaudum
551 917 682 992 primum
698 917 755 974 illic
773 919 949 992 episcopum
968 919 1119 976 constituit
1134 921 1193 993 qui,
1206 922 1308 978 relicta
1326 939 1436 978 uxore

274 1016 437 1081 sua,nepte
450 1007 588 1064 uidelicet
601 1005 678 1064 beati
693 1005 833 1080 Remigii,
843 1023 911 1063 cum
924 1009 991 1079 ipso
1003 1006 1062 1063 iam
1075 1007 1178 1064 uiuere
1188 1008 1335 1082 cep[erat]
1344 1008 1362 1064 ³.
1392 1008 1435 1066 Et

243 1109 258 1158 5
273 1113 379 1169 parum
397 1097 555 1152 attendens
571 1095 734 1166 (uilrtutem
748 1093 878 1150 hominis
896 1103 999 1151 contra
1016 1104 1179 1168 peccatum,
1192 1113 1317 1154 uxorem
1335 1114 1433 1154 suam

273 1182 420 1240 clausam'
432 1181 599 1240 instruendi
609 1181 707 1255 gracia
717 1181 888 1254 frequenter
895 1183 933 1238 ad
944 1200 977 1238 se
987 1184 1091 1239 uenire
1100 1183 1246 1256 permisit.
1267 1183 1290 1238 F
1291 1201 1434 1256 requen-

272 1271 405 1327 taciones
418 1272 540 1327 demum
555 1280 584 1327 et
601 1269 711 1326 blanda
727 1269 874 1342 colloquia
892 1271 1026 1326 animum
1039 1271 1076 1326 ad
1090 1281 1245 1344 peccatum
1257 1281 1433 1329 traxerunt.

273 1357 454 1430 Concipiens
476 1376 547 1432 ergo
573 1356 680 1414 mulier
701 1357 852 1413 mandauit
878 1367 994 1415 secrete
1018 1357 1046 1414 ei
1072 1359 1192 1415 dicens:
1222 1359 1305 1431 ‘quia
1327 1358 1432 1416 filium

273 1446 440 1502 masculum
456 1444 603 1521 genuisti!
640 1444 697 1516 Qui
710 1445 854 1502 confusus
869 1445 1073 1503 renunciauit¹
1085 1448 1130 1503 ei:
1151 1447 1247 1502 ‘Puer
1258 1458 1432 1520 generatus

227 1547 259 1584 10
273 1542 319 1590 est
341 1533 371 1590 in
394 1534 575 1606 (latrocinioz
603 1533 683 1602 uolo)
706 1541 737 1589 ut
760 1531 849 1588 Latro
875 1535 1015 1590 uocetur!
1054 1533 1091 1590 Et
1112 1552 1150 1590 ne
1174 1533 1328 1608 (suspicio)
1352 1535 1431 1592 inde

272 1623 457 1694 procederet,
469 1639 595 1679 uxorem
609 1623 684 1678 sicut
701 1620 785 1694 prius
799 1622 847 1690 (ad
865 1623 911 1687 se)
926 1623 1030 1679 uenire
1042 1621 1186 1694 permisit.
1223 1621 1304 1692 Qluii
1319 1631 1429 1680 tamen

272 1710 378 1766 iterum
394 1713 475 1784 (post
488 1709 602 1776 fletum)
617 1709 694 1765 illius
709 1709 821 1782 peccati
840 1710 876 1764 ad
890 1717 1045 1782 peccatum
1058 1708 1153 1766 rediit.
1191 1709 1428 1784 Conlcepitquel

272 1797 386 1867 mulier,
400 1807 438 1867 et,
452 1807 483 1854 ut
495 1797 588 1872 prius,
601 1797 754 1854 mandauit
767 1798 847 1870 quod
862 1797 965 1868 (filiam
981 1799 1146 1870 genuierat,
1159 1806 1189 1854 et
1206 1798 1254 1854 ilie
1267 1815 1336 1854 eam
1348 1799 1428 1856 Vui-

271 1885 408 1958 peculam
432 1886 628 1956 (nominauit).
666 1884 701 1941 ln
727 1903 760 1941 se
785 1886 906 1940 tandem
928 1901 1077 1954 reuersus,
1098 1884 1191 1956 mi(sit
1213 1887 1250 1941 ad
1271 1893 1427 1958 sanctum)

226 1982 256 2036 ¹5
274 1973 445 2046 Remigium
463 1983 495 2030 ut
516 1971 694 2030 Laudunum
711 1972 836 2042 ueniret,
851 1972 932 2046 (quia
948 1971 1027 2043 talis)
1045 1989 1135 2029 causa
1148 1983 1312 2030 emerserat
1330 1993 1427 2048 quam

272 2061 337 2134 ipse
355 2079 411 2134 per
429 2079 462 2118 se
481 2061 665 2132 (emendare)
680 2077 739 2116 non
758 2069 881 2133 poterat.
918 2060 1054 2134 Cumque
1072 2061 1217 2131 uenisset,
1229 2071 1258 2117 et
1274 2062 1339 2130 (cur
1352 2079 1427 2120 eum

271 2150 442 2216 uocaiuerat
456 2147 677 2222 interrogasset,
691 2147 917 2220 Genelbaudus)
935 2165 1003 2204 cum
1023 2149 1154 2204 maximo
1172 2147 1242 2204 lletu
1262 2159 1291 2205 et
1310 2148 1426 2207 eiulatu

271 2237 378 2292 uolens
398 2236 525 2306 (tollere)
545 2236 652 2294 stolam
671 2253 758 2293 suam
780 2237 817 2292 de
841 2236 916 2292 collo
938 2253 993 2292 suo
1015 2245 1044 2291 et
1066 2236 1222 2309 prohicere
1244 2237 1304 2307 (ad)
1325 2239 1425 2309 pedes

271 2325 365 2380 sancti
386 2323 525 2396 Remigii,
545 2340 612 2380 cum
633 2341 742 2396 magna
761 2325 870 2379 uirtute
892 2323 1007 2394 (abeo)
1028 2332 1074 2379 est
1096 2332 1230 2380 retentus
1251 2341 1290 2380 ne
1313 2325 1425 2382 stolam

226 2423 258 2462 ao
271 2411 444 2484 deponeret.
487 2409 548 2482 (Et)
562 2419 722 2484 postquam
735 2410 784 2466 diu
797 2411 886 2466 ambo
899 2410 1062 2478 fleuissent,
1076 2408 1222 2468 intellexit
1237 2411 1424 2486 (Remigius)
1499 2431 1500 2455 ¹

271 2500 371 2571 ipsum
395 2498 504 2572 aliquid
529 2501 642 2573 peccati
668 2497 830 2554 incurrisse
853 2499 989 2571 prolpter
1007 2499 1086 2572 quod
1108 2499 1227 2569 stolam)
1251 2500 1344 2556 uellet
1369 2502 1424 2557 de·
1498 2535 1499 2547 .

270 2603 401 2659 ponere;
422 2585 498 2644 uec⁶
516 2594 632 2660 poterat
652 2587 690 2656 (ei
713 2585 927 2656 Geneb)audus
948 2586 1028 2659 quod
1049 2585 1159 2643 iecerat
1181 2604 1236 2659 pre
1257 2587 1423 2661 lachrymis

270 2675 443 2746 enarra(rc).
480 2675 578 2745 Quem
596 2684 717 2731 sanctus
738 2673 894 2746 Remigius
912 2675 1071 2730 contritum
1084 2674 1201 2742 uidens,
1215 2675 1337 2730 reclusit
1350 2695 1422 2732 eum

269 2762 300 2818 in
314 2780 408 2835 parua
420 2763 494 2820 celia
507 2771 623 2836 septem
635 2762 731 2832 anniS,
740 2771 769 2818 et
781 2763 847 2835 ipse
861 2762 973 2818 interea
986 2763 1050 2818 eius
1063 2761 1219 2818 ecclesiam
1233 2763 1423 2834 gubernauit.

225 2861 254 2913 ²5
270 2849 406 2924 Septimo
426 2861 526 2907 autem
547 2867 627 2906 anno
648 2839 715 2906 cuin
738 2849 768 2906 in
789 2849 888 2922 uigilia
912 2867 987 2906 cene
1006 2850 1119 2905 domini
1143 2849 1174 2904 in
1194 2851 1334 2907 oracione
1355 2869 1421 2924 per-

269 2947 402 2996 noctaret
415 2947 445 2995 et
458 2957 491 2994 se
502 2937 631 2995 lacrimis
643 2937 805 3010 affligeret⁰
816 2938 853 2993 de
867 2938 922 2993 hoc
935 2939 1014 3010 quod
1025 2938 1090 3010 ipse
1100 2935 1150 3009 qui
1163 2938 1238 2994 alios
1247 2939 1421 3010 penitentes

269 3025 342 3084 seria
355 3029 458 3101 quinta
470 3026 662 3084 reconciliare
680 3026 803 3096 solebat,
817 3041 872 3081 nec
885 3024 964 3080 inter
976 3024 1146 3098 penitentes
1164 3041 1233 3080 esse
1246 3024 1276 3081 in
1290 3027 1422 3084 ecclesia

269 3117 456 3172 merebatur:
484 3113 562 3171 Ecce
583 3116 708 3188 angelus
730 3113 844 3170 domini
869 3113 968 3170 media
990 3121 1076 3170 nocte
1098 3113 1234 3185 apparuit
1256 3115 1294 3184 ei,
1315 3114 1420 3174 dicens

269 3213 424 3274 peccatum
436 3203 515 3259 illius
533 3220 601 3260 esse
614 3201 780 3272 dimissum,
794 3200 989 3274 precepitque
1003 3203 1029 3257 ei
1043 3209 1075 3256 ut
1088 3201 1183 3257 exiret
1199 3210 1228 3257 et
1246 3204 1419 3273 penitentes

223 3309 256 3358 30
269 3289 301 3346 in
323 3291 453 3348 crastino
475 3308 558 3347 more
583 3291 670 3347 solito
695 3289 906 3346 reconciliaret.
943 3289 1010 3360 Qui,
1031 3305 1098 3345 cum
1118 3306 1172 3361 pre
1192 3290 1284 3345 nimio
1304 3300 1420 3348 terrore

269 3380 454 3451 respondere
467 3379 518 3434 uix
536 3388 648 3452 posset,
661 3379 717 3435 ait:
738 3377 822 3433 ‘Non
840 3394 966 3450 possum
984 3377 1053 3433 hinc
1070 3377 1182 3449 egredi,
1195 3377 1265 3449 quia
1277 3379 1418 3436 dominus

270 3483 355 3524 meus
369 3467 525 3540 Remigius
540 3466 656 3523 clauem
669 3467 757 3523 huius
775 3464 863 3522 hostii
882 3482 984 3522 secum
998 3465 1096 3534 habet,
1110 3465 1189 3537 quod
1202 3473 1231 3520 et
1249 3467 1350 3538 sigillo
1364 3485 1417 3524 suo
1488 3457 1489 3462 ἵ

268 3555 415 3628 signauit!
441 3555 495 3612 Cui
509 3555 634 3627 angelus
646 3575 652 3611 :
673 3553 728 3610 ‘Vt
741 3555 818 3611 scias
831 3553 918 3626 quia⁷
932 3551 1029 3608 celum
1043 3561 1090 3608 est
1102 3551 1153 3608 tibi
1166 3563 1316 3624 apertum,
1327 3564 1357 3612 et
1371 3573 1417 3612 me
1487 3535 1488 3555 ¹

267 3642 350 3699 tibia
364 3644 420 3700 deo
434 3644 570 3713 missum,
583 3659 652 3699 ecce
666 3643 795 3698 hostium
808 3641 860 3698 tibi
875 3641 1053 3714 patefactum
1066 3641 1129 3696 est.¹
1168 3639 1205 3695 Et
1218 3641 1319 3698 statim
1333 3643 1417 3699 saluo

221 3749 253 3800 35
268 3731 365 3804 sigillo
383 3740 414 3788 et
432 3748 501 3788 cera
518 3740 656 3804 apertum
675 3739 729 3786 est.
767 3729 852 3786 Tunc
866 3729 1068 3786 Genebaudus
1085 3727 1199 3784 iactans
1216 3746 1250 3785 se
1267 3730 1298 3785 iu
1318 3733 1417 3788 medio

267 3819 356 3876 hostii
369 3818 399 3875 in
413 3820 535 3877 modum
548 3819 655 3887 crucis,
667 3820 723 3874 ait:
744 3816 825 3872 ‘Etsi
841 3817 982 3874 dominus
1000 3832 1087 3872 meus
1101 3814 1208 3872 ihesus
1221 3815 1362 3875 Christus
1379 3819 1416 3875 ad

266 3924 316 3964 me
335 3908 393 3964 huc
412 3907 538 3977 ueniret,
551 3924 611 3962 non
631 3907 767 3978 egrediar
786 3905 843 3961 nisi
863 3913 984 3961 sanctus
999 3903 1155 3975 Remigius
1173 3903 1230 3960 huc
1248 3905 1350 3963 ueniat
1367 3909 1416 3980 qui

267 4013 315 4052 me
328 3995 465 4052 reclusit.’
499 3993 535 4050 Et
546 3995 645 4050 statim
654 3994 781 4067 angelus
796 3993 934 4065 Remigio
943 4007 1094 4066 apparens
1102 3991 1188 4047 iussit
1199 3990 1416 4052 Genebaudum
1481 4035 1482 4038 η

266 4083 341 4141 sicut
361 4083 444 4156 prius
463 4083 618 4140 restituere
637 4083 668 4138 in
688 4082 785 4138 locum
805 4098 902 4137 suum.
939 4080 1006 4151 Quo
1025 4078 1110 4150 facto,
1130 4096 1224 4152 usque
1244 4080 1281 4136 ad
1302 4083 1416 4140 obitum

297 4264 306 4295 ¹
324 4265 445 4316 CiVinc.
459 4265 524 4316 Bell.
537 4264 610 4316 xxi.
625 4281 639 4326 7
653 4263 728 4326 (Leg.
740 4263 834 4322 Aurea,
847 4279 872 4326 p.
885 4263 937 4326 97).
1027 4259 1038 4291 ⁸
1053 4262 1082 4313 T.
1095 4263 1171 4324 cepit.
1255 4260 1266 4291 ⁸
1281 4263 1341 4314 VB.
1352 4265 1415 4313 ciam

265 4331 369 4382 causei.
383 4330 413 4382 fr.
489 4329 571 4384 ¹VB.
584 4331 750 4380 remandauit.
826 4329 972 4379 avum.
1039 4325 1119 4378 ‘VR
1134 4329 1254 4378 afficeret.
1334 4329 1416 4380 WB.

264 4413 306 4447 me
317 4397 362 4446 tibi
374 4413 389 4446 ι
401 4397 452 4446 deo
463 4397 576 4460 missum,
589 4398 654 4446 sicut
666 4397 748 4447 celum
760 4396 806 4446 tibi
818 4402 934 4458 apertum
946 4401 995 4457 est,
1008 4394 1080 4444 itaet
1092 4393 1117 4443 h.
1130 4393 1224 4457 patebit
1236 4394 1290 4442 tibi.
