3044 4894
282 305 332 372 60
594 299 726 386 liuba
752 294 942 400 tamna
967 295 1120 400 finalia.

284 495 395 554 fecistis
419 497 448 554 in
475 498 543 555 luna
568 509 673 572 quarta
695 499 945 556 fleubotomando.
985 499 1110 558 Memini
1135 500 1217 557 enim
1237 501 1434 556 Theodorum

283 585 541 659 archiepiscopum
561 588 660 645 dicere
673 589 752 661 quod
772 587 940 661 periculosa
958 589 1032 645 satis
1049 588 1087 645 sit
1104 589 1183 645 illius
1202 591 1350 660 temporis
1364 587 1433 643 sseu-

284 673 422 744 botomia,
441 675 561 747 quando
574 685 604 731 et
616 675 719 732 lumen
733 675 804 730 lune
823 685 854 731 et
871 692 975 732 reuma
992 675 1112 732 occeani
1131 677 1162 732 in
1179 675 1355 733 cremento¹
1374 675 1432 731 est'

286 760 323 816 Et
343 761 495 818 benedixit
517 779 584 819 eam
605 763 782 836 episcopus:
803 771 833 818 et
854 762 953 819 statim
975 763 1060 819 dolor
1082 763 1206 820 recessit
1226 773 1257 819 et
1278 773 1390 828 tumor,
1407 771 1433 816 et

255 871 269 920 5
283 847 436 905 valitudini
445 849 528 922 virgo
541 851 678 906 restituta
691 859 745 906 est
781 837 885 908 'Cum
899 850 980 906 enim
993 851 1258 907 reuerentissimus
1274 849 1433 906 Wilsn’dus

283 935 444 1009 episcopus
456 945 525 1010 post
541 937 662 1010 longum
682 937 804 994 exilium
823 939 852 993 in
872 938 1077 1011 episcopatum
1096 947 1178 994 esset
1190 937 1433 1012 hagustaldensis

282 1023 407 1080 ecclesie
432 1033 580 1096 receptus,
598 1032 628 1080 et
652 1033 773 1082 sanctus
794 1025 955 1094 lohannes,
978 1027 1118 1082 defuncto
1145 1025 1223 1082 Bosa
1248 1025 1315 1081 viro
1342 1025 1433 1082 multe

283 1111 445 1168 sanctitatis
454 1121 484 1168 et
496 1111 680 1180 humilitatis,
692 1114 853 1185 episcopus
869 1131 924 1186 pro
937 1131 974 1170 eo
990 1113 1114 1170 Eboraci
1125 1122 1205 1170 esset
1220 1111 1434 1178 substitutum²

283 1199 320 1254 ad
343 1200 577 1257 consecrandam
597 1200 754 1256 ecclesiam
776 1210 895 1272 rogatus
917 1202 1092 1271 adueniens,
1112 1202 1193 1257 misit
1218 1203 1257 1257 de
1281 1218 1364 1273 aqua
1389 1201 1434 1256 illa
1502 1215 1503 1218 ¹

243 1301 272 1336 ro
284 1286 441 1344 benedicta
459 1288 544 1343 vxori
564 1287 718 1344 cuiusdam
739 1287 865 1358 comitis,
887 1288 1061 1346 infirmitate
1085 1288 1264 1362 grauissima
1285 1289 1375 1360 quasi
1400 1289 1434 1345 ad

285 1383 411 1431 incitem
424 1375 584 1448 languenti,
596 1374 767 1448 precipiens
775 1385 806 1431 vt
815 1377 853 1431 de
863 1375 911 1432 illa
924 1384 1066 1448 gustaret,
1078 1385 1108 1434 et
1117 1377 1286 1449 vbicunque
1295 1377 1432 1432 dolorem

284 1461 385 1518 inesse
399 1462 531 1532 sentiret,
542 1465 581 1520 de
594 1461 660 1534 ipsa
670 1480 747 1535 aqua
758 1463 835 1534 [se]'
846 1463 966 1520 lauaret
994 1464 1062 1533 Quo
1074 1463 1160 1532 lacto,
1169 1481 1243 1520 sana
1254 1465 1400 1532 surrexit,
1408 1473 1435 1518 et

282 1549 364 1605 vires
385 1565 418 1605 se
445 1549 597 1623 recepisse
618 1551 762 1619 sentiens,
783 1551 842 1607 leta
861 1551 1003 1623 episcopo
1020 1552 1159 1624 poculum
1178 1550 1292 1606 obtulit.
1371 1539 1436 1607 Ro·

283 1637 532 1710 gatusaquodam
542 1637 1172 1711 comitevtvisitaredignaretur[puerum]‘
1182 1655 1269 1694 suum
1278 1637 1435 1694 infirmum

243 1749 270 1798 15
284 1733 314 1780 et
327 1725 513 1796 benedicere,
523 1725 653 1796 intrauit,
666 1735 696 1782 et
708 1725 781 1782 vidit
793 1743 872 1794 eum,
883 1726 989 1782 mestis
1001 1727 1148 1794 omnibus,
1158 1725 1216 1782 iam
1230 1725 1318 1782 morti
1331 1727 1435 1796 proxi·

285 1829 376 1880 mum,
386 1812 577 1886 positumque
585 1813 713 1869 loculum
724 1813 806 1870 iuxta
816 1829 885 1869 eum
896 1813 925 1869 in
935 1831 994 1886 quo
1005 1813 1198 1886 sepeliendus
1208 1813 1280 1886 poni
1290 1814 1434 1880 deberet;
1508 1815 1509 1836 ³

284 1907 314 1956 et
326 1899 478 1957 benedixit
490 1916 568 1956 eum.
607 1899 739 1956 Sedente
751 1909 820 1972 post
833 1901 888 1957 hec
901 1901 938 1956 ad
951 1917 1087 1958 mensam
1100 1902 1250 1973 episcopo,
1264 1900 1345 1956 misit
1358 1917 1437 1972 puer

284 1987 321 2044 ad
334 1987 489 2044 dominum
507 2005 604 2056 suum,
620 2003 730 2060 rogans
743 1987 799 2044 sibi
812 1987 915 2044 vinum
930 1987 1014 2057 mitti,
1027 1988 1096 2060 quia
1108 1987 1206 2045 sitiuit.
1244 1987 1376 2044 Gauisus
1389 1989 1436 2044 ille

215 2147 218 2153 Ι
284 2075 353 2147 quia
373 2075 475 2132 bibere
494 2085 607 2148 posset,
628 2076 707 2132 misit
730 2075 758 2132 ei
782 2075 905 2133 calicem
924 2075 986 2132 vini
1006 2077 1044 2132 ab
1069 2077 1210 2149 episcopo
1234 2075 1437 2132 benedictum.

241 2184 271 2219 ao
284 2162 381 2232 Quem
394 2173 425 2220 vt
439 2163 520 2233 bibit,
533 2163 673 2220 continuo
685 2163 836 2220 surrexit:
856 2173 885 2219 et
904 2163 1033 2220 induens
1052 2181 1095 2233 se,
1108 2163 1229 2220 intrauit
1247 2172 1277 2218 et
1296 2163 1436 2220 salutauit

284 2250 471 2324 episcopum,
484 2251 597 2318 dicens,
609 2251 678 2323 quia
698 2249 763 2323 ipse
776 2268 895 2324 quoque
907 2251 1108 2308 delectaretur
1121 2251 1301 2306 manducare
1315 2267 1386 2306 curn
1401 2269 1436 2308 eo
1512 2259 1514 2335 Q

284 2347 314 2395 et
327 2337 438 2395 bibere.
476 2337 648 2407 Residebat,
661 2339 847 2405 vescebatur,
860 2338 990 2409 bibebat,
1001 2347 1032 2395 et
1045 2338 1198 2407 letabatur,
1210 2337 1385 2410 quasivnus
1398 2356 1436 2394 ex
1513 2345 1514 2350 ’

285 2425 340 2482 eis.
415 2413 562 2482 Famulus
583 2427 664 2483 enim
682 2425 794 2482 Christi
815 2425 1016 2494 Herebaldus,
1033 2427 1064 2482 in
1083 2427 1163 2482 clero
1184 2427 1279 2481 sancti
1300 2425 1437 2499 episcopi

286 2512 444 2586 aliquando
459 2522 664 2580 conuersatus‚
683 2523 789 2586 postea
801 2529 874 2569 vero
892 2513 984 2570 abbas
1004 2513 1176 2570 monasterii
1188 2513 1268 2584 quod
1288 2523 1336 2568 est
1354 2513 1437 2570 iuxta

241 2619 270 2669 ²5
286 2601 395 2657 ostium
408 2601 485 2658 Tine
498 2600 631 2658 {luminis
644 2601 778 2670 effectus,
792 2600 968 2658 miraculum
981 2601 1011 2656 in
1028 2618 1062 2657 se
1076 2601 1175 2673 ipsum
1189 2599 1299 2656 lactum
1308 2601 1341 2656 in
1356 2601 1437 2657 hunc

286 2689 408 2744 modum
421 2688 570 2745 narrauit:
591 2688 683 2746 ‘Cum
696 2688 777 2745 enim
790 2689 821 2744 in
832 2690 931 2761 primo
948 2689 1148 2746 adolescentie
1160 2698 1297 2760 tempore
1310 2687 1342 2743 in
1356 2689 1437 2745 clero

286 2775 366 2833 illius
392 2777 545 2848 degerem,
568 2776 622 2832 sed
648 2775 781 2832 animum
803 2776 936 2849 perfecte
962 2793 981 2832 a
1004 2775 1185 2832 iuuenilibus
1205 2775 1357 2832 illecebris
1375 2793 1437 2832 non

286 2863 467 2932 cohiberem,
480 2863 603 2937 contigit
616 2863 666 2919 die
678 2865 817 2937 quadarn,
831 2881 887 2920 nos
906 2863 963 2919 iter
982 2873 1107 2935 agentes
1126 2881 1194 2920 cum
1209 2862 1259 2918 illo
1271 2863 1437 2920 deuenisse

286 2951 317 3008 in
329 2951 409 3009 viam
423 2951 544 3024 planam
558 2961 587 3008 et
601 2951 741 3023 amplam,
751 2962 910 3024 aptamque
921 2951 1020 3009 cursui
1030 2967 1184 3023 equorum.
1221 2950 1437 3022 Ceperuntque

242 3055 273 3104 30
286 3040 421 3110 iuuenes,
435 3039 565 3094 maxime
584 3037 658 3108 laici,
678 3039 830 3112 postulare
848 3039 1026 3110 episcopum
1047 3047 1078 3095 vt
1097 3055 1186 3094 cursu
1206 3037 1319 3094 maiore
1339 3055 1437 3110 equos

286 3145 358 3184 suos
371 3127 500 3184 inuicem
514 3127 641 3199 probare
654 3125 765 3183 liceret
802 3126 879 3182 Cum
898 3143 1008 3198 magna
1026 3127 1148 3182 demum
1162 3124 1302 3181 instantia
1315 3123 1376 3181 illis
1389 3143 1437 3182 ac-

286 3216 456 3289 quiescens,
470 3216 486 3245 ‘¹
496 3212 605 3284 Facite,
624 3213 729 3286 inquit,
743 3213 769 3269 si
785 3213 884 3282 vultis,
897 3213 937 3268 ita
949 3221 1049 3270 tamen
1062 3221 1094 3268 vt
1108 3212 1300 3270 Herebaldus
1313 3213 1438 3269 omnino

286 3321 320 3360 se
335 3302 507 3360 abstineat”
546 3300 639 3356 Porro
660 3319 716 3374 ego
736 3301 907 3374 diligentius
930 3301 1092 3356 obsecrans
1108 3309 1140 3357 vt
1159 3309 1189 3358 et
1211 3299 1283 3356 mihi
1299 3302 1438 3358 certandi

287 3408 355 3448 cum
374 3390 433 3446 illis
450 3390 573 3446 daretur
587 3389 679 3462 copia,
694 3405 883 3462 nequaquam
900 3389 1063 3460 impetrare
1082 3387 1183 3460 potui;
1201 3387 1315 3444 lasciuo
1333 3397 1437 3446 tamen

242 3496 271 3544 35
287 3485 447 3551 superatus
484 3475 610 3544 anirnot,
639 3475 812 3534 ludentibus
843 3493 893 3532 me
924 3474 1030 3533 miscui
1061 3486 1092 3532 et
1126 3475 1214 3532 simul
1244 3493 1334 3532 cursu
1367 3479 1438 3551 equi

286 3565 488 3621 contendere⁶
510 3565 584 3636 cepi.
622 3563 708 3634 Quod
733 3565 805 3620 dum
830 3581 960 3635 agerem,
985 3563 1086 3620 audiui
1107 3562 1190 3618 illum
1220 3571 1289 3635 post
1314 3572 1438 3638 tergum

287 3651 360 3710 mihi
380 3669 448 3708 cum
469 3652 581 3724 gemitu
601 3653 771 3709 dicentem:
801 3651 856 3707 “0
873 3668 963 3724 quam
984 3667 1126 3724 magnum
1143 3669 1181 3707 ve
1203 3649 1276 3707 sacis
1295 3651 1373 3708 mihi
1396 3653 1439 3710 sic

287 3739 448 3813 equitando
461 3745 467 3795 l
478 3741 494 3764 '’
525 3738 563 3794 Et
576 3757 632 3813 ego
644 3739 779 3807 audiens,
790 3738 984 3795 nihilominus
996 3739 1092 3811 ceptis
1099 3739 1199 3795 vetitis
1212 3741 1439 3811 perseuerauit.

289 3829 352 3884 Nec
374 3844 467 3895 mora,
486 3828 558 3883 dum
581 3827 702 3884 feruens
723 3844 819 3900 equus
831 3826 983 3899 quoddam
1003 3825 1119 3882 itineris
1138 3842 1302 3882 concauum
1327 3843 1440 3902 magno

241 3937 274 3985 40
286 3916 400 3990 impetu
425 3915 594 3984 transiliret,
614 3915 717 3988 lapsus
742 3913 846 3983 decidi,
872 3923 902 3970 et
927 3931 998 3970 mox
1022 3914 1104 3971 velut
1129 3913 1284 3969 mortuusl
1309 3931 1439 3974 sensum

288 4005 409 4078 penitus
437 4013 611 4077 motumque
641 4019 763 4059 omnem
795 4001 921 4074 perdidi,
946 4011 1036 4074 atque
1067 4001 1160 4058 fracto
1188 4000 1305 4074 pollice,
1331 4005 1441 4077 capitis

269 4110 407 4166 ·quoque
425 4092 561 4149 iunctura
580 4092 760 4147 soluebatur.
795 4088 960 4146 Vomebam
982 4098 1082 4146 autem
1101 4088 1289 4161 sanguinem,
1305 4093 1440 4164 eoquod

321 4217 330 4247 ¹
346 4215 406 4264 T.E.
418 4217 585 4266 incremento.
650 4211 686 4244 ²-¹
702 4213 828 4275 precedes
837 4212 862 4261 in
874 4213 946 4262 Beda
957 4213 1002 4261 the
1014 4213 1063 4262 last
1074 4228 1190 4275 passage.
1265 4211 1275 4240 ⁸
1292 4211 1355 4262 T.E.
1368 4231 1443 4274 earm

289 4281 319 4332 cl'.
333 4282 412 4330 Beda.
502 4282 511 4310 ¹
528 4280 590 4330 T.E.
602 4279 696 4335 lilium
715 4279 780 4328 Bed.
793 4295 870 4328 unum
884 4280 916 4328 de
927 4279 1014 4340 pueris
1026 4278 1088 4328 eius.
1177 4279 1187 4308 ⁵
1204 4277 1233 4328 E.
1245 4277 1333 4326 animo
1344 4283 1442 4331 animo.

287 4347 525 4398 ⁸E.concendere.
592 4343 685 4396 'Bed.
699 4345 788 4396 institi.
854 4345 944 4395 ‘Bed.
957 4345 1094 4394 emoriens.
