3028 4894
264 331 336 408 412
580 313 711 402 ississilfl
735 309 926 417 [lumb
948 309 1101 415 inglu.

266 511 402 586 Gregorii
433 511 548 570 diuiciis
568 529 752 586 comparare,
777 511 828 586 qui
853 511 949 586 magis
979 511 1059 569 illam
1084 521 1183 569 eatam
1211 523 1316 584 tuam,
1342 527 1424 586 quum

266 601 369 672 habes,
387 601 495 658 cotidie
515 600 665 674 palpando
683 599 807 674 diligere
826 599 1037 674 comprobaris,
1055 617 1146 674 quam
1169 599 1243 658 ille¹
1264 611 1371 658 tantas
1387 601 1427 656 di·
1490 584 1496 703 ι’

265 687 368 759 uicies,
387 705 463 762 quas
485 705 545 744 non
565 689 693 744 amando
714 697 760 746 set
780 688 1028 762 contempnendo,
1047 687 1162 744 cunctis
1181 687 1357 746 liberaliter
1376 688 1427 743 lar·
1501 659 1502 714 i

265 775 374 848 giendo
392 775 569 849 dispergiti¹
606 775 763 832 solitarius
777 775 876 848 itaque
890 775 947 832 deo
964 775 1078 848 gracias
1095 792 1201 847 agens,
1215 793 1334 851 rogare
1353 774 1428 848 cepit

238 883 252 936 5
266 870 298 922 ut
310 881 378 920 eum
391 881 428 922 eo
442 861 629 920 mansionem
643 864 821 937 quandoque
834 862 991 938 percipere
1004 863 1195 935 mereretur.]

511 1155 534 1216 il
555 1153 603 1212 Da
621 1171 737 1213 saucro
754 1153 936 1212 Wnasrauo
954 1153 1175 1212 conrassons’.

269 1295 437 1426 SAnctus
443 1293 619 1352 Walstanus
626 1295 684 1351 deo
692 1301 839 1368 acceptus,
847 1293 969 1350 australi
977 1293 1007 1350 in
1018 1302 1102 1366 parte
1115 1291 1246 1351 Maioris
1259 1293 1430 1364 Britannia,

355 1381 386 1439 in
404 1383 475 1440 villa
493 1383 530 1438 de
552 1381 720 1455 Bawburg⁸
738 1382 892 1451 oriundus,
908 1398 947 1438 ex
967 1381 1062 1454 stirpe
1083 1381 1175 1454 regia,
1198 1391 1293 1454 patre
1312 1382 1431 1438 scilicet

267 1469 438 1540 Benedicto,
453 1479 547 1526 matre
560 1486 632 1526 vero
647 1469 732 1526 Blida
744 1469 874 1538 nomine,
888 1467 1055 1541 preclaram
1067 1468 1153 1524 duxit
1169 1471 1339 1540 originem.
1371 1469 1430 1524 Hic

265 1575 284 1614 a
302 1559 440 1630 primeuo
457 1559 544 1614 etatis
566 1573 621 1614 sue
641 1566 779 1630 tempore
797 1556 893 1614 cultor
911 1555 1013 1613 diuine
1032 1555 1195 1612 voluntatis
1216 1556 1249 1613 in
1271 1557 1431 1622 omnibus,

223 1661 254 1698 ιο
267 1645 349 1702 iuxta
377 1647 487 1703 mentis
513 1662 567 1702 sue
589 1660 692 1702 veram
718 1644 913 1700 intentionem
937 1642 1044 1700 extitit.
1090 1641 1261 1700 Maioribus
1282 1648 1380 1701 etiam
1401 1653 1431 1699 et

267 1733 431 1790 nilnoribus
443 1743 586 1807 tanquam
603 1735 697 1806 gratia
713 1732 887 1789 humilitatis
903 1732 1062 1805 preditum,
1076 1733 1158 1788 omni
1176 1730 1260 1789 fastu
1280 1734 1429 1806 superbie

266 1829 391 1892 remoto,
412 1821 468 1878 sub
496 1819 666 1878 columbina
693 1819 884 1893 simplicitate
906 1818 1049 1875 humilem
1074 1827 1103 1874 et
1131 1818 1335 1877 fauorabilem
1366 1831 1428 1877 toto

266 1910 376 1966 mentis
401 1907 558 1965 conamine
577 1909 712 1982 seipsum
735 1907 901 1964 secundum
921 1923 1043 1963 omnem
1063 1907 1255 1964 honestatem
1277 1908 1429 1965 exhibuit.

267 1996 397 2056 Sanctus
416 2012 489 2054 vero
507 1995 686 2053 Walstanus
704 1995 792 2052 etatis
814 2011 869 2051 sue
890 1993 1100 2051 duodecimum
1118 1995 1276 2068 attingens
1298 2013 1427 2058 annum,

224 2099 253 2150 ¹5
266 2085 368 2142 diuina
386 2083 579 2158 inspiratione
599 2093 628 2140 et
650 2082 823 2157 euangelica
841 2082 985 2151 doctrina,
1004 2081 1033 2138 in
1053 2099 1113 2155 qua
1130 2081 1240 2139 dicitur
1260 2084 1344 2155 ‘Qui
1365 2102 1425 2141 non

267 2173 421 2230 renunciat
438 2171 577 2229 omnibus
596 2188 654 2246 que
675 2171 819 2246 possidet,
838 2187 899 2226 non
917 2177 1017 2242 potest
1035 2187 1122 2226 meus
1140 2187 1212 2226 esse
1232 2171 1426 2245 discipulus'

267 2261 459 2334 spiritualiter
477 2260 617 2327 imbutus,
637 2267 759 2333 accepta
784 2257 902 2314 licentia
932 2258 1065 2330 generali
1093 2274 1112 2314 a
1139 2257 1204 2314 suis
1234 2262 1425 2331 parentibus,

267 2359 372 2406 eontra
398 2349 563 2406 eorundem
590 2347 773 2404 voluntatem
801 2345 884 2402 omni
917 2343 975 2401 iuri
1005 2345 1115 2418 regalis
1141 2347 1351 2404 successionis
1381 2350 1424 2404 in-

267 2446 422 2511 posterum
436 2437 492 2493 sibi
506 2435 750 2509 qualitercunque
762 2431 961 2506 competitura
975 2431 1170 2490 renunciauit.
1189 2431 1227 2489 Et
1245 2443 1279 2490 vt
1296 2435 1424 2493 liberius

223 2545 255 2582 ao
267 2523 392 2582 orationi
401 2523 527 2598 aliisque
535 2521 773 2596 contemplatiuis
782 2521 897 2578 actibus
905 2520 971 2577 sine
979 2537 1090 2594 pompa
1097 2520 1227 2578 seculari
1235 2522 1426 2596 integraliter

267 2621 395 2682 vacaret,
409 2612 507 2669 locum
520 2610 641 2686 proprie
654 2609 776 2683 originis
788 2609 955 2682 dereliquit,
968 2618 998 2666 et
1011 2619 1112 2682 partes
1124 2609 1321 2682 aquilonares
1336 2613 1423 2668 citius

267 2718 328 2775 quo
339 2699 434 2774 potuit
446 2709 550 2774 petere
563 2715 623 2755 non
635 2697 772 2754 tardauit
809 2696 938 2753 Sanctus
950 2713 1024 2752 vero
1035 2695 1213 2753 Walstanus
1230 2713 1289 2769 pro
1309 2699 1423 2756 Christi

268 2789 389 2846 nomine
409 2789 543 2844 seruituti
564 2796 595 2844 et
614 2785 700 2859 quasi
720 2783 889 2842 obedientie
911 2783 1104 2840 districtionis
1125 2785 1246 2840 cuidam
1268 2785 1371 2844 incole
1393 2789 1422 2844 in

267 2877 337 2936 villa
349 2877 387 2934 de
400 2875 571 2932 Tauerham
580 2875 599 2946 ⁴,
613 2873 669 2930 sibi
682 2873 712 2930 in
726 2873 865 2930 omnibus
878 2871 1109 2929 deseruiendum
1123 2871 1279 2930 humiliter
1295 2891 1333 2932 se
1349 2875 1424 2932 obli·

224 2987 253 3037 ²5
267 2964 356 3039 gauit.
382 2964 479 3020 Tanta
491 2963 579 3036 igitur
591 2961 645 3018 suit
656 2961 758 3018 diuine
770 2960 886 3017 uirtutis
899 2961 993 3032 gratia
1006 2957 1177 3031 inspiratus,
1188 2967 1220 3014 vt
1230 2977 1296 3017 non
1306 2972 1424 3020 tantum

267 3051 404 3111 victualia
416 3069 471 3108 sue
484 3049 693 3107 sustentationi
706 3048 837 3104 exhibita
850 3046 1033 3120 pauperibus
1042 3055 1204 3118 errogaret,
1213 3065 1325 3107 verum
1333 3051 1424 3108 etiarn

267 3140 446 3197 vestimenta
467 3155 522 3195 sua
547 3147 577 3194 et
605 3137 753 3194 sotulares
775 3138 923 3208 proprios,
942 3134 1032 3192 nudis
1058 3135 1187 3208 pedibus
1206 3135 1350 3210 seipsum
1371 3157 1423 3196 ex·

268 3229 410 3303 ponendo
432 3227 561 3284 diuersis
580 3223 735 3298 angustiis,
755 3223 915 3297 egentibus
937 3231 967 3279 et
989 3221 1138 3280 debilibus
1157 3224 1301 3294 personis
1323 3226 1424 3284 distai-

268 3319 380 3374 bueret.
424 3314 554 3388 Contigit
579 3322 772 3380 autemeam
791 3311 921 3385 quodam
940 3309 989 3368 die
1006 3327 1122 3384 pauper
1136 3310 1260 3384 quidam
1279 3329 1299 3370 a
1319 3327 1424 3373 sancto

223 3425 255 3474 30
268 3404 428 3463 Walstano
440 3402 636 3460 elemosinam
655 3407 780 3473 peteret,
793 3400 860 3472 ipso
877 3398 969 3456 nimia
986 3401 1096 3472 pietate
1112 3409 1273 3471 commoto,
1285 3405 1424 3474 predicto

268 3489 393 3568 pauperi
406 3507 460 3548 sua
472 3489 666 3548 calciamenta
678 3487 813 3544 exhibuit
825 3507 832 3554 ;
850 3503 918 3544 cum
932 3487 989 3543 ista
1001 3494 1101 3543 tamen
1115 3487 1230 3543 adiecta
1247 3491 1423 3548 conditione

269 3581 331 3655 [ne]
357 3579 495 3652 cuiquam
520 3577 600 3633 illam
626 3576 774 3633 reuelaret
798 3575 997 3632 donationem.
1051 3573 1113 3632 Sed
1144 3575 1214 3647 quia
1242 3578 1426 3650 regulariter

269 3669 380 3726 dictum
396 3676 442 3724 est
460 3666 539 3740 quod
557 3664 639 3721 nulla
655 3662 739 3737 peior
753 3663 848 3736 pestis
860 3679 950 3736 quam
963 3661 1116 3718 familiaris
1128 3661 1269 3734 iniquus:
1290 3668 1423 3742 contigit,

269 3774 337 3816 cum
358 3773 435 3812 vxor
459 3753 595 3810 malefica
616 3761 646 3808 et
665 3750 755 3808 nimis
777 3749 947 3823 perniciosa
969 3749 1099 3806 hominis
1119 3748 1200 3807 illius
1225 3753 1274 3807 cui
1299 3765 1423 3813 sanctus

223 3869 254 3920 35
269 3846 447 3903 Walstanus
466 3839 628 3898 deseruiuit
645 3839 756 3896 seriem
773 3836 860 3894 huius
877 3837 1045 3894 donationis
1062 3837 1261 3896 intellexisset
1275 3859 1284 3906 ;
1303 3843 1423 3914 quesita

269 3943 367 3993 astute
391 3932 520 4004 quodam
546 3928 644 3986 colore
674 3943 783 4000 magne
813 3924 1010 3996 necessitatis,
1035 3925 1201 3998 predictum
1227 3925 1422 3988 Walstanum

268 4020 492 4082 sanctissimum
518 4017 597 4074 hunc
620 4014 824 4072 consessorem
850 4012 916 4070 sine
940 4029 1024 4070 mora
1045 4014 1084 4070 ad
1105 4013 1209 4086 spinas
1234 4029 1268 4072 ac
1294 4017 1423 4076 tribulos

268 4109 440 4169 onerandos
460 4107 491 4162 in
510 4106 638 4179 quadam
659 4111 775 4160 carecta
798 4101 836 4158 ad
861 4101 968 4158 siluam
988 4102 1078 4159 nudis
1101 4101 1230 4175 pedibus
1249 4102 1422 4163 destinauit.

301 4259 309 4291 ¹
329 4259 357 4309 T.
372 4257 415 4307 ille
430 4255 482 4320 qui.
589 4251 678 4302 ’This
690 4251 733 4301 lit'e
746 4251 767 4300 is
780 4265 828 4300 om.
843 4251 870 4299 in
886 4250 915 4300 T.
949 4250 988 4300 Ci.
1005 4249 1151 4311 Blomlield,
1169 4247 1238 4301 Hist.
1258 4251 1290 4300 oi
1304 4253 1419 4316 Noriolk,

270 4327 289 4376 Ι,
303 4342 327 4388 p.
340 4327 397 4384 641.
497 4319 507 4348 ⁸
525 4319 681 4380 Bawburgh,
694 4317 840 4378 commonly
852 4316 934 4365 called
946 4315 1039 4374 Beber,
1052 4317 1109 4366 four
1120 4316 1193 4366 miles
1206 4317 1272 4366 from
1286 4317 1421 4384 uomica·

269 4393 278 4422 ⁴
295 4393 320 4440 Α
331 4390 424 4448 village
435 4385 568 4446 adjoining
580 4392 606 4433 to
619 4385 728 4447 Cossey,
740 4398 804 4433 near
816 4383 948 4433 Norwich.
1255 4403 1259 4408 ·
1501 4359 1502 4454 i
