3054 4904
468 299 543 392 De
568 297 732 388 &unctu
757 297 895 446 {sehin
1188 325 1254 374 101

107 498 205 556 sanati
227 509 307 570 sunt,
328 508 358 556 et
382 517 479 572 equus
499 499 563 556 eius
583 499 644 556 vite
668 500 804 556 redditus
829 509 881 556 est.
956 487 1028 556 Rex
1053 508 1152 556 autem
1177 499 1259 556 dedit

106 585 171 641 viro
201 588 250 642 dei
279 588 354 643 duas
379 587 538 644 ecclesias:
564 596 594 644 et
620 587 777 643 benedicto
803 604 884 659 rege,
908 587 990 644 venit
1023 586 1202 658 Meneniam,
1227 598 1257 644 et

107 672 178 729 inde
192 673 390 731 transfretans
403 677 433 730 in
448 673 636 744 Hiberniam,
646 675 677 730 in
688 676 816 746 quadam
826 673 940 730 insula¹
950 682 1121 732 constructa
1130 674 1258 732 ecclesia

105 761 196 818 annis
214 771 342 834 quatuor
360 761 478 818 mansit.
517 761 724 818 Consobrinus
744 772 844 819 antem
863 762 938 832 eius,
951 763 1072 819 nomine
1087 762 1256 836 Kengarus,

107 865 205 905 senex
223 858 306 906 erat:
327 851 374 906 cui
392 849 438 906 vir
454 848 502 906 dei
522 866 643 905 vaccam
662 866 731 905 cum
747 849 841 906 vitulo
859 849 940 919 emit,
959 850 1028 922 quia
1046 851 1145 906 cibum
1165 850 1285 914 alium5

105 945 233 1009 propter
257 946 443 993 senectutem
469 938 650 993 manducare
674 954 734 992 non
760 945 886 1010 poterat
937 937 1060 994 Factum
1085 948 1132 994 est
1156 947 1256 994 autem

107 1032 138 1077 vt
158 1023 270 1081 vitulus
288 1042 377 1080 vacce
397 1023 475 1081 illius
494 1033 636 1097 pergeret
654 1023 686 1080 in
705 1041 839 1082 messem
858 1025 958 1082 diuitis
968 1025 1000 1096 (l)
1017 1025 1207 1082 cuiusdam²:
1228 1036 1258 1080 et

105 1111 265 1168 venientes
296 1111 399 1168 serui'
422 1113 487 1168 eius
511 1111 636 1168 vitulum
668 1112 705 1168 ad
736 1113 875 1168 arborem
906 1113 1073 1184 alligarunt.
1120 1112 1158 1169 Et
1189 1129 1256 1168 cum

105 1207 229 1255 sanctus
258 1199 394 1256 misisset
417 1208 449 1257 vt
474 1199 650 1268 solueretur,
676 1207 706 1256 et
730 1216 838 1272 preces
868 1200 934 1256 eius
959 1200 1137 1266 deriderent,
1161 1199 1257 1256 orauit

104 1286 262 1342 dominum
289 1297 321 1342 vt
347 1287 460 1344 vitulus
486 1288 524 1342 ad
555 1296 682 1343 matrem
710 1287 829 1343 rediret
869 1287 906 1345 Et
934 1287 1087 1344 exaudiuit
1117 1289 1257 1344 dominus
1276 1309 1303 1340 ιο

104 1374 368 1446 deprecationem⁴
388 1375 454 1432 eius
473 1383 503 1430 et
524 1373 699 1431 mirabiliter
717 1373 843 1431 vitulum
864 1376 903 1430 ad
922 1386 1049 1432 matrem
1074 1392 1169 1444 suam,
1188 1392 1256 1431 cum

104 1462 213 1518 arbore
245 1462 295 1517 illa
319 1463 365 1520 cui
392 1462 576 1535 alligabatur,
608 1471 637 1518 et
669 1479 736 1518 cum
769 1463 918 1519 radicibus
948 1461 1020 1532 suis,
1052 1463 1171 1519 dimisit.
1219 1462 1257 1520 Et

104 1567 259 1622 apparens
289 1550 415 1622 angelus
446 1559 551 1606 sancto
578 1549 675 1606 Kebio
700 1549 791 1606 dixit:
823 1549 924 1606 ‘Vade
950 1551 987 1606 de
1014 1551 1068 1606 hac
1096 1550 1195 1606 insula
1218 1552 1256 1606 ad

104 1638 282 1693 orientalem
307 1638 445 1710 plagam?
483 1637 538 1694 Cui
563 1647 705 1694 sanctus:
735 1637 861 1694 ‘Deleat
880 1639 955 1694 deus
973 1637 1097 1694 diuitem
1116 1637 1199 1693 illum
1218 1639 1257 1694 de

104 1725 205 1781 insula
220 1726 293 1781 hac!
331 1725 368 1780 Et
386 1725 530 1798 angelus:
550 1725 618 1781 ‘Sic
638 1725 711 1782 erit!
750 1725 788 1780 Et
805 1725 931 1781 veniens
949 1736 1070 1782 sanctus
1086 1726 1124 1780 ad
1142 1733 1256 1780 austra·
1274 1744 1301 1790 ¹5

105 1813 166 1869 lem
187 1813 306 1884 plagam
326 1813 459 1885 regionis
469 1811 488 1883 ⁶,
509 1823 538 1868 et
558 1813 695 1868 edificato
717 1813 853 1880 oratorio,
874 1812 1069 1885 quadraginta
1093 1812 1199 1868 diebus
1217 1811 1256 1868 ibi

104 1900 224 1956 mansit
263 1898 301 1955 Et
313 1899 439 1956 audiens
452 1900 539 1956 diues
555 1899 624 1972 quia
642 1909 779 1956 maneret
798 1899 847 1968 ibi,
864 1900 946 1956 misit
962 1900 999 1955 ad
1019 1917 1106 1956 eum:
1132 1899 1257 1972 ‘Perge,
1295 1895 1298 1902 '

104 1987 211 2060 inquit,
233 1988 271 2043 ad
293 1986 385 2042 alium
406 1987 521 2043 locum:
543 2005 612 2044 mea
633 1996 679 2044 est
699 1987 796 2043 adhuc
816 1987 874 2044 ista
895 1991 990 2044 terra'
1026 1987 1110 2043 Tunc
1136 1995 1257 2043 sanetus

104 2076 203 2131 tribus
219 2075 328 2131 diebus
342 2074 494 2144 ieiunauit,
511 2083 543 2132 vt
560 2076 635 2131 deus
648 2075 821 2131 ostenderet
839 2076 865 2130 ei
883 2075 954 2147 quid
969 2075 1040 2130 inde
1054 2085 1165 2147 ageret.
1202 2074 1257 2131 Cui

102 2162 231 2234 angelus
244 2161 300 2218 ait:
321 2162 438 2236 ‘Perge
450 2163 487 2218 ad
501 2161 667 2218 orientem!
699 2162 737 2218 Et
749 2162 875 2219 veniens
888 2163 925 2218 ad
938 2161 1114 2218 orientalem
1128 2162 1256 2235 plagam,
1273 2182 1303 2217 20

103 2259 225 2323 septem
250 2249 357 2305 diebus
380 2250 491 2306 ibidem
515 2250 633 2306 mansit.
671 2249 759 2320 Quod
782 2249 908 2306 audiens
927 2249 1013 2306 diues
1034 2248 1093 2320 ille,
1114 2251 1197 2306 venit
1219 2251 1257 2306 ad

102 2339 203 2394 virum
228 2338 276 2394 dei
302 2347 330 2393 et
356 2337 449 2394 dixit:
470 2338 589 2411 ‘Perge
614 2339 652 2394 ad
677 2338 767 2393 alium
794 2337 908 2394 locum.¹
944 2337 1029 2393 Tunc
1054 2346 1175 2394 sanctus
1199 2336 1256 2395 ait:

102 2425 279 2498 ‘Deprecor
295 2425 384 2481 deum
401 2424 640 2498 omnipotentem
655 2434 688 2482 vt
705 2426 843 2482 ostendat
862 2425 933 2480 mihi
951 2425 1021 2497 quid
1041 2423 1164 2482 faciam?
1202 2424 1257 2481 Cui

101 2513 248 2585 angelus:
277 2512 392 2585 ‘Perge
418 2514 456 2568 ad
483 2513 622 2568 dextram
630 2513 658 2568 ⁸.’
696 2513 763 2582 Quo
793 2529 861 2568 curn
886 2511 1029 2582 venisset,
1054 2514 1136 2570 venit
1159 2513 1256 2568 adhuc

101 2601 192 2656 diues
215 2610 246 2656 et
273 2599 366 2656 dixit:
394 2599 500 2670 ‘Kebi,
531 2617 625 2674 perge
656 2608 739 2656 trans
770 2602 869 2656 mare.¹
907 2599 993 2656 Tunc
1017 2609 1138 2656 sanctus
1163 2599 1256 2657 iratus
1273 2619 1301 2667 ²5

101 2687 198 2744 dixit:
220 2687 383 2743 ‘Deleatur
395 2705 506 2743 nomen
520 2697 603 2744 tuum
622 2688 660 2743 ab
677 2688 732 2744 hac
751 2687 865 2743 insula!
902 2687 987 2743 Tunc
1004 2697 1127 2744 sanctus
1142 2687 1256 2744 Keblus

101 2774 192 2832 iussit
216 2774 370 2848 discipulis
395 2775 458 2831 suis
479 2783 510 2832 vt
535 2775 653 2832 inscisis
678 2774 776 2848 lignis,
795 2775 927 2832 lembum
953 2775 1140 2832 fabricarent.
1189 2775 1256 2845 Quo

101 2862 191 2930 sacto,
202 2863 286 2918 venit
302 2862 387 2918 diues
406 2862 455 2919 ille
474 2871 504 2918 et
522 2863 578 2920 ait:
600 2862 729 2918 ‘Intrate
747 2863 778 2918 in
797 2863 930 2918 lembum
949 2863 1015 2918 sine
1034 2865 1122 2932 corio,
1136 2861 1161 2918 si
1175 2863 1255 2918 serui

100 2951 152 3007 dei
185 2950 276 3006 estis!
316 2949 352 3006 Et
377 2959 498 3006 sanctus
519 2951 575 3008 ait:
603 2950 769 3007 ‘Mirabilis
794 2952 869 3006 deus
894 2950 924 3005 in
950 2951 1059 3006 sanctis
1084 2948 1155 3016 suis,
1180 2951 1256 3006 deus

102 3037 217 3094 lsrael:
242 3037 310 3110 ipse
334 3038 415 3093 dabit
437 3037 578 3094 virtutem
599 3047 627 3094 et
650 3037 854 3094 fortitudinem
877 3037 977 3110 plebi⁷
999 3055 1061 3107 sue,
1082 3037 1256 3094 benedictus
1270 3055 1303 3102 30

100 3126 189 3182 deus.
227 3123 357 3191 ‘Ponite‚
382 3125 477 3197 inquit
498 3125 662 3198 discipulis,
685 3127 816 3182 lembum
837 3143 928 3199 supra
947 3127 1048 3182 mare!
1085 3124 1152 3194 Quo
1171 3123 1256 3194 facto,

99 3212 261 3284 ingressus
280 3220 327 3267 est
345 3229 414 3268 cum
432 3211 588 3285 discipulis
607 3215 739 3269 lembum
759 3213 841 3270 corio
860 3222 1030 3270 carentem:
1052 3221 1081 3268 et
1098 3211 1254 3268 confestim

100 3306 273 3371 tempestas
292 3298 391 3354 valida
415 3300 548 3356 venitin
571 3317 662 3371 mare,
680 3310 710 3357 et
729 3301 891 3357 timuerunt
912 3300 999 3357 valde
1020 3299 1158 3372 discipuli
1180 3301 1254 3370 eius,

100 3395 132 3444 et
151 3385 270 3442 sortiter
286 3395 410 3442 sanctus
431 3387 547 3444 Keblus
567 3390 657 3445 deum
681 3406 787 3461 rogare
809 3389 895 3461 cepit.
932 3386 1023 3444 Cuius
1046 3405 1137 3460 prece
1155 3387 1255 3444 diuisit

100 3476 181 3532 deus
198 3473 354 3546 scopulum
368 3476 518 3546 quendam
531 3477 562 3531 in
577 3477 652 3532 duas
668 3487 779 3549 partes,
792 3484 822 3533 et
834 3475 981 3548 prosiliuit
1000 3475 1118 3531 lembus
1135 3493 1255 3531 sursum
1270 3493 1301 3542 35

99 3563 182 3618 inter
207 3561 284 3617 duos
304 3563 464 3634 scopulos:
484 3571 514 3619 et
535 3564 658 3620 demum
680 3563 781 3620 Monie
800 3563 898 3619 insule
917 3563 1133 3635 applicuerunt.
1169 3563 1255 3620 Tunc

100 3657 229 3706 sanctus
261 3647 379 3705 Keblus
404 3651 510 3706 baculo
534 3667 588 3706 suo
613 3652 761 3724 percussit
788 3669 910 3723 rupem:
943 3659 972 3707 et
997 3650 1154 3707 confestim
1179 3667 1256 3722 aqua
1291 3643 1296 3656 ’

101 3736 276 3809 largissime
294 3754 436 3793 emanare
451 3740 538 3811 cepit
577 3737 615 3794 Et
630 3739 710 3795 misit
725 3738 903 3811 discipulum
922 3755 1010 3794 suum
1029 3738 1150 3794 nomine
1164 3737 1256 3806 Cafso,

100 3833 133 3881 vt
146 3825 250 3896 ignem
268 3823 401 3880 afferret.
439 3825 582 3895 Quicum
601 3843 619 3882 a
639 3827 768 3899 quodam
782 3825 866 3882 labro
884 3828 984 3898 ignem
1000 3835 1116 3900 peteret
1124 3827 1143 3893 ⁸,
1158 3824 1257 3881 renuit

99 3913 169 3985 ipse
188 3912 272 3980 dare,
290 3911 348 3968 nisi
371 3911 403 3968 in
426 3914 494 3970 sinu
515 3931 571 3971 suo
593 3923 714 3986 portare
733 3914 830 3970 vellet
868 3914 906 3970 Et
925 3913 1023 3986 posito
1044 3913 1115 3986 igne
1134 3913 1165 3968 in
1187 3914 1255 3968 sinu
1269 3933 1302 3982 40

99 4000 178 4068 eius,
191 4015 334 4056 reuersus
354 4001 450 4055 estad
464 4001 641 4074 magistrum
661 4019 757 4071 suum,
771 4002 837 4058 sine
854 4000 968 4058 lesione
981 4001 1075 4058 vestis
1087 4017 1142 4056 sue
1154 3999 1255 4073 ignem

99 4095 236 4161 portans.
302 4073 444 4143 Perrexit
457 4105 512 4145 rex
521 4091 531 4121 ⁹
540 4088 713 4147 Venedocie
725 4088 773 4146 die
782 4090 911 4162 quadarn
923 4091 961 4146 ad
975 4098 1116 4146 montana
1124 4087 1255 4144 venandi

134 4191 143 4220 ¹
161 4207 197 4241 sc.
210 4191 293 4241 Aruin
306 4193 333 4240 in
345 4192 406 4252 vic,
420 4193 434 4242 i.
445 4209 467 4243 e.
479 4194 570 4244 Aranl
641 4195 652 4224 ¹
667 4194 718 4243 Vlt.
732 4195 854 4244 Crubtbir
866 4195 973 4244 Fintaru.
1039 4193 1049 4222 ⁸
1066 4193 1117 4242 Vit.
1128 4193 1254 4255 discipuli.

98 4257 387 4320 ‘E.p'eprecationem.
477 4259 555 4308 ‘vit
567 4275 620 4322 reg.
635 4260 711 4310 Mide.
802 4260 1010 4310 ⁸T.dexteram.
1099 4258 1153 4308 ΙΤ.
1166 4259 1256 4321 plebis,

100 4323 109 4352 ¹
129 4324 160 4373 E.
173 4323 281 4373 double:
300 4323 351 4386 Qui
363 4339 420 4373 cum
432 4326 569 4386 aquodam
582 4326 654 4375 labro
667 4327 753 4389 ignem
766 4325 877 4376 afferret.
900 4326 951 4388 Qui
968 4341 1025 4375 cum
1037 4325 1172 4387 aquodam
1184 4323 1255 4374 fabre

99 4389 189 4452 ignem
201 4397 311 4452 peteret.
411 4389 473 4441 ’se
486 4391 606 4454 lleilgun.
