3028 4894
394 299 468 399 be
493 302 658 394 sanctu
683 303 927 395 matram.
1158 327 1231 404 415

78 505 172 564 huius
184 505 334 564 Walstani
347 521 427 563 noua
439 505 576 564 membra
587 505 722 580 recipere
736 514 919 563 meruenmt.
940 504 1029 563 Vnde
1042 522 1103 563 non
1116 513 1232 564 tantum

78 593 220 652 catholici
236 610 254 651 a
270 593 400 651 diuersis
412 593 605 668 languoribus
620 611 677 668 per
692 594 772 652 hunc
791 603 928 651 sanctum
942 593 1115 665 liberantur,
1128 611 1233 652 verum

78 682 173 740 etiam
187 683 273 739 bruta
286 680 435 753 animalia,
448 698 467 738 a
479 697 657 756 quocunque
675 681 819 754 languore
834 690 959 754 grauata
974 680 1094 752 fuerint,
1106 681 1235 755 pristine

78 769 249 827 redduntur
273 769 400 826 sanitati.
446 767 702 826 Commendamus
724 785 805 842 ergo,
828 768 1023 840 dilectissimi,
1045 769 1124 826 diem
1145 769 1236 828 huius

80 855 178 914 sancti
202 855 356 914 Walstani
381 855 559 927 solemnem,
579 856 639 930 qui,
663 865 696 913 vt
720 856 886 930 perpetua¹
911 865 1042 930 caperet,
1067 856 1264 926 transitorias

80 943 212 1018 reliquit,
224 951 257 1000 vt
275 950 357 1000 caste
369 942 486 1000 viueret
504 958 626 1000 carnem
639 959 724 1000 suam
744 960 800 1016 per
817 943 961 1000 ieiunium
977 943 1120 1018 frequens
1139 960 1236 1001 mace·

80 1030 168 1101 rauit,
181 1031 366 1104 pauperibus
383 1029 521 1088 victualia
539 1047 594 1087 sua
612 1031 780 1105 errogauit3
799 1039 831 1089 et
847 1039 880 1088 vt
898 1031 929 1088 in
948 1031 1042 1104 gradu
1061 1031 1236 1090 humilitatis

81 1119 224 1176 continua
236 1119 345 1176 virtute
364 1120 549 1191 persisteret,
562 1127 665 1192 spreta
684 1119 777 1192 regali
796 1135 919 1176 suorum
937 1127 1097 1195 parentum
1115 1136 1236 1177 succes·

81 1207 178 1275 sione,
204 1207 326 1263 seruitio
352 1205 533 1278 simplicium
564 1221 763 1279 personarum
788 1205 930 1264 ruralium
955 1224 989 1265 re
1014 1206 1163 1279 obligauit.
1208 1207 1236 1264 0

81 1303 189 1352 sancte
206 1293 372 1364 Walstane,
391 1293 500 1350 merito
518 1293 549 1350 in
568 1291 618 1350 dei
636 1294 764 1350 ecclesia
783 1295 950 1351 laudandus
969 1310 1012 1352 es.
1048 1293 1095 1350 Tu
1113 1311 1237 1368 compar
1251 1311 1283 1350 ro

82 1383 142 1440 dici
163 1390 250 1455 potes
269 1380 412 1455 apostolis
434 1397 490 1455 per
508 1381 719 1454 temporalium
741 1398 843 1438 rerum
865 1382 1102 1451 abdicationem3
1128 1383 1236 1440 similis

82 1468 256 1526 martiribus
274 1485 331 1542 per
348 1467 575 1542 penitentialem
592 1467 692 1526 carnis
704 1469 981 1540 mortificationem
1001 1469 1100 1528 socius
1119 1469 1236 1528 confes·

82 1573 188 1613 sorum
219 1563 345 1629 propter
374 1555 607 1613 elemosinarum
637 1555 824 1629 largitionem
855 1565 886 1614 et
915 1574 1039 1630 precum
1065 1566 1235 1615 sanctarum

82 1643 271 1701 effusionem
327 1641 468 1716 Migrauit
497 1659 570 1716 ergo
601 1644 638 1700 ad
669 1643 825 1700 dominum
855 1646 996 1719 egregius
1026 1646 1084 1702 iste
1114 1653 1236 1703 sanctus

82 1730 262 1787 Walstanus
281 1729 374 1786 Anno
398 1730 436 1786 ab
456 1729 660 1788 incarnatione
682 1730 795 1788 domini
821 1731 980 1790 millesimo
1001 1740 1088 1790 sexto
1109 1731 1234 1804 decimo,
1251 1747 1281 1801 ¹⁵

82 1817 174 1876 tertio
194 1817 261 1875 Kal.
281 1816 367 1874 lunii.
404 1817 601 1890 Suspirantes
619 1827 688 1892 post
706 1835 785 1888 eum,
804 1817 913 1877 fratres
930 1820 1108 1892 charissimi,
1128 1837 1236 1894 sequa·

83 1922 156 1962 mur
173 1905 238 1963 eius
255 1904 381 1979 vestigia
405 1922 462 1980 per
479 1907 603 1963 semitas
620 1905 756 1964 veritatis
774 1915 805 1963 et
822 1906 938 1965 iusticie
963 1925 1081 1965 necnon
1104 1907 1236 1981 perfecte

83 1991 269 2063 humilitatis,
282 2001 314 2050 vt
332 1993 494 2067 peruenire
505 1994 659 2051 valeamus
678 2011 747 2051 cum
759 2011 796 2051 eo
809 1995 847 2051 ad
860 2011 986 2068 regnum
1003 1995 1078 2053 lucis
1090 2003 1120 2053 et
1133 1995 1235 2068 glorie,

83 2080 117 2138 in
130 2097 190 2154 quo
203 2089 308 2153 regnat
321 2080 397 2139 deus
410 2097 467 2154 per
476 2081 593 2138 infinita
607 2081 777 2140 seculorum
790 2081 899 2140 secula.
935 2082 1047 2140 Amen.
1187 2061 1209 2106 θ

245 2323 271 2385 tl
291 2309 346 2381 Da
364 2337 479 2380 sancto
496 2309 711 2380 Wannrnann
728 2339 854 2381 vincins
872 2339 911 2381 ar
928 2323 1088 2383 annates!

148 2459 291 2520 Eunous⁸
309 2460 431 2520 nomine
452 2461 575 2535 quidam
597 2471 719 2521 sanctus
741 2463 903 2520 admodum
923 2461 1060 2537 insignis,
1078 2461 1235 2522 vinutibus
1251 2483 1283 2521 ao

165 2551 272 2622 clarus,
285 2547 316 2606 in
335 2550 458 2607 occidua
471 2549 595 2607 Maioris
615 2549 771 2607 Britannie
783 2552 907 2625 regione
923 2550 1037 2622 enituit,
1049 2551 1097 2609 vir
1113 2551 1236 2625 quidem

83 2655 225 2696 summus
244 2638 325 2694 etin
346 2637 429 2694 omni
453 2637 609 2695 sanctitate
629 2638 810 2712 precipuus:
836 2647 996 2713 paternum
1016 2647 1236 2714 contempnens

84 2725 195 2783 solium
215 2733 246 2782 et
263 2741 380 2800 pauper
398 2724 546 2799 effugiens
565 2733 595 2783 et
614 2726 780 2783 monachus
798 2725 902 2798 lactuS,
916 2728 946 2784 in
966 2727 1051 2784 breui
1069 2726 1236 2801 perfectum

82 2813 185 2871 virum
211 2811 280 2886 egit
316 2813 393 2870 Cum
418 2811 450 2869 in
473 2812 603 2870 diuersis
627 2813 759 2886 denique
783 2813 857 2872 locis
887 2813 1032 2872 ecclesias
1061 2815 1237 2872 fabricasset

84 2901 256 2974 fratresque
268 2899 299 2957 in
312 2899 372 2957 illis
384 2900 442 2956 deo
454 2901 620 2958 semituros
635 2901 847 2971 constituisset,
860 2901 927 2975 ipse
945 2902 1047 2960 diuino
1065 2903 1236 2960 admonitus
1251 2919 1282 2973 ²⁶

85 2988 207 3046 oraculo
225 2987 299 3045 alias
317 2986 465 3059 discessit,
484 2987 638 3062 prouisam
656 2988 713 3046 sibi
731 3007 750 3046 a
768 2990 827 3048 deo
844 2989 1017 3063 quesituras
1038 2991 1236 3048 mansionem.

86 3074 230 3132 Peruenit
247 3076 370 3133 tandem
389 3075 427 3132 ad
446 3076 585 3149 predium
604 3076 759 3134 cniusdam
778 3076 880 3151 magni
902 3085 933 3135 et
952 3076 1151 3151 potentissimi
1169 3077 1236 3150 viri,
1252 3131 1266 3154 x

85 3163 210 3221 nomine
221 3161 372 3234 Theuith;
391 3163 439 3220 cui
451 3171 482 3220 et
497 3163 590 3221 dixit:
610 3164 690 3222 ‘Oro
706 3163 847 3238 quatinus
864 3166 903 3223 de
919 3165 1113 3238 possessione
1129 3182 1148 3223 a
1165 3183 1236 3240 pro·

86 3250 275 3324 genitoribus
293 3249 352 3307 tuis
370 3249 435 3309 iure
454 3251 636 3308 hereditario
657 3252 710 3309 tibi
730 3253 875 3323 deriuata,
893 3261 1011 3327 partem
1032 3253 1090 3310 deo
1111 3262 1142 3310 et
1163 3252 1236 3310 mihi

85 3339 246 3409 concedas,
257 3347 290 3396 vt
302 3337 442 3396 fabricata
457 3337 569 3396 ibidem
588 3339 722 3410 ecclesia,
735 3339 765 3397 in
785 3340 836 3397 illa
853 3341 911 3398 deo
930 3339 1045 3398 sentire
1063 3349 1094 3398 et
1111 3358 1167 3414 pro
1185 3349 1236 3398 tua
1250 3355 1283 3407 30

86 3426 183 3483 salute
195 3425 341 3499 deinceps
360 3425 442 3482 omni
460 3425 509 3484 die
521 3426 638 3484 valeam
658 3427 829 3500 postulare!
866 3427 925 3499 Qui
938 3427 1068 3486 libenter
1079 3428 1192 3500 annuit,
1206 3437 1236 3486 et

85 3513 205 3572 vnicam
223 3511 315 3570 filiam
330 3513 465 3571 moribus
479 3513 696 3584 instruendam,
709 3515 830 3572 nomine
842 3513 1066 3587 Wenefredam,
1079 3515 1236 3574 commisit.

87 3601 122 3658 Si
133 3601 255 3674 quando
266 3607 368 3657 autem
379 3598 426 3658 vir
443 3609 566 3658 sanctus
582 3601 694 3675 populo
709 3611 852 3676 precepta
866 3602 1038 3676 monitaque
1050 3603 1154 3661 salutis
1165 3621 1237 3679 pre·

85 3688 214 3746 dicando
234 3689 417 3759 ostenderet,
439 3688 586 3762 prefatam
606 3689 754 3763 virginem
777 3691 816 3748 ad
836 3691 932 3764 pedes
954 3690 1071 3764 [suos]⁴
1089 3700 1235 3763 statuens,

85 3777 188 3834 omnia
197 3775 325 3834 solerter
337 3775 497 3834 aduertere
509 3785 539 3835 et
551 3776 652 3850 patulo
662 3777 752 3835 corde
765 3777 921 3851 suscipere
936 3777 1050 3836 monuit
1063 3796 1122 3852 que
1135 3779 1172 3836 ab
1185 3779 1236 3837 illo
1249 3789 1282 3846 aa

85 3864 272 3922 dicebantur.
308 3862 401 3937 Virgo
412 3881 495 3936 vero,
508 3864 674 3938 inspirante
690 3867 739 3923 dei
757 3864 915 3923 clementia
934 3867 965 3924 in
984 3866 1092 3924 melius
1104 3867 1237 3940 quotidie

85 3968 229 4010 crescens
246 3959 277 4008 et
294 3949 326 4008 in
345 3951 493 4026 sapientia
512 3951 683 4026 proficiens,
701 3970 825 4011 omnem
843 3953 941 4011 virum
959 3953 1081 4028 penitus
1097 3955 1237 4015 abdicare

85 4037 283 4114 disponebat;
314 4037 371 4097 hoc
399 4047 501 4097 tarnen
531 4039 708 4114 parentibus
742 4041 934 4104 innotescere
963 4040 1149 4101 formidabat.
1199 4041 1237 4102 Et

118 4167 128 4200 ¹
146 4167 176 4218 E.
188 4176 322 4232 perpetue.
389 4167 400 4199 ¹
415 4170 456 4220 ed.
468 4169 495 4220 in
506 4169 538 4221 A.
550 4169 598 4221 SS.
609 4169 675 4221 Boll.
687 4185 704 4234 3
716 4171 781 4223 Nor.
793 4187 818 4235 p.
831 4172 894 4234 Ἰοῦς
909 4171 1033 4235 abridged
1044 4172 1110 4223 from
1120 4173 1166 4223 tlte
1177 4172 1238 4225 vn·

84 4235 121 4297 by
133 4234 235 4286 Robert
250 4235 281 4284 of
292 4233 467 4300 Shrewsbury
482 4237 508 4286 in
525 4235 580 4286 ltS.
598 4237 670 4286 Laud
686 4236 758 4288 llisc.
780 4253 835 4300 114,
848 4237 919 4288 Trin.
933 4237 998 4288 Coll.
1011 4237 1072 4289 cor.
1086 4238 1152 4289 Gale
1164 4239 1196 4290 0.
1209 4255 1233 4302 4,

85 4301 129 4352 ea
149 4300 175 4350 in
195 4299 228 4353 Α.
247 4299 296 4352 SS.
316 4299 382 4352 sort
524 4303 534 4334 ¹
550 4301 582 4353 T.
599 4301 711 4354 Sanctm
725 4303 828 4368 quidam
845 4303 983 4354 admodum
1001 4303 1111 4368 insigms
1131 4305 1235 4358 nomiae

86 4365 219 4418 benuntia
318 4366 433 4420 ‘omia
445 4365 475 4418 E.
