3054 4904
281 349 349 439 ¹48
588 346 720 434 mm
744 343 935 448 [imm
958 343 1110 448 fllissllt.

276 545 431 619 dampnati
444 544 577 620 spiritus,
588 545 618 603 in
632 553 741 602 tartara
752 551 871 603 vestra!
892 545 963 618 quid
975 545 1062 604 vobis
1075 563 1143 604 cum
1157 544 1205 604 dei
1218 545 1350 602 famula?
1371 563 1435 620 quo

276 633 356 690 illam
388 635 549 708 raptatisi'
599 633 713 702 ‘Falso,
738 633 883 706 inquiunt,
911 634 1033 690 nomine
1063 651 1123 691 non
1149 634 1219 692 fidei
1249 635 1436 692 executione

277 721 469 779 christianam
479 723 674 780 vendicamus
687 721 716 778 in
730 731 834 778 nostra
846 720 928 778 iura:
948 731 1050 779 nostra
1062 731 1109 778 est
1121 723 1312 796 pedissequa,
1325 732 1435 779 nostra

277 809 457 866 hereditabit
469 812 636 866 tormenta)
674 809 851 880 ‘Interdicq
863 809 960 882 inquit
972 809 1142 884 episcopus,
1155 810 1242 866 vobis
1256 827 1385 866 omnem
1403 811 1435 865 in

248 911 262 964 ε
277 913 313 954 ea
325 905 503 971 potestatem
517 917 523 955 :
544 899 626 954 ocius
639 897 783 954 discedite
796 898 833 953 ab
846 896 896 953 illa
908 897 937 953 in
951 907 1052 954 vestre
1070 897 1246 970 perditionis
1259 898 1435 970 ergastula)

276 985 326 1041 Ad
337 985 401 1042 eius
411 985 491 1042 enim
502 984 662 1058 imperium
676 985 779 1042 relicta
792 985 920 1058 captiua,
928 1001 1036 1042 omnes
1048 986 1212 1043 demonum
1225 987 1318 1056 mine,
1326 987 1435 1042 omnia

276 1074 517 1130 machinamenta
529 1072 662 1129 funditus
674 1071 824 1130 exinanita
836 1081 1029 1130 cuanuerunt.
1056 1073 1165 1129 Mulier
1176 1091 1258 1142 vero,
1272 1083 1434 1146 resumpto

277 1161 393 1233 spiritu,
407 1162 446 1217 de
458 1161 537 1218 beati
554 1159 696 1216 Lethardi
712 1161 795 1216 vultu
814 1169 845 1218 et
862 1161 1025 1234 patrocinio
1041 1161 1189 1230 letificata,
1202 1163 1320 1234 prolem
1338 1162 1434 1218 enixa

276 1257 332 1305 est.
390 1236 567 1305 Paraliticus
580 1247 700 1320 quidam
713 1265 782 1304 cum
794 1249 832 1304 ad
845 1248 980 1304 tumbam
994 1247 1059 1305 eius
1072 1265 1140 1304 cum
1154 1248 1323 1306 lachrimis¹
1337 1267 1434 1322 opem

233 1353 264 1389 ιο
275 1335 468 1408 imploraret;
488 1335 614 1410 sopore¹
628 1337 774 1408 depresso
791 1335 882 1392 astitit
898 1338 966 1409 pius
983 1345 1075 1408 pater,
1088 1335 1160 1410 quid
1175 1336 1255 1406 velit,
1268 1337 1340 1408 quid
1358 1355 1434 1394 eum

276 1432 336 1480 tam
356 1425 526 1496 importune
545 1423 686 1495 efflagitet
705 1440 845 1496 querens.
885 1423 1008 1494 Debilis,
1022 1441 1056 1480 se
1075 1423 1233 1480 sanitatem
1252 1433 1361 1497 petere
1383 1443 1433 1482 re-

276 1512 405 1584 spondit.
439 1512 476 1568 Et
489 1512 556 1568 ille:
577 1515 585 1543 ‘
593 1511 729 1582 Quando,
738 1510 841 1584 inquit,
849 1511 965 1568 debitas
979 1529 1074 1585 penas
1086 1510 1175 1578 luitis,
1183 1521 1253 1568 tunc
1267 1513 1430 1585 supplices

275 1599 404 1656 venitis:
431 1599 481 1656 vbi
502 1599 672 1656 desiderata
692 1598 888 1668 obtinueritis,
909 1599 1103 1655 immemores
1128 1607 1157 1656 et
1182 1599 1290 1672 ingrati
1315 1599 1432 1656 diuinis

274 1687 430 1744 beneficiis
454 1687 512 1745 cito
536 1695 620 1760 terga
644 1687 775 1745 vertitis.³
811 1687 861 1743 Ad
887 1686 943 1743 hec
968 1686 1019 1743 illo
1044 1685 1184 1743 obnixius
1211 1687 1373 1744 insistente
1400 1697 1432 1744 et

233 1790 261 1841 15
275 1777 516 1833 emendationem
538 1776 698 1850 pollicente
706 1773 724 1846 ⁸,
747 1776 918 1832 misericors
940 1781 1026 1848 pater
1046 1774 1218 1831 subintulit:
1250 1774 1333 1830 ‘Vna
1356 1777 1432 1832 tibia

275 1873 398 1920 sanatus
407 1863 590 1933 liberaberis,
598 1881 666 1920 cum
677 1863 770 1920 altera
778 1861 873 1920 abibis
884 1882 891 1919 ι
905 1861 1045 1936 quatinus
1055 1879 1125 1935 pars
1135 1880 1209 1920 sana
1220 1872 1252 1919 te
1264 1863 1432 1920 admoneat

274 1951 437 2025 gratiarum
454 1953 595 2009 bonitatis
611 1952 723 2021 diuine,
736 1951 855 2008 infirma
871 1951 1028 2024 redarguat
1043 1950 1160 2024 ingrate
1176 1950 1378 2024 negligentie3
1400 1963 1432 2009 et
1519 2023 1520 2030 ἵ

274 2057 343 2098 cum
361 2050 443 2097 tanto
458 2038 610 2098 desiderio
626 2041 762 2113 requiras
780 2041 956 2113 sospitatem
975 2039 1112 2110 ablatam,
1130 2039 1229 2096 discas
1246 2057 1305 2096 non
1323 2041 1432 2112 parui-
1519 2051 1520 2084 ³

274 2130 408 2200 pendere
432 2127 585 2184 collatam!
635 2125 773 2184 Surrexit
798 2144 870 2200 ergo
895 2126 1073 2196 semisanus‚
1097 2143 1156 2184 vno
1181 2144 1268 2184 cmre
1291 2137 1429 2196 erectus,

230 2229 262 2266 ao
275 2217 367 2272 altero
381 2215 510 2273 relictus.
548 2215 620 2271 Erat
634 2214 715 2271 enim
727 2233 745 2270 a
761 2215 884 2271 renibus
901 2224 931 2271 et
949 2215 1027 2271 inira
1040 2223 1109 2272 ante
1127 2215 1311 2272 curationem
1328 2218 1430 2272 sancti

274 2313 354 2360 totus
367 2303 544 2376 paraliticus.
633 2289 670 2359 ln
684 2303 880 2375 processione
899 2302 1018 2359 annuali
1036 2302 1222 2376 rogationum
1239 2302 1286 2358 vel
1299 2302 1430 2360 letania-

275 2408 341 2447 rum
367 2391 443 2447 solet
467 2389 568 2448 efferri
589 2390 700 2447 scrinio
720 2407 811 2446 aureo
834 2389 912 2446 beati
936 2389 1078 2448 Lethardi
1099 2407 1208 2463 corpus
1227 2389 1376 2464 opiferum
1397 2391 1430 2448 in

274 2478 514 2535 benedictionem
527 2487 557 2535 et
570 2477 771 2551 prouentum⁴
784 2494 925 2550 agrorum
940 2495 974 2535 ac
991 2479 1132 2551 plebium.
1172 2478 1248 2535 Cum
1264 2477 1430 2550 aliquando

273 2567 420 2622 aduobus
434 2566 573 2622 fratribus
590 2582 700 2638 corpus
719 2565 786 2622 eius
803 2575 940 2622 sanctum
957 2583 1013 2638 per
1028 2583 1151 2640 campos
1167 2565 1335 2636 veheretur,
1347 2584 1429 2638 que·

230 2669 260 2717 25
273 2655 342 2710 dam
363 2655 470 2712 mulier
488 2651 650 2725 insani[a]⁸
669 2662 763 2726 capta,
783 2653 925 2711 feretrum
946 2671 1013 2710 cum
1037 2655 1152 2728 impetu
1173 2663 1307 2728 tangens,
1332 2655 1430 2727 pleno

273 2741 425 2800 intellectu
438 2751 468 2800 et
480 2741 595 2799 ratione
607 2741 751 2798 formatur
759 2740 778 2798 ⁰.

761 2913 927 2972 Narranut

310 3023 445 3095 Sanctus
466 3037 548 3093 enim
568 3035 685 3093 Pharo⁸
704 3037 868 3094 meldensis
886 3037 1049 3110 episcopus
1067 3044 1136 3094 ante
1154 3045 1327 3110 susceptum
1348 3041 1430 3096 anti-
1517 3031 1518 3038 '

272 3124 351 3181 stitis
363 3126 490 3198 gradum
506 3142 630 3182 vxorem
650 3143 737 3182 suam
753 3143 838 3182 sacro
854 3124 1003 3182 velamine
1019 3125 1189 3182 consecrari
1209 3125 1287 3182 lecit.
1324 3125 1430 3196 Quem

273 3212 369 3268 hostis
389 3214 529 3286 antiquus
548 3213 613 3270 vice
635 3213 765 3286 quadam
788 3213 818 3270 in
842 3221 958 3270 tantum
982 3213 1227 3285 temptationibus
1247 3229 1301 3270 sue
1324 3217 1429 3274 camis

228 3318 261 3368 30
273 3299 383 3356 illicitis
395 3300 504 3369 allexit,
514 3309 545 3356 vt
557 3301 660 3358 vxoris
673 3317 728 3357 sue
741 3302 914 3357 recordatus
927 3317 1030 3356 amore
1044 3300 1132 3358 simul
1143 3311 1172 3358 et
1180 3301 1430 3373 pulchritudine·

272 3388 311 3444 ad
324 3387 477 3460 hocusque
490 3390 701 3461 perduciturvt
715 3405 782 3444 eam
796 3390 833 3445 ad
846 3405 880 3446 se
888 3387 991 3446 venire
1001 3391 1165 3458 mandaret,
1173 3388 1279 3461 primo,
1290 3393 1429 3447 secundo

272 3491 307 3532 ac
320 3474 424 3531 tertio:
444 3485 473 3531 et
487 3475 536 3531 illa
550 3475 642 3548 [cum]
657 3476 713 3532 hoc
726 3492 816 3549 agere
829 3476 1002 3546 distulisset,
1013 3485 1043 3533 et
1056 3476 1188 3533 animum
1200 3476 1341 3533 antistitis
1352 3495 1428 3550 quo-

272 3563 434 3619 dammodo
453 3571 630 3636 temptatum
648 3565 685 3620 ab
703 3581 739 3620 ea
758 3563 963 3633 intellexisset,
981 3573 1224 3636 argumentosum
1245 3565 1427 3637 excogitauit

272 3650 430 3708 consilium
446 3653 595 3723 quomodo
608 3652 780 3725 pontificem
792 3669 810 3708 a
822 3651 977 3724 proposito
990 3653 1165 3709 abstrahere
1177 3661 1281 3724 posset
1294 3661 1324 3710 et
1338 3671 1425 3712 suam

227 3759 258 3810 35
272 3740 434 3796 castitatem
448 3748 649 3797 conseruaret.
690 3739 809 3797 Etenim
823 3749 960 3796 omatum
973 3739 1116 3798 abiiciens
1128 3740 1266 3808 vestium,
1279 3742 1425 3798 cesariem

272 3827 378 3901 capitis
390 3827 525 3897 totondit,
538 3837 568 3884 et
581 3827 677 3884 cilicio
690 3828 793 3884 induta
809 3845 844 3886 se
861 3829 1122 3902 contemplandam
1138 3828 1282 3902 episcopo
1299 3847 1426 3902 presen-

271 3917 354 3972 tauit.
392 3916 528 3989 Cumque
545 3917 575 3971 in
595 3933 663 3973 eam
681 3915 857 3984 intenderet,
872 3917 1027 3973 exhorruit
1042 3917 1239 3974 vehementer
1257 3916 1374 3974 lacinus
1391 3937 1427 3976 se

272 4004 455 4062 deliberasse
465 4003 566 4062 animo
576 4003 717 4073 illicitum,
726 4015 756 4061 et
766 4004 882 4078 sagacis
891 4005 1002 4062 lemine
1012 4006 1202 4079 prudentiam
1210 4006 1335 4064 miratus
1343 4007 1426 4064 est¹⁰.

305 4152 362 4203 ¹E.
373 4153 501 4203 lachrimis
509 4167 574 4202 cum.
641 4152 698 4202 ²13.
708 4153 805 4216 sopori.
871 4153 929 4204 ¹E.
939 4153 1110 4216 pollicentem.
1176 4153 1425 4217 ‘Eprouentuum

273 4217 327 4266 ΙΤ.
341 4219 369 4268 Ε.
384 4221 498 4279 insanic;
515 4218 546 4268 G.
562 4219 652 4268 morbo
669 4219 776 4268 insanie.
866 4219 923 4268 ⁸G.
941 4219 1101 4269 reformatur.
1181 4217 1247 4270 'Ch
1263 4217 1339 4271 Vinc.
1358 4221 1423 4272 Bell.
1514 4261 1515 4276 l

272 4282 444 4399 ἔὶὲἱίιῗκῖῗῃ
456 4350 485 4401 Τ.
494 4284 510 4402 ²⁸
526 4285 556 4334 E.
570 4285 678 4336 Pharao.
744 4284 754 4314 ⁹
772 4284 827 4334 VB.
839 4287 933 4334 amoris
943 4300 964 4335 s.
976 4293 1003 4334 ct
1014 4286 1220 4349 pulchritudinis
1514 4289 1515 4312 ¹

307 4410 372 4473 Lux
389 4425 468 4474 decus
484 4425 602 4488 angliaci,
618 4440 680 4488 spes
697 4433 723 4475 et
742 4426 923 4489 augustissima
940 4427 1020 4489 regni,
1042 4426 1066 4475 Ο
1084 4427 1220 4489 letbardc,
1238 4432 1299 4476 tuos
1317 4428 1427 4478 deiende
1514 4403 1515 4408 ¹
