3046 4902
94 328 326 393 nsmtnol
365 291 918 396 cassamentum
935 300 1124 397 matuta
1177 301 1250 388 603

94 495 299 566 periclitantes,
317 497 426 552 domini
447 497 489 553 sni
509 498 631 552 cadauer
651 497 779 552 exanime
797 497 911 568 copioso
930 497 988 553 sale
1006 497 1127 552 sallitum
1146 516 1164 552 a
1181 496 1252 553 leto·

94 579 180 633 ribus
198 579 359 635 munierunt
378 597 530 651 secumque
548 597 599 650 per
617 579 755 636 immensa
775 597 879 651 equora
900 581 937 636 ad
957 581 1078 635 Daciam
1097 590 1253 635 remeantes

96 671 329 732 asportauerunt.
375 663 420 718 Ab
450 681 485 719 ea
515 663 654 733 siquidem
685 663 740 730 die,
770 663 835 718 licet
865 662 968 732 Anglia
994 679 1096 732 graues
1122 663 1253 717 habuerit

96 745 238 812 tirannos,
265 745 386 802 ecclesia
403 746 479 802 beati
502 745 646 801 Edmundi
668 747 704 800 ab
724 745 880 801 indiccione
898 747 958 801 fisci
986 746 1090 800 mansit
1112 745 1253 800 immunis.

97 830 199 882 Nemo
211 827 286 892 enirn
300 845 396 884 eorum
410 829 545 900 deinceps
556 828 697 884 martirem
711 846 798 884 ausus
814 840 858 885 cst
876 845 1030 900 prouocare
1048 839 1096 883 aut
1114 829 1142 884 in
1158 828 1252 898 oppri·
1266 849 1281 899 5

96 911 284 966 mendesius
301 911 420 967 ecclesia
437 911 498 967 sine
510 913 634 968 vindicta
651 913 875 982 persecucionem
891 913 999 966 inferre.
1036 914 1140 966 Nonne
1157 911 1197 967 sic
1216 911 1253 966 ad

97 1010 201 1063 preces
219 993 293 1048 beati
318 994 413 1048 Basilii
432 1005 460 1050 et
479 995 561 1049 beate
582 994 627 1049 dei
649 993 791 1063 genitricis
813 995 961 1064 imperium
980 995 1137 1049 Mercurius
1155 994 1254 1049 martir

97 1085 273 1130 vastatorem
284 1078 403 1132 ecclesie
420 1077 569 1148 prostrauit
588 1087 748 1148 apostatam
768 1077 925 1132 lulianum?
962 1077 1009 1132 Sic
1027 1087 1141 1131 sanctus
1157 1076 1254 1131 martir

98 1159 273 1215 Edmundus
291 1171 497 1231 contemptores
513 1178 580 1216 suos
599 1171 627 1215 et
647 1160 764 1215 ecclesie
783 1177 833 1215 sue
850 1160 1026 1216 aduersarios
1041 1170 1170 1230 potenter
1185 1176 1252 1214 con·

98 1253 206 1308 terens,
225 1253 252 1297 et
271 1242 318 1312 pia
339 1245 476 1298 cultorum
500 1260 614 1298 suorum
632 1252 697 1297 vota
715 1253 843 1313 patenter
860 1253 887 1298 et
907 1243 1057 1298 efficaciter
1075 1258 1252 1313 promonens,
1268 1261 1299 1298 ιο

99 1325 199 1380 multis
210 1335 240 1380 et
255 1325 365 1394 magnis
383 1343 439 1380 non
459 1336 550 1381 cessat
567 1325 903 1395 choruscaremiraculis.
939 1327 1022 1381 Vnde
1038 1327 1144 1380 factum
1162 1336 1206 1381 est
1222 1335 1253 1380 vt

99 1417 206 1462 extunc
225 1408 394 1479 peculiarius
419 1425 482 1464 eum
505 1408 659 1479 inciperent
682 1407 772 1463 eciam
793 1419 899 1464 remote
919 1407 1024 1464 familie
1045 1407 1180 1476 venerari,
1203 1424 1254 1479 per

100 1508 186 1562 quern
200 1509 231 1546 se
244 1501 381 1546 nouerant
394 1509 412 1546 a
424 1492 561 1562 pressuris
574 1491 708 1547 coacticie
721 1490 865 1577 seruitutis
877 1492 1003 1546 relaxari.

219 1652 384 1718 Qunnrrnn
404 1663 552 1707 nonnoni
572 1661 658 1704 anun
677 1661 825 1704 sancrun
847 1650 1042 1706 Ennunnun
1061 1662 1144 1706 suna

575 1741 781 1784 turnonucn.

611 1837 772 1892 Theldredo
798 1854 863 1907 rege
887 1837 1027 1906 defuncto,
1048 1848 1076 1892 et
1098 1837 1252 1892 Edmundo

101 1876 310 1947 Exlegmd'd
320 1877 461 1948 sampson
472 1877 530 1932 Μ’
550 1839 606 1964 E
647 1938 711 1990 rege
727 1919 852 1975 irensido
869 1921 992 1975 filiosuo
1009 1921 1074 1974 dolo
1091 1930 1251 1990 perempto:

103 2003 240 2069 Canutus,
260 2001 333 2056 filius
354 2002 448 2068 Suani,
465 2003 543 2072 regni
568 2004 677 2074 apicem
697 2005 817 2074 adeptus
836 2013 887 2070 est,
912 2020 986 2058 anno
1011 2003 1116 2057 domini
1140 2003 1252 2074 Mtxvij.
1269 2026 1298 2074 15

103 2085 161 2153 Qui
190 2085 268 2153 regni
293 2086 487 2141 monarchiam
514 2087 559 2142 dei
586 2087 769 2142 miseracione
797 2085 849 2142 sibi
877 2087 1054 2156 perpendens
1080 2087 1251 2154 attributam,

102 2167 237 2238 primates
253 2169 333 2237 regni
356 2179 560 2240 prouectosque
577 2171 651 2226 viros
669 2187 704 2225 ac
722 2171 866 2225 modestos
882 2169 1032 2224 conuenire
1050 2170 1181 2240 precepit,
1198 2171 1252 2225 hac

103 2251 209 2306 scilicet
222 2252 258 2306 de
280 2269 366 2306 causa
387 2263 416 2306 vt
430 2269 596 2324 quecunque
610 2254 683 2310 iusta
701 2264 729 2309 et
747 2253 825 2308 vtilia
838 2253 890 2323 ipsi
912 2253 1102 2308 incommune
1123 2253 1250 2308 raciona-

102 2333 198 2389 biliter
218 2337 340 2390 tenenda
358 2336 539 2391 decernerent
548 2335 567 2405 ¹,
589 2338 649 2408 ipse
668 2338 781 2392 decreta
799 2337 945 2404 sancciret,
970 2336 1093 2392 sanccita
1117 2347 1252 2407 perpetuo

102 2427 245 2472 caractere
271 2419 402 2486 firmaret,
429 2419 537 2475 firmata
561 2436 613 2490 pro
636 2421 744 2490 legibus
775 2419 895 2491 posteris
920 2420 1052 2474 habenda
1076 2422 1223 2475 mandaret
1233 2418 1252 2474 ².
1267 2439 1297 2474 ιο

103 2500 191 2568 Dixit,
215 2511 244 2556 et
267 2517 352 2572 opere
377 2501 453 2556 dicta
477 2502 635 2573 compleuit.
673 2503 728 2558 Hic
753 2515 812 2558 tam
841 2504 912 2574 pius,
937 2514 995 2559 tam
1025 2503 1170 2574 benignus,
1194 2514 1252 2558 tarn

103 2583 247 2654 religionis
270 2597 380 2640 amator
403 2585 489 2641 luisse
514 2598 692 2654 memoratur,
714 2597 744 2641 vt
763 2604 812 2658 per
837 2589 918 2642 vrbes
943 2598 970 2644 et
995 2587 1100 2658 oppida
1123 2587 1251 2658 publicas

103 2668 252 2724 instituens
273 2670 372 2735 scolas,
392 2669 533 2738 magistris
561 2671 701 2740 deputatis
727 2671 869 2739 elegantes
897 2672 1025 2742 boneque
1054 2671 1113 2740 spei
1140 2687 1252 2741 pueros,

103 2767 214 2806 necnon
245 2769 388 2806 seruorum
420 2752 491 2807 filios
522 2754 718 2821 manumissos,
743 2753 830 2808 literis
857 2755 979 2809 traderet
1017 2753 1184 2820 inbuendos,
1215 2755 1252 2810 de

103 2832 216 2888 racione
229 2834 316 2889 fiscali
335 2835 491 2905 sumptibus
509 2837 676 2892 constitutis.
713 2838 798 2891 Anno
816 2836 901 2905 igitur
916 2836 1034 2907 predicti
1047 2836 1121 2905 regis
1134 2847 1251 2907 quarto:
1267 2854 1297 2903 ²5

104 2916 239 2972 Allwinus
270 2919 419 2989 episcopus
449 2919 628 2987 elmanensis,
656 2919 769 2975 eliensis
799 2929 894 2974 autem
924 2921 1086 2987 monachus
1114 2920 1251 2988 suggessit

105 3001 162 3070 regi
188 3011 216 3055 et
244 3003 340 3070 regine
354 3004 397 3056 'de
422 3002 528 3057 clericis
548 3003 594 3074 qui
619 3003 785 3058 habitabant
809 3002 886 3072 apud
913 3012 1042 3056 sanctum
1061 3001 1252 3070 Edmundum,

105 3084 225 3139 dicendo
250 3084 353 3139 iustum
378 3096 405 3140 et
431 3086 485 3140 deo
508 3087 713 3156 beneplacitum
738 3085 826 3141 videri
854 3085 986 3158 quatInns
1012 3084 1041 3138 in
1068 3087 1131 3139 loco
1155 3102 1252 3140 eorum

105 3167 274 3222 monasticus
291 3169 360 3222 ordo
377 3169 556 3236 succederet3
576 3179 605 3223 vt
623 3169 729 3224 scilicet
746 3167 876 3238 peculiari
895 3168 1028 3222 famulatu
1048 3185 1081 3222 ac
1100 3167 1252 3223 honestiori

106 3252 182 3306 cultu
208 3262 329 3316 sanctus,
350 3261 379 3305 vt
405 3250 506 3320 dignus
533 3261 584 3318 est,
603 3253 782 3310 excoleretur.
827 3252 873 3306 Ab
898 3267 973 3305 anno
992 3250 1067 3304 enim
1087 3250 1139 3305 xix.
1162 3261 1252 3306 trans·
1267 3269 1298 3318 30

106 3333 221 3388 lacionis
241 3334 330 3388 sancti
354 3333 499 3388 Edmundi
524 3333 560 3388 de
587 3335 688 3387 Hoxne
714 3351 803 3404 vsque
828 3334 865 3388 ad
890 3334 1172 3402 Beodricesuuorthe,
1195 3352 1253 3405 quo

106 3432 179 3472 nunc
199 3415 358 3486 incorrupta
381 3433 466 3471 carne
491 3415 615 3486 quiescit,
636 3415 770 3484 assignati
790 3425 870 3470 erant
896 3417 1031 3487 obsequio
1051 3416 1096 3472 dei
1117 3427 1145 3472 et
1163 3417 1252 3473 sancti

107 3499 249 3554 Edmundi
275 3499 366 3554 clerici
392 3499 541 3564 seculares,
566 3497 613 3569 qui
637 3508 798 3568 tepescente
822 3499 976 3554 denocione
1000 3500 1136 3555 beneficia
1161 3500 1253 3555 eidem

106 3582 211 3637 martiri
230 3583 331 3637 collata
349 3583 421 3637 inter
440 3599 470 3636 se
489 3581 663 3648 diuidebant,
678 3591 705 3635 et
723 3597 824 3650 corpus
842 3593 971 3636 sanctum
988 3583 1096 3653 absque
1113 3583 1254 3653 condigno

107 3667 212 3720 honore
236 3665 421 3720 dimittebant.
476 3665 527 3719 Ex
546 3665 665 3718 cronicis
685 3666 719 3718 de
742 3665 808 3734 Ely.
864 3665 989 3734 Contigit
1013 3676 1107 3720 autem
1131 3667 1253 3736 quodam
1268 3683 1297 3733 35

107 3759 237 3818 ternpore,
256 3750 439 3818 Ayelwynum
455 3749 616 3818 episcopum
635 3746 769 3802 diocesim
791 3747 903 3804 visitare
921 3758 948 3802 et
967 3748 995 3801 in
1015 3748 1114 3802 eadem
1132 3749 1198 3802 villa
1217 3749 1253 3802 de

108 3831 376 3886 Beodricesuuorthe
402 3832 544 3902 hospitari,
570 3831 616 3885 vbi
642 3830 875 3885 incontinenciam
904 3831 1013 3884 illorum
1038 3831 1199 3885 clericorum
1225 3840 1253 3886 et

107 3914 174 3968 alias
184 3914 364 3970 enormitates
373 3914 666 3983 audiensintendebat
675 3931 724 3968 eos
733 3913 872 3984 corripere
882 3925 909 3970 et
919 3915 955 3968 ad
966 3913 1079 3967 meliora
1090 3930 1253 3982 prouocare3

108 4008 148 4053 set
163 3997 248 4051 nichil
262 4015 341 4052 suam
355 3997 498 4067 preualere
514 3997 701 4052 municionem
720 3995 888 4065 intelligens,
906 4007 1014 4066 partem
1033 4011 1083 4048 sue
1101 3995 1253 4065 prebende,

108 4097 160 4151 que
173 4080 225 4135 sibi
239 4081 275 4135 de
288 4081 333 4135 illa
346 4081 463 4135 ecclesia
479 4081 640 4146 debebatur,
653 4090 681 4136 et
693 4080 749 4134 alia
761 4097 815 4150 que
827 4080 864 4133 ad
878 4079 920 4134 ius
932 4077 1055 4149 episcopi
1075 4078 1252 4149 pertinebant
1266 4096 1299 4145 ⁴0

107 4161 210 4234 petiuit.
248 4163 291 4218 llli
305 4181 370 4218 vero
384 4165 439 4218 hoc
455 4163 601 4218 audientes
620 4161 756 4233 indignati
776 4173 848 4231 sunt,
861 4171 889 4217 et
907 4161 943 4216 ad
963 4161 1125 4232 episcopum
1145 4161 1173 4215 in
1186 4179 1252 4217 veru

108 4247 159 4301 lixa
178 4247 267 4302 frusta
288 4246 380 4302 carnis
401 4263 455 4318 que
476 4247 512 4302 de
532 4247 663 4303 carnibus
683 4245 806 4317 porcinis
827 4257 855 4302 et
876 4243 998 4300 vaccinis
1019 4245 1056 4298 ad
1077 4244 1253 4300 oblacionem

284 4351 293 4380 ²
311 4349 365 4402 MS.
378 4350 573 4402 discernererent.
788 4347 798 4376 ²
816 4350 870 4402 MS.
882 4349 988 4400 firmaret
999 4357 1025 4400 et
1036 4365 1070 4400 rn.
