3054 4904
272 321 319 392 92
585 297 716 384 tutta
741 293 932 398 luamus
956 293 1107 399 {ltalia

271 515 357 556 suam
376 497 519 571 fugiendo
538 497 707 572 relinquere
725 497 881 572 disposuit,
897 507 927 555 et
944 499 1030 572 signo
1048 499 1146 554 crucis
1165 515 1199 555 se
1217 497 1365 566 muniens,
1384 497 1426 553 ad

272 596 392 659 portum
412 587 563 659 quendam
588 586 645 643 iter
666 585 782 644 direxit.
818 586 1091 659 Appropinquante
1115 595 1213 643 autern
1236 605 1273 643 eo
1294 586 1428 658 septima

272 676 321 732 die
340 673 458 730 stationi
477 673 606 744 nauium,
621 673 796 747 quesierunt
812 675 849 730 ab
866 691 903 730 eo
920 684 1009 730 naute
1026 691 1085 747 quo
1103 675 1249 756 tenderet.
1285 673 1427 745 Cumque

273 779 454 834 responsum
477 763 553 835 ‘quo
574 763 715 819 dominus
740 780 808 820 cum
831 780 938 820 vocare
960 762 1140 834 dignaretur,
1158 779 1193 818 se
1213 764 1357 835 pergere¹
1378 760 1427 817 eis

244 849 416 920 5dedisset,
446 849 600 906 adiunxit:
628 849 678 906 ‘Si
706 849 756 922 qui
781 859 915 908 vestrum
938 850 977 906 ad
1001 867 1130 922 presens
1154 849 1348 906 uanstretare
1372 850 1428 906 de·

273 937 416 1008 siderant,
441 955 550 1012 precor
570 947 603 996 vt
626 937 657 994 in
680 938 802 995 nomine
823 937 936 994 domini
962 955 1069 995 cursus
1093 937 1232 994 comitem
1256 947 1287 994 et
1311 937 1427 994 laboris

273 1025 450 1098 participem
480 1044 530 1083 me
561 1025 722 1098 recipiant!
767 1025 822 1082 Cui
847 1025 1005 1082 dixerunt:
1034 1025 1118 1082 ‘Nisi
1146 1035 1283 1082 nostrum
1313 1033 1428 1082 ventus

273 1113 434 1186 impediret
459 1131 589 1184 cursum,
611 1113 670 1170 iarn
692 1115 742 1171 diu
766 1113 915 1170 Minorem
940 1112 1190 1186 applicuissemus
1216 1113 1428 1169 Britanniam:

274 1201 351 1258 etsi
373 1200 441 1258 illuc
465 1203 591 1259 tendere
616 1201 710 1274 cupis,
735 1219 891 1276 quousque
916 1202 954 1258 ad
978 1209 1081 1258 votum
1102 1201 1246 1258 afflauerit
1267 1218 1350 1268 aura,
1372 1200 1427 1256 tibi

230 1311 260 1346 ιο
274 1293 444 1346 necessaria
475 1288 728 1346 ministrabimus!
775 1289 842 1359 Quo
872 1289 981 1357 audito,
1011 1287 1057 1344 vir
1087 1297 1210 1345 sanctus
1239 1287 1429 1346 benedicens

274 1376 439 1446 dominum,
459 1377 542 1432 vultu
561 1375 690 1434 leticiam
709 1378 843 1449 prodens
861 1377 920 1433 ait:
941 1375 1185 1433 ‘Descendamus
1203 1393 1286 1448 ergo,
1306 1376 1428 1446 fratres,

274 1473 375 1536 etque
394 1463 566 1521 necessaria
584 1474 655 1520 sunt
673 1466 890 1538 preparemus!
928 1463 1053 1520 Etcum
1072 1464 1170 1520 subito
1182 1473 1291 1522 ventus
1305 1465 1429 1520 deside·

274 1560 356 1607 ratus
369 1551 464 1621 fieret,
479 1560 509 1608 et
527 1551 669 1624 nauigare
683 1551 859 1624 inciperent,
873 1561 938 1608 orta
950 1559 1128 1624 tempestate
1142 1550 1321 1624 grauissima
1334 1561 1428 1608 naute

275 1639 484 1711 desperantes,
503 1639 619 1710 palmas
637 1641 675 1695 ad
695 1639 792 1697 celum
813 1640 939 1696 tendere
959 1648 988 1696 et
1008 1637 1151 1695 auxilium
1163 1641 1251 1694 adeo
1270 1639 1429 1710 postulare

231 1747 260 1798 ¹5
275 1734 428 1798 ceperunt.
476 1725 630 1783 Excitatus
657 1728 780 1783 tandem
807 1726 854 1782 vir
880 1727 929 1783 dei
953 1725 1064 1794 Ywius,
1088 1727 1137 1799 qui
1163 1727 1290 1798 sopore¹
1316 1744 1430 1799 corpus

275 1812 409 1870 sessum*
431 1813 585 1882 recreauit,
608 1831 715 1886 preces
735 1815 774 1870 ad
794 1815 886 1870 deum
908 1814 1002 1871 ludit:
1022 1823 1053 1871 et
1073 1823 1136 1869 tota
1155 1816 1246 1870 maris
1264 1814 1429 1870 commotio

275 1900 434 1958 confestim
452 1901 631 1974 conquieuit.
707 1889 886 1958 Paraliticus
899 1901 1030 1975 quidam,
1043 1900 1100 1957 nisi
1112 1901 1209 1958 aliena
1221 1917 1314 1957 manu
1327 1901 1429 1958 cibum

275 2005 383 2061 capere
403 2006 464 2044 non
484 1988 597 2058 valens,
616 1990 680 2046 suis
702 1990 795 2046 sacris
814 1991 954 2061 precibus
975 1988 1133 2046 sanitatem
1153 1988 1289 2062 recipere
1309 1990 1429 2045 meruit.

277 2075 396 2133 lnterea
407 2093 480 2133 vero
493 2075 541 2133 dei
554 2075 684 2134 famulus
697 2077 806 2150 vigiliis
819 2076 997 2150 ieiuniisque
1014 2077 1144 2134 assiduis
1156 2093 1267 2148 corpus
1278 2077 1429 2149 affligens,

231 2186 263 2224 ao
276 2162 451 2220 humilitatis
472 2172 501 2219 et
521 2181 647 2236 operum
669 2164 786 2220 virtutis
806 2174 837 2220 et
858 2163 948 2220 totius
969 2164 1135 2221 honestatis
1156 2165 1297 2220 omnibus
1323 2182 1430 2222 exem·

275 2252 359 2324 plum
384 2269 418 2308 se
442 2251 578 2323 prebuit:
606 2261 636 2308 et
660 2251 756 2324 pridie
785 2251 888 2308 Nonas
913 2251 1052 2322 octobris,
1077 2251 1108 2308 in
1135 2251 1244 2308 Minori
1270 2251 1429 2309 Britannia

277 2339 402 2395 feliciter
419 2339 454 2394 ad
472 2340 579 2410 gaudia
598 2341 629 2395 in
648 2348 787 2396 eternum
802 2356 944 2396 mansura
961 2339 1107 2412 migrauit.
1144 2338 1235 2411 Apud
1248 2338 1428 2396 Wiltoniam

276 2427 382 2483 diebus
395 2425 507 2483 nostris
520 2443 630 2499 corpus
649 2426 714 2483 eius
733 2436 870 2484 sanctum
882 2427 1042 2500 quiescens
1061 2427 1092 2483 in
1111 2443 1220 2500 magna
1232 2427 1430 2484 veneratione

276 2514 412 2571 habetur.

311 2703 542 2776 [usnamsz
751 2687 960 2751 tinomao:

233 2849 263 2899 :5
312 2814 423 2882 Abbas
452 2825 559 2882 Zenon
590 2841 659 2883 cum
689 2827 810 2884 sederet
839 2825 922 2883 iuxta
952 2828 1199 2896 cucumerarium,
1226 2828 1374 2884 suadebat
1404 2829 1431 2885 ei

277 2912 396 2970 animus
421 2931 495 2970 suus
516 2913 663 2970 dicendo:
684 2913 787 2970 ‘Tolle
807 2913 859 2970 tibi
882 2932 975 2972 unum
997 2932 1188 2972 cucumerem
1210 2924 1241 2972 et
1262 2917 1432 2971 manduca·

277 3001 336 3072 Qui
354 3001 509 3074 respondit
528 3001 702 3074 cogitacioni
722 3019 793 3060 sue:
813 3001 926 3059 ‘Fures
949 3004 988 3060 ad
1007 3012 1155 3060 tormenta
1176 3003 1308 3060 uadunt:
1334 3005 1433 3076 proba

277 3107 349 3162 ergo
374 3090 505 3161 teipsum
530 3088 556 3144 si
581 3097 668 3161 potes
693 3088 773 3145 serre
798 3093 965 3148 tormenta*
1016 3091 1054 3147 Et
1078 3107 1264 3163 consurgens
1291 3091 1374 3147 stetit
1401 3093 1433 3146 in

277 3193 382 3233 cauma
395 3176 527 3250 quinque
540 3177 655 3242 diebus,
669 3186 699 3233 et
712 3177 829 3234 dicebat
842 3178 927 3250 quasi
940 3180 1059 3235 animus
1075 3179 1141 3235 eius
1155 3181 1193 3234 ad
1207 3179 1307 3251 ipsum
1320 3198 1327 3234 :
1342 3179 1432 3235 ‘Non

232 3292 265 3340 30
277 3281 402 3337 possum
427 3273 547 3336 portare
572 3269 738 3320 tormenta’
781 3265 818 3320 Et
843 3266 892 3321 ille
917 3267 1092 3339 respondit:
1120 3265 1217 3338 ‘Ergo
1242 3282 1302 3321 non
1328 3267 1434 3339 rapias

279 3352 327 3408 et⁴
341 3352 522 3408 manduces!
595 3339 727 3408 ⁶Frater
738 3353 859 3425 quidam
876 3372 915 3410 ex
933 3355 1024 3410 nimia
1043 3354 1228 3411 abstinencia
1243 3353 1386 3411 infirmus
1404 3365 1434 3412 et

277 3438 410 3495 tussiens
430 3440 588 3495 excreabat
607 3439 726 3496 sseuma
764 3440 831 3509 Quo
849 3442 978 3511 nolente,
991 3443 1030 3498 de
1044 3451 1133 3514 sputo
1152 3441 1218 3498 eius
1236 3441 1319 3498 uenit
1338 3459 1435 3514 super

278 3526 369 3582 alium
382 3526 513 3582 fratrem.
550 3526 609 3597 Qui
627 3544 696 3584 cum
714 3545 732 3584 a
751 3527 932 3600 cogitacione
952 3547 1006 3586 sua
1024 3529 1257 3603 compelleretur
1268 3528 1372 3586 dicere
1384 3529 1433 3586 ei:

277 3615 416 3686 ‘quiesce
432 3613 492 3669 iam
512 3623 542 3670 et
564 3631 625 3670 non
645 3615 788 3672 excrees⁶
802 3633 895 3688 super
914 3619 988 3674 me’:
1007 3626 1039 3673 ut
1058 3625 1214 3689 superaret
1230 3617 1435 3689 cogitaciones

234 3729 264 3780 35
279 3719 359 3772 suas,
379 3701 443 3757 tulit
462 3703 542 3773 quod
561 3712 765 3772 excreauerat,
784 3712 814 3760 et
833 3703 954 3761 mittens
976 3703 1006 3760 in
1030 3723 1082 3761 ore
1104 3721 1159 3761 suo
1182 3703 1281 3760 statim
1301 3705 1435 3761 comedit

278 3789 359 3846 illud.
399 3789 436 3845 Et
449 3798 520 3844 tunc
537 3789 616 3862 cepit
634 3791 672 3846 ad
691 3791 826 3863 seipsum
846 3792 963 3850 dicere:
984 3791 1061 3850 ‘Aut
1077 3810 1137 3849 non
1155 3791 1237 3848 dicas
1254 3789 1337 3847 fratri
1350 3795 1434 3865 quod

279 3895 350 3935 eum
363 3877 527 3946 contristet,
542 3887 591 3934 aut
603 3879 751 3935 manduca
763 3879 844 3966 qu‘od
857 3878 1013 3952 horres.']⁷

310 4034 366 4085 ¹E.
379 4038 474 4100 sopori.
568 4035 844 4099 'T.l'essumcorpus.
933 4035 1215 4088 'Civitatem
1307 4037 1437 4088 *vanc

276 4101 286 4131 ⁸
303 4099 343 4150 Cf.
355 4102 429 4154 Vinc.
442 4103 508 4154 Boll.
521 4102 579 4154 XV.
590 4103 632 4152 88.
698 4104 709 4134 ⁸
724 4103 754 4154 T.
772 4119 888 4152 excreas.
955 4101 964 4130 ⁷
982 4103 1082 4153 Collect
1093 4105 1119 4152 in
1131 4102 1175 4154 T.:

311 4165 375 4227 Tua
393 4193 469 4239 prece
490 4192 537 4226 nos
556 4178 668 4227 emunda
685 4183 763 4239 atque
782 4177 831 4225 deo
850 4192 898 4225 nos
918 4179 1079 4237 commenda,
1097 4177 1122 4226 0
1140 4176 1230 4227 Ywie:
1248 4176 1347 4240 Culpas
1366 4177 1437 4238 dele,

279 4258 356 4308 opem
369 4244 444 4292 nobis
456 4244 495 4292 l'er
505 4243 614 4292 medele.
649 4242 679 4292 V.
697 4242 751 4291 Ora
762 4258 810 4305 pro
821 4243 904 4291 nobis.

315 4309 393 4371 Dens
404 4317 447 4379 qui
459 4317 601 4379 preclarum
613 4316 789 4365 consessorem
801 4324 871 4365 tuum
881 4315 982 4366 Ywium
995 4325 1085 4367 eterne
1096 4315 1262 4365 beatitudinis
1273 4317 1439 4369 excellencia

278 4383 430 4444 sublimasti,
448 4384 542 4445 quique
559 4383 732 4446 deposicionis
749 4397 796 4432 sue
813 4382 960 4432 celebritate
978 4383 1129 4433 hodiernam
1146 4383 1215 4432 diem
1233 4383 1310 4432 nobis
1327 4400 1438 4435 uenera-
