3052 4896
94 323 247 374 asan,
261 323 333 389 nn
399 306 473 400 Da
498 303 559 396 s.
584 304 751 402 uiuus
774 305 973 402 Douma
1177 330 1246 405 555

94 509 170 565 feria
189 520 288 582 quarta
309 520 337 566 et
356 510 433 566 omni
455 509 524 566 feria
545 520 624 565 sexta
644 527 717 581 pane
738 520 767 566 et
788 527 863 582 aqua
886 509 1064 567 solummodo
1084 519 1248 577 contentus3

12 623 13 626 ¹
94 592 231 649 carnibus
249 609 316 648 vero
337 609 390 648 nec
405 593 476 649 infra
494 609 546 650 nec
563 603 644 650 extra
661 603 741 664 septa
759 593 920 650 monasterii
937 611 1080 666 umquam,
1099 611 1185 650 sanus
1204 593 1248 649 vel

13 729 19 736 .
94 675 234 744 infimius,
246 675 321 732 vesci
335 677 455 732 uolebat.
491 677 529 734 Et
544 676 677 750 quicquid
689 677 725 732 de
737 677 850 733 cibariis
863 679 906 734 vel
918 677 1088 734 indumentis
1100 677 1153 733 sibi
1167 693 1248 747 regu·

12 791 13 794 =
94 759 194 816 lariter
206 760 424 816 subministratis
436 761 513 816 carni
530 761 651 832 proprie,
663 759 755 816 factus
771 760 907 816 austerior
923 771 951 817 et
967 760 1089 831 rigidior,
1103 760 1248 831 subripere

11 873 22 906 ς-
95 843 199 913 potuit,
211 852 301 898 toturn
320 843 490 914 pauperibus
510 843 613 900 Christi
630 845 666 898 de
681 842 799 899 licencia
814 844 855 899 sui
876 843 1026 915 superioris
1042 844 1094 900 sibi
1113 853 1276 905 concessas

11 959 16 968 ·
95 925 251 994 distribuit,
264 935 292 982 et
306 926 444 983 secrecius
456 927 591 996 erogauit,
605 925 645 981 ita
661 925 737 997 quod
754 926 846 982 nullus
862 926 978 982 omnino
995 927 1141 982 hominurn
1156 936 1248 997 preter

11 1041 22 1074 γ
96 1008 194 1080 ipsum
218 1010 383 1080 largientem
407 1019 435 1066 et
459 1027 611 1082 pauperent
635 1009 817 1081 recipientem
842 1010 971 1066 conscius
993 1009 1059 1066 inde
1080 1011 1152 1076 fuit;
1178 1009 1247 1064 illud

11 1128 16 1158 :
94 1091 292 1162 euangelicum
305 1093 483 1149 laudabiliter
494 1095 668 1150 obseruans:
688 1094 779 1149 ‘Cum
790 1094 860 1149 facis
872 1094 1072 1160 elemosinam,'
1082 1103 1136 1149 etc.
1173 1093 1247 1147 Con·

11 1212 17 1222 ·
97 1179 228 1236 sidereus
240 1179 331 1236 eciam
344 1181 500 1237 monachus
513 1180 566 1237 iste
579 1190 607 1237 et
615 1179 754 1236 subtiliter
762 1181 938 1252 perpendens
951 1181 1019 1237 illud
1029 1181 1103 1252 quod
1114 1181 1246 1252 scriptum

11 1297 16 1328 :
95 1272 163 1319 est:
182 1263 233 1318 ‘ln
252 1263 425 1336 multiloquio
442 1263 489 1320 vix
511 1264 598 1320 deerit
620 1265 785 1336 peccatum,'
803 1274 831 1320 et
853 1263 981 1320 similiter
999 1265 1149 1320 aduertens
1170 1263 1246 1335 quod
1262 1276 1293 1314 ro

11 1381 13 1416 ÷
94 1362 309 1418 nonnumquam
328 1365 362 1403 ex
386 1347 522 1420 frequenti
546 1348 685 1420 colloquio
710 1363 810 1404 sensus
834 1347 948 1402 interior
971 1347 1142 1414 distrahitur,
1167 1363 1246 1401 mens

11 1465 13 1484 2
95 1447 116 1484 a
140 1429 222 1484 firmo
245 1431 388 1501 proposito
411 1431 518 1502 rapitur
541 1441 570 1487 et
593 1431 631 1486 ad
655 1429 747 1486 minus
767 1429 845 1485 vtilia
869 1432 1018 1501 cogitanda
1040 1431 1135 1487 multis
1154 1428 1248 1485 modis

11 1549 13 1554 ,
96 1517 250 1588 deriuatur,
263 1519 438 1576 consciencie
451 1520 557 1590 puritas
570 1519 739 1589 denigratur,
753 1529 780 1574 et
797 1519 886 1574 multa
904 1519 960 1575 alia
977 1518 1207 1576 inconueniencia
1220 1527 1247 1573 et

11 1633 13 1638 ,
96 1600 229 1672 precipue
247 1603 314 1658 viris
333 1603 470 1673 religiosis
488 1613 602 1674 propter
618 1603 742 1672 linguam
758 1602 851 1657 minus
868 1613 949 1658 caute
965 1603 1134 1658 refrenatam
1154 1602 1247 1672 sepius

96 1685 286 1751 suboriuntur,
311 1697 432 1743 testante
458 1685 561 1742 lacobo
586 1685 613 1741 in
638 1687 757 1756 epistola
782 1701 841 1751 sua,
854 1685 981 1742 dicente:
1009 1686 1056 1742 ‘Si
1081 1687 1142 1758 quis
1167 1694 1247 1756 putat
1262 1697 1290 1750 15

95 1768 259 1838 religiosum
272 1787 333 1825 esse
346 1787 402 1824 non
415 1771 558 1826 refrenans
570 1769 695 1840 linguam
708 1787 788 1824 suam
804 1779 867 1837 etc,
879 1769 961 1824 huius
973 1787 1047 1826 vana
1058 1782 1101 1826 est
1113 1767 1245 1838 religio';

95 1862 127 1908 et
147 1851 215 1908 alibi
235 1853 367 1924 scriptum
386 1864 449 1909 est:
477 1853 565 1926 ‘Quis
586 1863 629 1910 est
651 1852 698 1924 qui
718 1870 776 1907 non
795 1852 932 1925 delinquit
951 1853 979 1908 in
998 1853 1093 1923 lingua
1112 1851 1198 1909 suai'
1218 1860 1246 1906 et

95 1935 186 1990 alibi:
222 1937 293 2007 ‘Qui
318 1937 439 1993 custodit
463 1953 495 1992 os
518 1953 599 1992 suum
625 1947 652 1992 et
677 1936 802 2005 linguam
832 1952 921 2004 suam,
946 1953 964 1990 a
991 1935 1086 1991 multis
1117 1933 1246 2007 periculis

96 2019 221 2074 custodit
244 2019 369 2075 animam
394 2021 511 2075 suam’:
539 2019 683 2091 premissis
703 2019 834 2074 omnibus
856 2018 1039 2074 consideratis
1057 2019 1136 2074 fedus
1159 2017 1246 2073 indis·

96 2101 216 2157 solubile
229 2117 292 2158 cum
304 2102 481 2158 consciencia
489 2120 540 2159 sua
548 2102 692 2174 pepigerat
700 2111 729 2158 vt
739 2119 793 2157 nec
803 2099 892 2172 [cum]
901 2113 969 2157 noto
979 2117 1031 2158 nec
1041 2119 1105 2157 curn
1113 2111 1245 2156 extraneo
1260 2120 1291 2157 20

95 2185 267 2256 colloquium
292 2186 407 2242 haberet
432 2187 486 2242 nisi
513 2188 627 2258 quando
651 2184 829 2241 racionabilis
849 2200 951 2254 vrgens
971 2185 1053 2240 valde
1077 2195 1105 2240 et
1128 2185 1246 2240 honesta

95 2267 251 2324 necessitas
276 2269 368 2339 ipsum
393 2270 431 2325 ad
454 2270 509 2325 hoc
534 2269 722 2340 compelleret,
747 2284 826 2324 sacre
856 2267 991 2338 scripture
1019 2283 1075 2322 non
1099 2267 1246 2322 immemor

95 2350 235 2408 dicentis:
256 2353 347 2408 ‘Cum
372 2352 487 2408 silencio
506 2363 534 2409 et
553 2352 682 2408 oracione
704 2367 756 2422 age
782 2350 858 2421 quod
879 2351 941 2421 agis
963 2349 990 2405 in
1009 2350 1143 2406 veritate?
1181 2349 1245 2405 lliis

96 2433 192 2504 itaque
214 2433 357 2504 premissis
383 2435 522 2504 omnibus,
542 2445 569 2492 et
589 2435 651 2490 aliis
671 2433 852 2506 quammultis
871 2435 1005 2489 virtutum
1030 2433 1168 2505 preconiis
1193 2433 1246 2489 iste

95 2517 251 2572 monachus
271 2516 430 2589 insignitus,
449 2529 476 2574 et
496 2519 531 2575 de
549 2518 651 2574 virtute
670 2519 707 2573 ad
725 2516 856 2572 virtutem
877 2533 989 2588 semper
1008 2518 1174 2586 ascendens,
1194 2516 1246 2572 sub
1261 2538 1290 2589 ²⁵

96 2601 196 2669 regula
207 2599 282 2655 beati
297 2601 440 2657 Benedicti
460 2601 488 2657 in
507 2603 561 2658 lroc
580 2601 750 2657 monasterio
768 2617 818 2671 per
835 2601 959 2671 spacium
973 2599 1087 2671 triginta
1099 2617 1245 2666 annorum,

96 2683 195 2738 diuina
209 2695 378 2755 cooperante
399 2686 498 2756 gratia,
517 2685 681 2756 regulariter
693 2695 720 2740 et
738 2683 915 2740 laudabiliter
926 2683 1002 2740 vixit.
1023 2690 1034 2750 ΙΙ
1056 2688 1141 2740 Anno
1164 2684 1246 2755 igitur

97 2765 303 2823 incarnacionis
340 2767 481 2824 dominice
518 2769 667 2824 millesimo
704 2767 898 2823 ducentesimo
927 2767 1109 2838 nonagesimo
1138 2767 1245 2840 quinto,

96 2850 223 2905 secunda
241 2849 287 2905 die
306 2852 412 2907 mensis
428 2851 556 2922 Augusti,
569 2869 619 2923 per
637 2851 713 2906 diem
733 2851 844 2919 Martis,
857 2850 884 2905 in
904 2849 1026 2906 crastino
1045 2849 1151 2905 scilicet
1168 2850 1245 2906 beati

97 2932 174 2988 Petri
187 2933 224 2988 ad
236 2932 363 2990 uincula:
382 2935 462 3005 graui
479 2951 581 3005 guerra
596 2933 669 2990 inter
685 2951 766 3004 reges
778 2933 880 3004 Anglie
898 2943 926 2988 et
946 2934 969 2988 F
970 2933 1066 2988 rancie
1086 2934 1199 2988 suborta
1216 2943 1245 2987 et
1259 2948 1291 2998 30

96 3015 172 3072 inter
183 3033 233 3072 eos
245 3017 294 3073 diu
306 3018 476 3086 continuata,
486 3018 602 3074 tandem
614 3035 662 3072 rex
675 3016 794 3072 Francie
801 3015 893 3087 parari
904 3015 970 3072 fecit
982 3033 1115 3086 magnam
1125 3015 1245 3070 classem

96 3100 247 3171 piraticam
265 3117 381 3157 numero
400 3101 550 3172 grandium
567 3101 682 3157 nauium
701 3100 926 3172 quingentarum,
945 3115 1009 3154 cum
1029 3115 1134 3169 magna
1152 3098 1245 3154 multi·

96 3183 196 3239 tudine
220 3185 390 3256 scapharum
414 3195 442 3241 et
466 3187 610 3257 galearum
640 3183 681 3240 eis
713 3182 944 3251 consociatamm,
969 3200 1023 3253 qoe
1047 3200 1123 3238 anno
1146 3193 1174 3238 et
1198 3181 1245 3236 die

96 3267 267 3338 supradictis
298 3269 327 3323 in
359 3279 440 3339 portu
472 3271 607 3340 Douorye
631 3267 823 3340 applicuerunt
847 3277 950 3323 terram
974 3265 1076 3336 Anglie
1106 3265 1245 3322 hostiliter

96 3351 230 3420 inuasuri,
249 3362 278 3407 vt
296 3353 416 3408 eandem
438 3363 542 3409 terram
560 3352 661 3424 Anglie
683 3351 755 3422 regis
775 3349 893 3406 Francis
911 3349 1035 3405 dominio
1054 3349 1245 3420 subiugarent.
1258 3365 1290 3416 ³5

97 3437 144 3490 Ex
155 3432 256 3506 quibus
268 3435 387 3492 nauibus
400 3445 428 3492 et
441 3437 560 3492 nauellis
573 3436 646 3492 circa
658 3437 758 3491 horam
770 3433 885 3490 terciam
903 3433 975 3488 illius
988 3431 1042 3488 diei
1060 3433 1204 3489 exilierunt
1216 3441 1244 3488 et

95 3519 135 3574 ad
148 3527 251 3574 terram
264 3535 295 3576 se
307 3519 444 3576 dederunt
455 3519 615 3592 quindecim
630 3517 707 3574 milia
714 3517 898 3589 vespilionum
911 3535 960 3572 seu
973 3516 1137 3588 predonum,
1148 3515 1244 3584 scutis,

98 3599 207 3672 clipeis,
226 3601 325 3672 hastis,
347 3602 453 3670 iaculis,
474 3602 558 3673 gesis,
578 3611 606 3658 et
626 3619 661 3658 ex
681 3601 757 3657 omni
776 3617 881 3672 genere
902 3617 1044 3656 armorum
1063 3611 1092 3656 et
1112 3600 1244 3671 precipue

95 3685 193 3742 ferreis
215 3686 339 3756 preclare
358 3686 533 3742 radiantibus
551 3685 660 3743 fortiter
677 3684 863 3740 munitorum:
885 3682 931 3754 qui
952 3684 1047 3739 statim
1069 3693 1244 3756 apponentes

96 3769 200 3840 ignem,
225 3769 326 3825 domos
350 3769 483 3841 plurimas
508 3769 536 3824 in
561 3769 627 3824 villa
657 3767 783 3825 Douorie
807 3777 1039 3836 concremarunt;
1070 3777 1113 3823 set
1137 3767 1242 3822 nullam
1256 3779 1290 3832 40

96 3852 201 3908 ibidem
211 3851 767 3921 inuenientesresistenciam,ducentibus
776 3850 894 3906 inimicis
902 3851 1005 3906 nostris
1014 3848 1242 3918 Calaisiensibus,

96 3937 135 3992 ad
165 3935 219 3991 lroc
249 3936 450 3992 monasterium
479 3933 644 3992 festinanter
673 3943 865 4006 peruenerunt.
915 3933 969 4005 Qui
1000 3943 1096 4004 portas
1126 3931 1243 3989 ecclesie

96 4019 259 4075 monasterii
279 4019 495 4092 circumquaque
507 4019 654 4086 vallantes,
666 4019 711 4074 dei
730 4017 829 4074 timore
847 4017 1012 4088 postposito,
1025 4015 1160 4073 violenter
1177 4031 1242 4072 con·

96 4103 249 4174 fregerunt,
273 4112 301 4160 et
325 4103 392 4174 igne
416 4103 544 4159 similiter
568 4103 801 4168 combusserunt3
830 4111 859 4157 et
883 4100 1081 4171 ingredientes,
1105 4109 1242 4173 quotquot

97 4185 264 4242 inuenerunt
290 4185 442 4242 familiares
470 4185 540 4242 infra
568 4196 648 4257 septa
673 4185 888 4241 deambulantes
910 4185 1013 4240 cnrdeli
1035 4194 1126 4240 morte
1147 4183 1242 4240 statim
1258 4200 1290 4253 45

97 4277 283 4341 peremerunt,
302 4269 405 4326 deinde
423 4269 554 4326 domibus
573 4268 668 4326 inultis
683 4267 805 4324 flammis
822 4267 890 4324 inibi
912 4267 1028 4336 traditis,
1041 4284 1092 4338 per
1103 4283 1202 4322 omnes
1214 4276 1242 4323 et

96 4351 222 4424 singulas
239 4351 366 4409 officinas
378 4353 502 4410 velocius
520 4351 717 4421 discurrentes,
729 4350 863 4425 quicquid
875 4351 904 4408 in
916 4352 957 4408 eis
968 4350 1088 4408 euellere
1100 4349 1145 4406 vel
1157 4365 1242 4406 manu
