3064 4888
251 295 325 384 476
569 287 700 374 uota
725 283 915 388 tarenta
940 281 1091 386 unqu.
1195 283 1400 358 [nunna

252 469 455 544 Sapientiam
468 487 595 544 quarum
608 479 694 544 pater
706 488 760 528 rex
773 478 847 539 erat,
860 471 915 526 sed
927 484 1069 542 paganus
1098 465 1198 524 Huius
1213 475 1314 522 autem
1327 481 1401 520 con-

251 558 391 616 sobrinus
404 569 525 616 sanctus
539 558 590 616 tuit
602 559 747 628 Donatus,
756 558 809 631 qui
821 567 926 631 postea
940 557 1038 612 Rome
1050 554 1160 612 lactus¹
1175 570 1262 627 papa,
1275 551 1400 608 nomine

251 646 383 702 mutato²
405 647 503 703 dictus
532 657 579 703 est
606 645 760 704 ciriacus:
791 645 842 719 qui
868 646 956 702 etiam
984 643 1129 712 occubuit,
1158 642 1260 698 relicto
1288 649 1400 713 papatu

251 735 373 791 easdem
396 733 526 806 virgines
548 744 703 806 sequutus,
726 751 794 790 cum
822 733 881 790 illis
906 733 1111 804 interemptus.
1159 728 1276 786 Prelata
1299 729 1402 800 itaque

224 836 238 886 5
254 820 345 878 Lucia
364 821 499 894 prudens
516 831 547 877 et
565 837 713 894 generosa
730 820 828 877 extitit
840 837 899 876 vna
914 821 953 877 de
968 819 1180 892 principalibus
1192 815 1331 873 vndecim
1342 815 1402 870 vir-

251 908 370 981 ginibus
394 927 453 982 que
474 909 571 981 capita
591 907 711 965 luerunt
734 917 765 964 et
790 909 942 980 principes
962 907 1053 964 totius
1077 904 1199 978 [sacti]⁸
1217 903 1345 976 collegii,
1370 911 1402 959 et

251 995 307 1053 hec
327 996 409 1053 mille
427 996 536 1070 prefuit
548 995 723 1068 virginibus,
738 996 879 1068 magistra
897 995 1014 1050 illarum
1028 994 1169 1050 existens
1206 992 1317 1049 Sancta
1328 1007 1401 1063 quo-

251 1101 311 1156 que
329 1083 452 1141 Osanna
470 1093 536 1140 erat
554 1083 614 1140 lilia
632 1083 754 1156 Rogerii
773 1084 865 1148 ducis,
886 1081 1004 1155 cognati
1023 1083 1110 1138 beate
1130 1081 1269 1137 Pinnose.
1307 1079 1402 1134 Porro

252 1181 355 1228 sancta
377 1169 540 1244 Sapientia,
558 1171 643 1243 virgo
667 1171 791 1242 sapiens
813 1181 842 1226 et
865 1171 974 1227 nobilis
996 1169 1081 1226 cuius
1106 1168 1195 1241 paulo
1218 1177 1290 1224 ante
1315 1183 1402 1222 men·

208 1273 238 1310 ro
252 1258 363 1316 tionem
377 1258 511 1328 fecimus,
524 1259 610 1316 beate
624 1258 733 1314 Vrsule
746 1259 935 1327 consobrina,
948 1275 1006 1314 vna
1020 1257 1110 1313 etiam
1129 1257 1168 1312 de
1185 1254 1402 1327 principalibus

251 1347 398 1416 undecim,
414 1346 593 1402 auunculum
614 1345 741 1402 habebat
760 1347 790 1400 in
809 1347 915 1402 eodem
935 1345 1075 1402 comitatu
1095 1361 1187 1412 sacro,
1206 1342 1401 1398 Eustachium

252 1433 383 1502 nomine,
396 1433 446 1506 qui
463 1451 566 1490 comes
581 1433 704 1490 illustris
723 1442 787 1489 erat
805 1442 836 1490 et
855 1441 972 1504 potens,
984 1431 1068 1489 cuius
1080 1449 1157 1488 vxor
1175 1430 1278 1487 Sibilia
1297 1439 1403 1486 vocata

252 1530 307 1578 est.
345 1520 403 1576 Hic
429 1521 507 1577 idem
532 1537 607 1577 sane
630 1538 733 1578 comes
757 1531 874 1592 septem
900 1520 1001 1576 habuit
1023 1519 1107 1588 filias,
1135 1535 1260 1591 quarum
1287 1533 1348 1572 vna
1370 1515 1402 1571 in

252 1619 332 1666 terra
347 1609 405 1665 iam
419 1610 533 1665 obierat
551 1609 661 1678 natiua,
674 1609 730 1666 sed
747 1625 803 1664 sex
820 1608 933 1680 relique
945 1607 1093 1680 virginum
1107 1607 1258 1662 beatarum
1274 1613 1403 1676 sequute

209 1715 238 1765 ¹5
253 1705 323 1754 sunt
353 1696 481 1769 agmina.
530 1695 664 1766 Quarum
689 1697 812 1752 nomina
836 1705 905 1752 sunt
937 1695 1013 1752 hec:
1047 1693 1214 1766 Margarita,
1241 1691 1404 1760 Florentia,

255 1783 394 1854 Eusebia,
421 1784 592 1857 Margarita,
612 1783 796 1856 Walburgis,
827 1793 857 1840 et
890 1782 1069 1838 Eleutheria.
1108 1781 1222 1838 Harum
1252 1779 1404 1853 siquidem

253 1889 390 1928 sororum
419 1881 482 1928 tres
509 1872 623 1928 maritis
652 1871 797 1943 copulate,
822 1881 852 1927 et
881 1871 995 1943 relique
1025 1880 1088 1926 tres
1113 1869 1243 1942 virgines
1273 1867 1403 1924 luerunt.

255 1959 343 2017 Pater
361 1960 460 2033 itaque
479 1960 644 2016 earundem
662 1959 792 2015 filiarum
810 1976 875 2028 sex,
893 1967 923 2014 et
943 1967 1046 2026 mater,
1061 1957 1144 2013 tum⁴
1158 1956 1274 2012 illarum
1293 1955 1403 2011 affectu

253 2056 317 2103 tum
337 2065 392 2120 spe
414 2047 536 2103 martirii
553 2047 682 2116 excitati,
702 2046 814 2104 relictis
833 2045 1025 2118 dignitatibus
1040 2054 1071 2101 et
1089 2044 1176 2100 terris
1194 2045 1311 2115 sequuti
1333 2051 1406 2098 sunt

211 2134 339 2204 rutilias,
361 2153 415 2208 pro
438 2135 557 2192 Christo
579 2135 654 2190 mori
677 2133 895 2191 desiderantes.
941 2132 1079 2206 Denique
1102 2132 1182 2189 idem
1202 2147 1306 2188 comes
1326 2130 1404 2186 Eus-

253 2223 369 2280 tachius
390 2223 511 2280 fratrem
532 2223 659 2279 habebat
679 2223 855 2296 episcopum
875 2221 925 2295 qui
946 2220 1137 2278 Eleutherius
1159 2229 1206 2276 est
1226 2219 1404 2292 appellatus

257 2309 314 2367 llic
332 2310 477 2381 similiter,
495 2311 608 2367 abiecta
625 2311 815 2383 pontificatus
835 2309 986 2382 dignitate,
1007 2308 1129 2365 fratrem
1145 2316 1290 2380 sequutus
1307 2315 1355 2363 est
1374 2317 1405 2363 et

255 2407 363 2471 neptes
373 2397 393 2468 ⁵,
410 2399 537 2456 exulans
553 2408 583 2455 et
601 2399 667 2472 ipse
688 2416 744 2471 pro
761 2399 882 2454 domino
892 2397 910 2453 ⁶.
948 2397 1042 2453 Porro
1058 2396 1209 2452 comitissa
1228 2411 1305 2451 vxor
1324 2395 1404 2450 Eus-

254 2485 342 2541 tachii
356 2487 497 2542 iamdicti
511 2486 635 2554 comitis,
649 2486 772 2542 fratrem
791 2485 891 2542 habuit
908 2485 1038 2541 nobilem
1051 2483 1216 2557 principem
1230 2493 1259 2538 et
1272 2483 1404 2554 probum

211 2589 240 2638 ²5
254 2572 304 2645 qui
324 2573 419 2629 dictus
438 2585 485 2629 est
505 2573 683 2641 Macharius,
701 2583 732 2630 et
751 2573 799 2630 hic
817 2589 886 2630 cum
904 2580 1031 2646 quatuor
1049 2571 1165 2628 filiabus
1182 2571 1341 2628 adiunctus
1358 2581 1406 2628 est

254 2660 322 2716 illis.
359 2660 493 2730 Quarum
503 2679 561 2717 vna
577 2661 746 2734 Margarcta
758 2661 920 2728 dicebatur,
933 2659 1008 2716 alie'
1022 2659 1147 2730 Serena,
1159 2659 1284 2726 Aleidis,
1299 2658 1405 2714 Mitro-

255 2748 303 2804 nia
310 2747 329 2802 Η.
367 2747 527 2805 Helindius
540 2749 629 2805 etiam
642 2749 758 2806 minor'
771 2751 833 2806 dux
849 2747 965 2817 nobilis,
979 2747 1168 2820 supradictus
1180 2747 1258 2803 lilius
1276 2747 1374 2819 patrui
1384 2747 1406 2780 ¹⁰

255 2835 341 2891 beate
352 2835 470 2904 Vrsule,
484 2854 552 2893 cum
566 2837 657 2894 Anna
669 2855 762 2894 vxore
779 2837 961 2909 sequebatur
973 2837 1049 2892 duas
1062 2835 1146 2900 filias,
1159 2843 1293 2891 sanctam
1308 2834 1404 2906 Spem

254 2931 284 2980 et
309 2924 427 2980 beatam
454 2923 651 2980 Eusrosinam.
694 2924 823 2981 Adhesit
848 2923 1044 2980 nihilominus
1068 2923 1114 2980 eis
1138 2923 1223 2978 beata
1247 2921 1404 2987 Blandula

210 3029 241 3078 30
254 3011 371 3067 comitis
389 3011 544 3068 cuiusdam
562 3011 753 3068 illustrissimi
770 3011 839 3080 lilia,
852 3011 936 3069 cuius
953 3021 1049 3069 mater
1060 3019 1124 3068 erat
1138 3019 1298 3068 matertera
1315 3011 1404 3066 beate

256 3098 417 3171 Sapientie,
432 3101 485 3172 [et]
499 3108 601 3157 sancte
613 3099 722 3156 Vrsule
740 3109 874 3172 cognata.

314 3237 338 3297 li
358 3237 444 3307 Quod
459 3238 628 3311 quindecim
642 3237 851 3310 principalium
864 3237 1013 3311 virginum
1027 3236 1074 3293 hic
1088 3235 1183 3294 series
1196 3245 1342 3302 narratur,

482 3327 621 3399 aciesque
634 3327 843 3382 vniuersarum
857 3327 894 3382 ad
907 3325 1004 3382 iteret
1017 3325 1179 3382 instruitur.

292 3414 389 3485 Beata
417 3427 526 3485 Vrsula
553 3440 720 3487 ceterarum
747 3431 864 3490 ductrix
889 3441 919 3488 et
945 3431 1056 3504 regina,
1081 3438 1153 3486 nutu
1176 3429 1224 3484 dei
1246 3427 1405 3501 episcopo·

255 3534 382 3589 rumque
402 3517 526 3572 consilio
543 3517 676 3590 quicum
694 3519 871 3588 caluerunt,
887 3518 1013 3591 nauigiis
1030 3515 1208 3592 preparatis,
1221 3516 1375 3573 accercitis
1386 3517 1404 3548 ¹¹

255 3605 292 3660 ad
306 3621 337 3660 se
350 3605 594 3676 prudentioribus
613 3615 674 3662 tam
693 3607 843 3680 virginum
855 3623 945 3680 quam
964 3606 1103 3674 virorum,
1117 3612 1276 3660 numerant
1286 3603 1305 3635 Η
1317 3605 1405 3660 soda-

210 3709 241 3760 ³5
255 3691 328 3748 lium
358 3691 446 3762 acies,
468 3693 649 3750 constituunt
674 3694 836 3767 principes,
855 3695 968 3767 eligunt
993 3693 1190 3766 sapientiores
1199 3693 1219 3723 Η
1243 3689 1404 3764 animoque

255 3780 472 3837 constantiores
491 3782 630 3838 vndecim
655 3782 796 3856 virgines.
841 3781 955 3838 Diuisis
980 3781 1077 3855 itaque
1102 3780 1250 3851 virginum
1275 3779 1405 3848 milibus,

255 3867 373 3925 cuilibet
394 3868 558 3924 millenario
577 3887 666 3925 vnam
693 3871 833 3942 delegant
843 3869 864 3901 Η
885 3886 923 3926 ex
946 3868 1003 3924 hiis
1024 3867 1161 3925 vndecim
1181 3865 1356 3938 magistram
1375 3878 1405 3923 et

255 3955 431 4029 principem.
471 3955 571 4028 Super
598 3957 738 4013 uniuersa
764 3957 879 4031 quippe
903 3973 1056 4013 sacrarum
1067 3955 1088 3986 Η
1111 3954 1260 4026 virginum
1285 3955 1405 4026 agmina

255 4044 312 4100 iste
331 4043 429 4116 prime
444 4043 605 4100 extiterunt
615 4043 635 4076 Η
647 4054 677 4102 et
692 4046 839 4102 maiores:
861 4045 953 4101 Beata
965 4044 1084 4114 Visula,
1097 4041 1224 4116 piissimi
1239 4042 1320 4114 regis
1337 4043 1404 4112 lilia,

287 4159 439 4207 ¹B.t'.luit.
536 4157 722 4209 'Emutatus
818 4158 894 4209 ³om.
988 4157 1045 4206 ⁴13.
1058 4172 1122 4207 cum.
1216 4154 1272 4204 ιΕ.
1286 4164 1405 4217 nepotes.

254 4222 312 4273 ⁸13.
325 4225 437 4276 Christo.
502 4223 578 4276 'om
590 4227 616 4274 in
629 4227 659 4276 B.
727 4225 783 4274 ¹13.
794 4224 927 4275 blicronia
993 4224 1050 4272 ΗΒ.
1060 4224 1152 4273 iunior.
1220 4221 1239 4251 ¹⁰
1256 4222 1286 4270 B.
1296 4231 1403 4283 patrem.

256 4289 272 4318 Η
293 4289 321 4338 B.
335 4291 430 4340 accitis.
535 4293 553 4320 Η
571 4292 599 4340 E.
613 4299 755 4341 munerant.
865 4293 884 4322 Η
902 4290 933 4342 B.
947 4291 1098 4340 sanctiores.
1199 4287 1219 4318 Η
1236 4288 1268 4338 B.
1280 4288 1405 4350 deligunt

255 4353 274 4384 Η
290 4355 470 4406 B.socia1um.
536 4356 555 4386 Η
571 4357 600 4406 Ε.
613 4363 767 4408 exteterunt.
