3054 4904
430 321 954 434 pneumaticum
1219 336 1265 424 85

115 526 241 584 honoris
257 536 287 585 et
303 526 413 600 quietis
431 528 515 585 locus
533 547 551 584 a
568 529 626 585 deo
643 529 784 601 prouisus
802 538 857 587 est.
895 529 962 600 Quo
982 547 1051 587 cum
1069 531 1266 604 peruenisset,

113 613 190 670 vidit
211 631 360 687 personas
377 625 504 689 quatuor
525 615 642 673 decoris
664 617 775 685 eximii,
794 626 914 674 sanctos
934 617 1072 675 videlicet
1094 617 1216 674 Petrum
1239 628 1268 674 et

114 702 282 772 Andream,
309 703 467 760 Paulinum
494 713 524 760 et
550 703 765 762 Ythamarum:
797 721 925 777 quonum
952 723 1030 762 vnus
1058 705 1268 779 pontificaliter

113 789 259 847 infulatus
271 800 342 848 ante
358 791 453 848 altare
468 791 558 859 venit,
571 791 657 865 quasi
673 809 728 865 pro
746 792 851 850 salutis
868 809 923 849 sue
938 793 1166 866 impetratione¹
1179 793 1268 850 llexis

113 878 244 949 genibus
265 877 452 951 supplicauit.
488 877 573 937 Tunc
594 878 833 952 expergefactus,
853 889 883 938 et
905 882 1023 938 sanitati
1045 881 1188 952 redditus,
1210 883 1295 950 deo5

113 967 228 1038 gratias
240 965 398 1024 rescrebat.

573 1106 628 1196 (lli
643 1121 782 1180 Narratio
790 1122 809 1182 ⁸.

152 1256 247 1328 Circa
265 1287 379 1327 annum
403 1271 515 1327 domini
540 1270 795 1327 sexcentesimum
814 1270 988 1328 vicesimum
1013 1281 1133 1328 sanctus
1158 1271 1268 1328 Paulus

114 1357 286 1414 Leonensis
299 1358 469 1432 episcopus,
479 1376 548 1415 cum
557 1360 690 1415 venisset
702 1359 739 1414 ad
752 1361 875 1416 domum
889 1359 1000 1416 sororis
1013 1377 1067 1415 sue
1080 1361 1137 1416 deo
1150 1360 1268 1429 deuote,

113 1462 209 1517 super
222 1446 304 1502 littus
320 1446 413 1502 maris
431 1445 593 1503 Britannici
612 1447 716 1517 sitam;
737 1455 858 1518 rogatus
879 1447 917 1503 ab
933 1464 970 1503 ea
985 1464 1107 1520 precem
1121 1447 1159 1504 ad
1177 1448 1268 1504 deum

114 1532 190 1588 fudit
204 1533 343 1606 quatinus
355 1541 464 1590 statuto
479 1533 588 1590 fluctus
605 1533 697 1590 maris
713 1543 904 1591 coerceretur
918 1535 1012 1604 alueo,
1025 1543 1055 1592 et
1071 1543 1152 1591 terra
1168 1544 1268 1608 optata
1283 1551 1315 1587 10

114 1619 215 1692 aliquo
233 1621 290 1676 sibi
309 1621 502 1694 ampliaretur
520 1622 630 1694 spacio.
667 1621 804 1694 Cumque
823 1621 922 1678 subito
937 1639 1019 1679 mare
1038 1625 1134 1680 vndas
1149 1621 1267 1695 [re]tra-

115 1708 199 1777 here,
211 1717 242 1763 et
260 1718 339 1764 terra
354 1710 432 1765 sicca
449 1727 597 1783 apparere
611 1708 750 1782 cepisset,
769 1710 807 1765 ab
823 1709 956 1766 oratione
971 1709 1084 1783 pariter
1098 1719 1224 1782 surgunt
1238 1720 1268 1767 et

114 1797 154 1852 ad
180 1795 277 1868 ripam
301 1796 455 1854 accedunt.
499 1797 584 1853 Tunc
611 1797 722 1854 Paulus
749 1798 844 1854 sorori
868 1798 996 1870 imperat
1019 1806 1051 1854 vt
1074 1797 1106 1854 in
1130 1797 1268 1854 manibus

115 1882 234 1956 lapillos
258 1885 296 1940 ad
318 1885 409 1940 maris
429 1885 596 1957 marginem
615 1885 731 1942 deserat
754 1894 785 1943 et
809 1887 892 1942 iuxta
916 1885 997 1941 illam
1019 1902 1075 1958 per
1098 1885 1268 1958 spaciorum

115 1971 276 2028 interualla
300 1972 435 2029 dimittat
474 1973 557 2030 Mille
581 1990 711 2046 namque
735 1972 876 2046 passibus
897 1973 948 2031 vel
971 1973 1100 2046 amplius
1124 1990 1180 2046 per
1203 1972 1268 2032 eius
1284 1987 1313 2037 15

114 2060 284 2116 orationem
308 2067 389 2116 terra
413 2060 498 2133 aquis
522 2061 670 2117 exhausta
694 2059 755 2118 fuit.
793 2060 936 2118 Oratione
958 2078 1031 2118 vero
1055 2077 1147 2133 super
1170 2060 1268 2133 ripam

116 2148 227 2204 iterum
246 2148 403 2220 completa,
423 2148 532 2206 Paulus
551 2150 589 2205 ad
609 2167 692 2205 mare
714 2165 880 2205 conuersus
901 2147 958 2206 ait:
988 2147 1121 2220 ‘Lapilli,
1143 2165 1219 2221 quos
1237 2148 1268 2204 in

115 2235 228 2292 finibus
240 2235 300 2292 tuis
315 2236 410 2308 posui,
424 2237 483 2293 sint
496 2237 526 2292 in
539 2236 658 2310 signum
674 2237 753 2293 inter
770 2254 820 2292 me
839 2245 869 2292 et
886 2244 923 2306 te,
937 2244 969 2292 vt
983 2235 1103 2292 denuo⁴
1115 2253 1268 2308 nunquam

114 2341 171 2380 eos
193 2325 362 2396 transgredi
381 2342 438 2381 nee
460 2324 515 2381 hec
537 2333 638 2380 nostra
659 2323 806 2380 territoria
825 2323 941 2396 ingredi
962 2324 1140 2396 presumas!
1176 2322 1269 2380 Cuius

115 2409 267 2468 sermonis
294 2411 455 2484 imperium
479 2429 575 2484 vsque
602 2412 690 2468 hodie
719 2420 878 2468 conseruat
904 2411 1060 2468 horridum
1088 2409 1180 2467 maris
1208 2412 1267 2468 ele·
1284 2428 1315 2464 ιο

115 2508 262 2556 mentum.
300 2498 363 2554 illis
381 2500 504 2555 domum
520 2499 677 2572 regressis,
693 2498 832 2556 viderunt
846 2497 944 2555 subito
958 2497 1076 2572 lapillos
1094 2495 1195 2556 diuina
1209 2499 1268 2555 vir·

114 2596 181 2644 tute
199 2587 374 2660 columpnas
393 2586 526 2659 lapideas
545 2587 620 2643 mire
639 2586 852 2660 magnitudinis
870 2585 981 2644 iactos:
1008 2595 1039 2642 et
1056 2586 1106 2642 via
1123 2603 1212 2659 quam
1231 2605 1268 2644 eo

114 2674 167 2730 die
186 2691 242 2747 per
261 2673 377 2732 medias
393 2673 460 2730 illas
478 2675 655 2746 columpnas
674 2673 848 2732 incedentes
863 2682 1033 2745 tenuerunt,
1052 2674 1150 2730 adhuc
1166 2691 1184 2730 a
1202 2673 1268 2730 Bri-

114 2761 253 2818 tonibus⁵
266 2762 389 2834 ‘semita
402 2761 502 2819 Pauli'
514 2761 668 2820 vocitatur.

591 2983 616 3044 tl
631 2981 770 3038 Narratio
777 2981 797 3037 ⁸.

154 3118 248 3190 Circa
269 3148 381 3187 annum
399 3130 512 3187 domini
532 3129 794 3202 nongentesimum
816 3127 1097 3201 quinquagesimum
1118 3126 1219 3183 floruit
1236 3126 1267 3182 in
1284 3139 1314 3198 25

113 3217 229 3291 Anglia
247 3218 427 3274 venerabilis
445 3217 583 3285 Albinus
603 3217 654 3290 qui
674 3225 704 3274 et
725 3215 912 3290 Alquinus⁷;
939 3214 1064 3272 scientia
1083 3215 1197 3284 clarus;
1218 3215 1268 3287 qui

114 3323 201 3362 mare
219 3305 344 3374 transiit,
365 3304 521 3362 Franciam
543 3304 624 3374 adiit,
646 3321 736 3378 quam
756 3321 811 3360 sua
832 3303 967 3359 doctrina
987 3311 1080 3359 totam
1102 3301 1268 3370 illustrauit,

113 3393 286 3450 ⁸0rationes
307 3392 444 3449 missales
464 3392 639 3465 composuit,
656 3391 730 3449 seria
747 3391 844 3463 prima
864 3392 902 3447 de
920 3390 1060 3460 trinitate,
1080 3391 1211 3446 secunda
1229 3391 1268 3445 de

114 3480 273 3552 sapientia,
295 3483 381 3538 tertia
406 3481 444 3537 de
468 3479 575 3552 spiritu
600 3488 711 3550 sancto,
734 3487 839 3552 quarta
863 3479 901 3534 de
924 3478 1078 3548 charitate,
1102 3478 1205 3550 quinta
1229 3479 1268 3534 de

113 3568 271 3642 apostolis,
284 3576 370 3624 sexta
382 3568 421 3626 de
434 3585 529 3636 cruce,
538 3567 661 3623 sabbato
674 3568 712 3622 de
726 3574 829 3623 sancta
842 3564 936 3621 Maria
949 3565 1102 3622 celebrare
1114 3564 1241 3622 instituit
1250 3567 1268 3620 ’ἱ
1283 3585 1315 3635 30

115 3655 177 3713 Hic
191 3655 314 3712 scientia
327 3664 356 3712 et
373 3655 492 3728 ingenio
510 3655 616 3724 clarus,
630 3671 748 3710 morum
764 3653 919 3710 honestate
935 3655 1123 3725 conspicuus,
1137 3651 1267 3708 studium

113 3743 232 3817 quoda
251 3743 355 3800 Grecis
376 3742 473 3800 Rome
492 3743 562 3799 olim
581 3741 758 3798 translatum
777 3740 881 3809 suerat,
896 3740 1028 3797 Parisius
1047 3740 1176 3796 aduexit.
1214 3739 1267 3795 Cui

113 3831 206 3888 etiarn
225 3847 280 3887 rex
300 3831 425 3887 Carolus
444 3830 592 3887 commisit
608 3828 825 3886 monasterium
843 3828 938 3884 sancti
953 3827 1073 3884 Martini
1086 3826 1267 3894 turonensis,

113 3918 233 3977 abbatis
253 3918 318 3976 iure
338 3918 511 3990 regendum.
549 3917 626 3973 Nam
647 3916 786 3974 monachi
811 3915 923 3972 ibidem
949 3914 1038 3972 nimis
1062 3915 1093 3970 in
1116 3913 1266 3970 lasciuiam

114 4005 336 4073 confluxerant,
352 4005 455 4062 sericis
467 4005 601 4062 vestibus
615 4004 719 4060 induti.
755 4003 843 4060 Vnde
855 4021 915 4060 vno
932 4001 1078 4058 monacho
1095 4000 1267 4074 aspiciente,
1281 4027 1312 4075 ³5

113 4097 177 4152 duo
197 4094 295 4168 angeli
313 4093 521 4150 dormitorium
536 4093 655 4150 illorum
675 4092 813 4166 ingressi,
828 4108 934 4147 omnes
951 4088 1123 4158 monachos
1139 4098 1267 4162 excepto

150 4227 159 4256 ¹
176 4225 205 4276 F.
219 4227 396 4288 imperatione.
463 4223 474 4254 ⁸
488 4225 544 4273 The
556 4240 571 4272 a
584 4223 659 4273 Narr.
671 4239 716 4273 are
727 4223 845 4284 wanting
855 4223 882 4270 in
893 4222 924 4272 T.
936 4223 1014 4278 here:
1031 4220 1077 4270 the
1089 4220 1145 4270 first
1158 4220 1180 4270 is
1191 4221 1266 4283 given

113 4293 202 4342 under
212 4292 374 4342 Laurentius.
453 4289 463 4318 ³
481 4290 556 4339 From
569 4289 643 4340 Vinc.
657 4289 723 4339 Bell.
736 4288 809 4337 xxi.
824 4303 877 4350 rag
957 4287 967 4315 ⁴
986 4287 1016 4339 E.
1028 4288 1061 4336 de
1072 4302 1133 4337 vno.
1210 4286 1220 4314 ³
1238 4285 1266 4336 E.

113 4359 284 4474 fffflffi'
416 4355 428 4386 ⁸
443 4357 506 4408 Abr.
518 4356 582 4406 from
594 4355 667 4406 Vinc.
681 4355 745 4406 Bell.
761 4353 863 4404 XXlll.
877 4368 931 4416 173.
1065 4351 1074 4382 ²
1093 4353 1122 4404 E.
1133 4352 1270 4415 aliquinus.
