3028 4894
255 312 330 400 446
567 305 697 393 mota
723 300 914 406 Lemnon
938 301 1090 408 tumn.

256 505 409 564 Adhibitis
425 523 497 582 ergo
515 505 572 564 sibi
588 503 756 576 comitibus,
770 503 943 564 Plechelmo
958 505 1098 565 videlicet
1116 506 1252 566 eiusdem
1272 506 1409 574 honoris,

256 593 314 665 vie,
322 593 442 668 votique
454 603 602 668 compote,
614 603 645 651 et
658 593 794 667 Othgero
806 593 944 667 religiose
956 593 1018 651 vite
1031 596 1166 667 diacono,
1178 595 1410 668 paruipendens

256 681 458 739 blandimenta
476 691 643 755 parentum,
662 681 783 738 delicias
801 699 903 754 opum,
922 683 1076 755 popularis
1093 683 1187 757 glorie
1207 683 1333 754 fluxum,
1348 683 1411 740 iter

256 769 382 844 arripuit
400 771 476 826 duce
495 769 624 840 Christo,
638 770 718 843 quod
737 769 796 827 iarn
815 777 902 826 tener
919 769 950 826 in
969 772 1055 828 annis
1073 771 1226 845 adoptauit
1244 771 1276 828 in
1294 771 1411 828 animo.

228 871 243 922 s
258 857 316 928 Qui
329 857 451 916 diuersa
463 859 619 930 regionum
631 875 796 931 peragrans
813 857 950 928 conlinia,
965 857 989 914 F
990 859 1090 916 rancie
1108 859 1244 932 dirigitur
1255 859 1286 915 in
1300 869 1412 932 partes

257 945 391 1018 ignotas;
411 945 513 1004 maluit
529 945 611 1004 enirn
629 945 708 1004 inter
723 945 837 1002 alienos
855 961 972 1019 pauper
987 955 1017 1004 et
1033 946 1167 1004 modicus
1186 946 1298 1012 haberi,
1313 963 1411 1019 quam

256 1032 335 1091 inter
346 1049 418 1090 suos
430 1033 516 1092 diues
527 1041 558 1090 et
570 1031 718 1106 gloriosus
730 1031 904 1106 computari.
978 1021 1122 1107 Cumque
1136 1034 1260 1107 Pipinus
1275 1033 1411 1090 Franco-

256 1138 324 1178 rum
342 1121 404 1178 dux
423 1129 563 1178 narrante
581 1119 661 1178 sarna
679 1119 780 1178 didicit
798 1119 874 1177 tales
892 1119 974 1177 viros
992 1119 1071 1178 infra
1089 1123 1173 1196 regni
1192 1121 1238 1178 sui
1257 1122 1411 1178 terminos

257 1208 441 1282 peregrinari
453 1208 539 1279 velle,
552 1217 704 1282 totamque
720 1207 848 1282 patriam
860 1207 978 1266 illorum
991 1209 1185 1268 illustratam¹
1199 1209 1412 1278 sanctimonia,
1505 1265 1506 1294 ,

214 1319 244 1356 ιο
256 1296 364 1370 gaudio
383 1297 516 1370 repletus
534 1313 588 1352 eos
605 1297 644 1352 ad
662 1313 697 1354 se
714 1295 818 1353 venire
836 1294 906 1354 lecit
924 1313 1063 1370 propere
1100 1297 1185 1368 Quos
1206 1297 1412 1355 aduenientes

256 1401 325 1441 curn
334 1383 448 1440 honore
456 1382 798 1456 suscipiens,auditaque
806 1383 1325 1459 causaitinerisbeatumWyronem
1334 1403 1411 1443 mox

256 1471 334 1528 inter
346 1487 418 1528 suos
430 1471 601 1528 timoratum
614 1469 787 1544 cunctisque
796 1471 1002 1529 venerandum
1015 1473 1123 1530 locauit
1134 1493 1141 1544 3
1159 1473 1285 1547 eiusque
1297 1475 1412 1530 sancti-

256 1559 308 1616 tati
322 1575 356 1616 se
369 1558 566 1626 committens,
579 1575 647 1617 curn
664 1573 782 1614 sumrna
793 1558 986 1616 veneratione
1002 1577 1073 1616 eum
1085 1561 1222 1618 excoluit
1285 1547 1410 1618 Locum

257 1662 388 1720 namque
404 1655 553 1704 remotum
571 1662 589 1703 a
607 1645 710 1703 mundi
727 1645 855 1719 negotiis
873 1645 934 1702 dux
954 1647 1019 1720 ipse
1038 1647 1203 1721 prouidens
1221 1646 1251 1704 in
1270 1646 1409 1705 futurum
1505 1693 1506 1706 ,

214 1757 243 1808 ¹5
257 1734 344 1792 beato
356 1733 485 1808 Wyroni
497 1735 536 1792 ad
548 1734 731 1790 manendum
747 1731 905 1801 concessit,
918 1751 978 1806 quo
998 1733 1120 1792 liberius
1141 1753 1209 1792 cum
1226 1734 1290 1791 suis
1308 1735 1410 1792 inibi¹

257 1821 385 1880 celestes
404 1829 525 1895 caperet
543 1821 664 1879 fructus.
701 1819 760 1890 Qui
778 1820 861 1877 locus
879 1837 933 1877 ore
950 1821 1031 1894 vulgi
1052 1823 1157 1880 ‘mons
1180 1822 1277 1880 Petri’
1296 1821 1409 1891 dictus,

258 1908 393 1980 (-³alias
401 1911 409 1940 ‘
416 1927 505 1966 mons
514 1908 644 1978 Odule⁴,’
653 1907 815 1966 leodiensis
822 1907 952 1964 diocesis
961 1925 1057 1982 prope
1064 1909 1187 1983 opidum
1198 1909 1410 1980 Roremunde,

256 1998 306 2056 vbi
318 1996 467 2072 quondam
484 2005 548 2053 erat
564 1995 753 2070 prepositura
769 2003 799 2052 et
817 1995 977 2068 collegium
990 1998 1212 2068 canonicorum,
1224 1999 1305 2070 quod
1325 2016 1408 2056 nunc

257 2085 433 2144 translatum
453 2093 499 2142 est
517 2082 548 2140 in
566 2083 677 2141 dictum
699 2081 926 2140 Roremundam
947 2083 1070 2157 opidum
1091 2095 1122 2142 et
1143 2085 1238 2142 sancti
1257 2085 1409 2158 Wyronis
1505 2109 1506 2114 ¹

213 2197 245 2234 οο
257 2190 368 2246 corpus
380 2172 557 2230 translatum
570 2181 617 2228 est
629 2169 659 2228 in
669 2169 807 2228 Traiecto
818 2190 825 2241 3
836 2168 894 2242 ⁸··)
904 2169 935 2227 in
949 2189 1008 2243 quo
1020 2173 1181 2230 oratorium
1195 2171 1225 2230 in
1239 2182 1345 2230 sancte
1359 2173 1408 2230 dei

257 2259 408 2334 genitricis
430 2259 544 2316 honore
567 2267 615 2316 est
639 2265 842 2316 constructum
867 2266 897 2316 et
922 2269 1140 2331 consecratum,
1162 2277 1281 2318 necnon
1306 2261 1406 2318 saucd

259 2348 338 2406 Petri
358 2346 580 2405 monasterium.
654 2333 751 2419 Igitur
769 2346 816 2403 vir
835 2353 957 2404 sanctus
978 2347 1029 2404 diu
1050 2348 1254 2406 desideratum
1274 2349 1407 2422 adeptus

256 2436 354 2494 locum
366 2435 485 2510 quantis
498 2433 641 2492 doctrinis
657 2441 687 2491 et
704 2433 853 2508 exemplis
869 2452 904 2491 ac
915 2433 1058 2492 virtutum
1075 2435 1212 2510 insigniis
1229 2443 1261 2492 et
1277 2435 1407 2493 miracu-

257 2523 353 2580 lorum
372 2523 522 2597 preconiis
539 2521 692 2594 eisulserit,
711 2521 834 2595 longum
852 2531 934 2580 esset
951 2540 1092 2580 enarrare
1107 2540 1163 2596 per
1181 2523 1309 2596 singula.
1350 2525 1408 2582 Per

213 2637 244 2687 ²5
258 2611 312 2668 hec
321 2611 369 2669 vir
381 2610 430 2667 dei
442 2611 519 2668 inter
532 2610 669 2667 homines
682 2609 890 2667 conuersando
902 2609 936 2666 fit
948 2611 1050 2683 grauis
1063 2612 1092 2668 in
1105 2610 1200 2682 annis,
1213 2613 1268 2668 sed
1284 2614 1408 2686 grauior

257 2698 288 2755 in
301 2697 433 2754 custodia
446 2698 564 2756 mentis
588 2695 768 2754 Fatiscit⁸in
781 2697 875 2768 senio,
885 2699 940 2755 scd
950 2698 1290 2757 concalescitinanimo.
1337 2689 1407 2758 Ad·

257 2795 320 2844 erat
332 2786 462 2859 denique
474 2795 594 2858 tempus
607 2785 771 2842 miserendi
784 2803 844 2858 quo
856 2785 996 2843 dominus
1006 2786 1129 2844 militem
1143 2803 1231 2844 suurn
1245 2789 1406 2845 emeritum

257 2891 449 2932 remunerare
474 2872 630 2947 disposuit
679 2871 797 2930 Modica
821 2875 933 2931 etenim
957 2875 987 2930 vi
1018 2873 1146 2932 febrium
1177 2886 1347 2949 correptus,
1377 2887 1407 2934 et

257 2962 357 3020 carnis
387 2962 508 3019 soluens
538 2960 680 3030 debiturn,
705 2960 822 3019 felicem
854 2962 919 3018 celo
950 2963 1081 3019 reddidit
1109 2963 1257 3036 spiritum,
1290 2964 1405 3021 sinibus

213 3077 245 3125 30
257 3050 380 3108 Abrahe
392 3066 447 3123 per
459 3065 567 3106 manus
579 3049 754 3122 angelorum
768 3049 1019 3108 transferendum.
1051 3051 1195 3108 Sanctum
1207 3069 1282 3109 vero
1296 3069 1406 3127 corpus
1503 3049 1504 3068 ¹

257 3137 335 3195 infra
354 3137 485 3211 parietes
504 3135 611 3210 prefati
633 3135 752 3193 oratorii
773 3145 876 3194 sancte
900 3136 994 3194 Marie
1013 3155 1030 3195 a
1049 3138 1159 3196 Christi
1179 3138 1322 3198 fidelibus
1338 3157 1404 3198 curn

257 3227 380 3300 hymnis
397 3232 428 3282 et
447 3223 631 3297 psalmorum
651 3223 845 3281 concentibus
863 3225 1030 3298 condigne·
1049 3227 1203 3298 sepulture
1220 3227 1359 3298 traditur,
1377 3238 1405 3284 et

256 3312 369 3370 ibidem
382 3313 456 3369 odor
464 3309 538 3368 mire
547 3309 705 3384 fragrantie
717 3327 735 3367 a
747 3311 860 3368 cunctis
873 3313 1037 3370 astantibus
1047 3311 1188 3370 hauritur.
1227 3313 1405 3373 Celebratur

257 3411 357 3459 autem
370 3399 435 3457 eius
448 3398 593 3456 sestiuitas
605 3407 710 3456 octauo
725 3397 796 3455 ldus
809 3397 887 3456 maii.
970 3387 1025 3458 Ad
1039 3399 1103 3457 eius
1114 3416 1189 3458 vero
1201 3401 1404 3474 sepulchrum,

213 3513 244 3563 35
258 3488 358 3545 diuina
375 3496 528 3559 prestante
546 3486 650 3560 gratia,
662 3485 808 3560 plurima'
821 3487 929 3542 deinde
946 3487 1104 3546 sanitatum
1121 3497 1299 3561 prestantur
1315 3491 1404 3548 bene·

257 3575 332 3646 ficia,
351 3592 406 3631 nec
426 3573 629 3632 inconsolatus
648 3573 739 3631 abibit
759 3573 856 3631 adhuc
878 3573 966 3632 hodie
986 3575 1036 3648 qui
1055 3575 1146 3648 digne
1165 3575 1324 3636 celebrans
1343 3579 1404 3635 eius

256 3661 421 3739 patrocinia
433 3661 566 3719 diuinam
579 3660 718 3735 implorat
729 3662 855 3734 gratiam
868 3661 926 3719 sibi
938 3679 993 3720 sua
1005 3662 1116 3719 remitti
1129 3662 1253 3735 piacula.

291 3851 387 3901 ¹Boll.
403 3851 554 3902 illustrasse.
668 3847 724 3900 ’Β
738 3851 800 3900 mihi
816 3851 886 3901 inibi.
984 3849 1036 3890 ⁸-'
1053 3853 1146 3904 added.
1247 3853 1295 3905 ‘n
1314 3855 1402 3906 Odilie.

256 3917 268 3950 ⁰
285 3919 315 3968 E.
327 3918 435 3968 latescit.
500 3916 556 3967 ⁸13.
568 3917 705 3980 condigne.
775 3915 784 3945 '
802 3916 986 3981 aprutinum
