3064 4882
400 292 477 387 Dr
500 292 667 384 aanor
691 301 947 406 mutuatae
1178 301 1247 385 169

93 491 278 560 transmisit;
298 493 350 567 qui
369 493 480 567 pietate
499 503 607 564 motus,
624 512 677 552 eos
695 493 820 552 ulterius
838 495 877 551 ad
896 511 997 568 regem
1016 491 1248 566 Hungarorum¹

95 578 314 636 Salomonem*
323 581 384 638 vite
393 583 595 639 reseruandos
606 581 696 640 misit.
734 581 912 639 Edmundo³
924 600 997 640 vcro
1006 582 1072 638 sine
1085 581 1188 638 liberis
1196 582 1249 638 de-

92 667 232 738 cedente,
247 667 418 726 Edwardus
434 668 525 725 srater
541 669 606 725 eius
618 669 768 742 Agatham
783 668 970 742 imperatoris
983 669 1075 726 liliam
1088 669 1189 725 duxit:
1210 685 1249 724 ex

92 771 155 825 qua
166 765 306 812 sanctam
321 755 531 829 Margaretam,
544 765 649 828 postea
662 757 762 813 Scotie
779 757 922 828 reginam,
934 756 1101 830 progenuit.
1175 744 1249 830 Que

93 859 165 898 cum
177 842 209 898 in
223 843 362 916 pn'meua
374 845 470 901 adhuc
481 844 603 900 lloreret
615 853 703 914 etate,
710 844 801 900 vitam
815 844 982 901 sobrietatis
992 845 1103 900 ducere
1114 861 1148 901 ac
1158 844 1248 899 deum
1263 865 1277 915 5

93 931 303 1002 superomnia
312 931 436 1005 diligere
446 932 525 1004 cepit
533 931 552 1002 ⁴,
561 931 590 987 in
601 931 770 988 diuinarum
781 931 941 989 lectionum
949 931 1047 987 studio
1057 949 1091 988 se
1102 948 1250 1004 occupare

93 1017 179 1073 etin
202 1017 252 1074 his
275 1018 410 1076 animum
430 1018 646 1075 delectabiliter
666 1037 819 1076 exercere.
856 1018 986 1076 Suorum
1009 1019 1131 1075 tandem
1154 1018 1251 1091 magis

93 1121 187 1176 quarn
207 1121 264 1161 sua
276 1106 435 1176 voluntate,
448 1105 541 1162 immo
554 1107 602 1162 dei
617 1106 812 1176 ordinatione,
823 1107 887 1179 regi
901 1105 1059 1163 Scotorum
1073 1106 1250 1163 Malcolmo⁵

94 1191 127 1247 in
152 1193 330 1266 coniugium
356 1195 519 1265 copulatur.
555 1193 618 1250 Sed
639 1194 778 1266 quamuis
802 1211 917 1266 eaque
940 1194 1044 1250 mundi
1069 1203 1139 1250 sunt
1160 1210 1251 1267 agere

94 1280 340 1352 compelleretur,
351 1281 455 1337 mundi
467 1291 569 1338 tamen
582 1281 673 1337 rebus
685 1298 724 1337 ex
738 1281 888 1337 desiderio
901 1280 1041 1338 inherere
1051 1281 1249 1353 contempsit:
1266 1302 1297 1338 ro

96 1367 172 1424 Plus
195 1367 278 1424 enim
298 1368 501 1425 delectabatur
522 1369 601 1424 bono
622 1385 715 1440 opere
738 1385 828 1441 quam
853 1368 1022 1430 diuitiarum
1047 1369 1250 1442 possessione.

95 1455 284 1528 Omniaque
296 1456 443 1514 decebant
458 1456 617 1529 prudentis
634 1455 737 1528 regine
753 1455 881 1529 imperio
898 1458 1078 1530 agebantur:
1098 1455 1163 1512 eius
1180 1473 1252 1512 con·

94 1543 165 1599 silio
176 1544 263 1616 regni
276 1543 341 1600 iura
351 1543 597 1617 disponebantur,
607 1543 686 1600 illius
698 1543 844 1600 industria
854 1543 959 1617 religio
969 1543 1071 1600 diuina
1079 1546 1251 1618 augebatur.

97 1630 182 1687 Nihil
200 1631 281 1688 illius
296 1632 356 1688 fide
371 1632 496 1700 firmius,
509 1632 591 1688 vultu
610 1631 804 1701 constantius,
817 1631 960 1704 patientia
978 1631 1169 1704 tolerabilius,
1183 1649 1251 1690 con·

95 1718 165 1775 silio
188 1721 320 1791 grauius,
340 1719 489 1776 sententia
513 1719 628 1789 iustius,
650 1718 796 1791 colloquio
821 1718 986 1776 iocundius.
1060 1707 1099 1776 In
1121 1721 1186 1776 loco
1202 1719 1252 1776 vbi
1266 1744 1296 1795 15

96 1805 207 1879 nuptie
228 1807 294 1863 eius
316 1805 433 1864 fuerant
456 1808 613 1875 celebrate,
634 1806 666 1862 in
691 1807 805 1863 honore
828 1814 931 1863 sancte
956 1806 1095 1864 trinitatis
1120 1807 1251 1864 nobilem

96 1894 260 1952 ecclesiam
286 1894 461 1966 construxit,
481 1913 570 1968 quarn
589 1894 681 1952 variis
705 1893 890 1951 ornamentis
914 1893 1060 1967 preciosis
1083 1894 1250 1952 decorauit:

96 1981 180 2038 inter
199 1999 259 2054 que
277 1999 317 2038 ex
335 1983 430 2038 solido
448 1992 479 2039 et
497 1989 573 2055 pur'o
591 1999 664 2039 auro
682 1990 713 2039 et
731 1982 874 2055 argento⁶
886 1999 959 2038 vasa
974 1998 1035 2038 non
1048 1999 1143 2055 pauca
1158 1981 1252 2038 fuisse

97 2077 277 2126 noscuntur.
307 2069 435 2127 Crucem
453 2088 572 2143 quoque
591 2069 713 2126 contulit
732 2086 823 2142 quam
842 2086 915 2126 auro
936 2077 967 2126 et
986 2069 1251 2126 interlucentibus⁷

96 2157 233 2229 gemmis
247 2157 350 2213 vestiri
362 2157 493 2214 fecerat:
512 2157 585 2214 etin
602 2157 668 2214 aliis
681 2157 850 2230 quibusque
866 2156 1002 2214 ecclesiis
1019 2157 1186 2213 deuotionis
1198 2174 1252 2214 sue
1267 2175 1298 2211 πο

97 2245 190 2318 signa
202 2244 330 2317 reliquit.
366 2244 463 2301 Tanta
475 2245 503 2302 ei
516 2244 611 2302 inerat
623 2261 692 2302 cum
705 2244 884 2301 iocunditate
897 2244 1129 2313 seueritas,cum
1139 2245 1252 2302 seueri·

97 2342 161 2388 tate
174 2331 391 2401 iocunditas,vt
403 2350 510 2390 omnes
523 2332 553 2389 in
567 2333 633 2389 eius
645 2331 790 2404 obsequio
803 2331 883 2388 illam
896 2331 1029 2388 timendo
1042 2331 1209 2405 diligerent,
1223 2340 1253 2388 et

98 2419 257 2492 diligendo
269 2419 426 2488 timerent;
446 2429 476 2476 ct
489 2437 549 2477 non
563 2421 661 2476 solum
673 2419 704 2476 in
716 2419 782 2476 eius
795 2419 948 2491 presentia
962 2419 1035 2477 nihil
1048 2421 1253 2476 execrandum

97 2507 212 2577 facere,
220 2507 275 2563 sed
285 2523 342 2563 nec
350 2515 438 2580 turpe
445 2509 570 2564 verbum
580 2507 738 2580 quisquam
749 2525 840 2564 ausus
850 2506 945 2564 suerat
955 2508 1097 2580 prolerre.
1126 2507 1253 2564 Liberos

98 2611 176 2652 suos
188 2609 259 2650 cum
272 2593 353 2650 omni
366 2594 519 2668 diligentia
534 2595 641 2651 nutriri
655 2603 685 2651 et
702 2593 838 2651 honestis
851 2595 984 2652 moribus
996 2595 1109 2652 institui
1122 2594 1208 2664 fecit3
1222 2605 1252 2653 et
1267 2613 1297 2663 ²⁵

99 2697 206 2738 coram
225 2699 260 2738 se
279 2681 383 2754 sepius
396 2682 540 2740 deductos
559 2683 651 2739 fidem
666 2681 776 2740 Christi
789 2681 897 2750 docuit,
910 2691 940 2738 et
952 2691 984 2739 vt
998 2681 1110 2755 [eum]⁸
1130 2700 1254 2756 semper

97 2770 247 2826 timerent
276 2767 436 2842 diligenter
465 2769 625 2828 admonuit.
667 2770 807 2840 ‘Timete
832 2769 935 2843 inquit,
960 2788 978 2826 o
1002 2769 1064 2840 filii,
1089 2770 1253 2840 dominum,

98 2855 245 2930 quoniam
266 2873 327 2912 non
346 2857 403 2913 erit
424 2857 524 2931 inopia
547 2857 722 2916 timentibus
746 2875 824 2914 eum.
861 2857 900 2914 Et
924 2857 950 2914 si
971 2856 1136 2914 dilexeritis
1159 2858 1253 2928 illum,

99 2943 257 3018 presentis
274 2943 336 3000 vite
360 2946 598 3018 prosperitatem,
620 2955 650 3002 et
674 2963 743 3003 cum
767 2947 879 3002 sanctis
903 2945 967 3002 suis
990 2953 1126 3002 eternam
1147 2946 1253 3002 reddet

99 3032 292 3090 felicitatem’
328 3031 395 3089 Hec
409 3033 511 3090 matris
524 3033 681 3102 desideria,
694 3033 750 3090 hec
762 3034 868 3091 crebra
880 3031 1051 3100 admonitio,
1061 3033 1118 3089 hec
1130 3049 1186 3104 pro
1198 3049 1253 3089 sua
1267 3057 1299 3107 3⁰

99 3119 206 3178 sobole
227 3118 361 3192 quotidie
382 3120 497 3178 luerat⁴
524 3138 594 3178 cum
617 3120 768 3180 lachrimis
790 3120 883 3178 oratio
891 3121 911 3192 ⁰,
931 3129 962 3177 vt
981 3136 1068 3184 suum
1088 3129 1254 3178 creatorem

102 3235 259 3298 tliemicus)
276 3249 365 3283 comes
399 3233 570 3295 llalcolmum,
581 3235 624 3296 qui
636 3233 688 3283 Xll
701 3235 777 3284 annis
788 3236 914 3296 regnauit

134 3300 215 3367 [lilius
225 3298 323 3364 Dauid]
397 3299 554 3351 Willelmurn
566 3301 609 3362 qui
621 3299 734 3349 XLVlll
746 3301 821 3350 annis
833 3301 959 3362 regnauit.

185 3367 277 3430 genuit
399 3365 483 3416 Dauid
494 3367 613 3418 comitem
626 3368 659 3416 de
671 3365 993 3428 HuntingdonetCestre‚
1006 3366 1049 3428 qui
1063 3365 1153 3428 genuit

656 3433 716 3492 Joh.
729 3433 850 3481 comitem
861 3433 905 3494 qui
916 3432 980 3480 obiit
990 3432 1048 3481 sine
1059 3432 1154 3481 liberis.

659 3497 1254 3560 Margaretamux.AlanideGalwei,quigenuit

695 3563 850 3625 Demergoil
862 3579 906 3614 ux.
914 3563 973 3623 Joh.
985 3563 1087 3623 Baillol,
1097 3563 1140 3625 qui
1151 3564 1254 3627 g(enuit

724 3629 786 3689 Joh.
796 3628 889 3678 Baillol
901 3643 989 3690 regem
1001 3629 1116 3692 Scotie);

696 3693 803 3743 Elenam
815 3695 971 3743 comitissam
981 3693 1100 3743 Wintoh.

658 3759 805 3809 Ysabellam
822 3775 864 3809 ux.
882 3761 990 3808 Roberti
1007 3759 1083 3819 Brus,
1101 3759 1146 3822 qui
1165 3759 1255 3821 genuit

697 3826 761 3876 Rob.
776 3825 832 3888 (qui
843 3826 932 3887 genuit
942 3825 1009 3876 Rob.
1021 3841 1108 3886 regem
1120 3824 1213 3880 Scot.).

658 3891 777 3956 A[lldam
798 3907 841 3941 ux.
861 3891 943 3942 ilenr.
962 3891 1085 3953 Hasting,
1104 3890 1148 3952 qui
1165 3889 1255 3952 genuit

695 3957 787 4017 Henr,
799 3958 842 4019 qui
852 3957 912 4016 Joh.

386 4022 549 4073 Comitissarn
561 4023 594 4072 de
606 4021 738 4082 Ferrariie,
750 4039 801 4085 que
814 4023 889 4082 Rob.,
902 4021 946 4084 qui
955 4021 1016 4080 Joh.

387 4088 515 4138 Helenam
526 4103 567 4137 ux.
583 4088 649 4150 Rog.
661 4087 685 4136 la
696 4087 809 4148 Souche,
821 4103 872 4150 que
883 4087 972 4149 genuit
982 4086 1101 4136 Alanum.

386 4153 499 4204 Elisabet
511 4153 665 4204 comitissam
678 4154 711 4203 de
723 4154 842 4218 Boghan,
854 4169 905 4215 que
915 4153 1006 4214 genuit
1016 4152 1076 4212 Joh.
1089 4151 1189 4201 Comin.

137 4233 193 4284 'E
207 4233 400 4295 hungariorum.
432 4229 644 4289 ’soBromton3
660 4247 681 4282 r.
694 4231 862 4295 Stephanum.
894 4229 950 4280 'R
966 4229 1134 4279 Edmundum.
1177 4227 1254 4278 ⁴om.

104 4300 192 4350 itht.
243 4298 458 4356 ¹T.mnlcolmo;
476 4297 660 4348 Emalcolino.
709 4296 899 4348 ‘etaalonn
949 4293 1026 4346 'Vit
1038 4311 1101 4345 auro
1109 4303 1136 4345 et
1148 4302 1255 4358 argento

104 4364 346 4416 intercurrentibus.
414 4363 424 4393 ⁸
440 4365 470 4415 T.
482 4379 556 4423 cumr
573 4362 596 4414 E
615 4363 705 4428 ipsum.
771 4362 781 4393 ⁸
798 4363 828 4414 E.
840 4361 930 4413 aratio.

103 4057 208 4107 Helena
219 4055 352 4106 comitissa

101 4123 241 4173 wintonie
251 4121 345 4185 genuit
