3054 4904
277 305 343 356 112
585 283 716 372 ilium
741 281 930 386 mmm
954 281 1106 386 tinnis

273 483 465 540 Kenelmum.
502 483 579 540 Cum
599 493 698 539 autem
718 501 828 555 corpus
846 482 911 540 eius
928 484 967 540 de
983 494 1065 541 terra
1081 494 1164 543 esset
1181 485 1340 554 eleuatum,
1353 483 1421 542 lons

271 572 358 628 viuus
379 572 450 628 inde
472 570 603 639 emersit,
622 569 674 643 qui
693 573 723 626 in
744 574 842 628 riuum
864 571 991 628 effluens
1013 572 1115 628 multis
1136 572 1206 630 inde
1230 573 1421 645 gustantibus

271 660 399 717 salutem
425 659 579 732 impendit.
619 658 752 732 Corpore
777 662 858 716 enim
878 660 917 716 de
944 661 1020 716 silua
1044 661 1151 730 delato,
1176 661 1308 718 maxima
1331 662 1420 718 turba

271 764 419 812 cecorum,
436 747 604 814 surdorum,
619 746 802 816 claudorum,
820 756 849 803 et
868 747 959 804 variis
978 748 1090 805 morbis
1109 750 1298 806 detentorum
1317 757 1420 805 curata

242 843 325 905 5est.
372 834 595 890 Altercantibus
612 843 712 890 autem
729 851 784 906 pro
803 851 929 908 corpore
946 835 1212 893 Glouerniensibus
1224 846 1255 893 et
1267 835 1420 909 Wigomi·

271 924 402 990 ensibus,
411 921 589 994 complacuit
602 922 724 979 tandem
735 923 811 996 pani
821 921 939 995 utrique
948 933 980 978 vt
993 925 1123 996 populus
1132 926 1182 996 qui
1196 925 1227 980 in
1240 924 1420 996 crepusculo

271 1010 426 1083 sequentis
445 1011 503 1066 diei
518 1009 600 1082 prior
616 1009 797 1081 euigilasset,
810 1019 947 1067 sanctum
967 1010 1157 1080 Kenelmum,
1170 1013 1255 1084 quasi
1274 1011 1420 1068 diuinitus

270 1101 372 1156 dabam
391 1097 465 1154 sibi¹
480 1097 619 1154 auferret.
657 1097 894 1155 Glouernienses
913 1099 1012 1172 itaque
1025 1097 1227 1173 vigilantiores
1245 1117 1314 1156 cum
1334 1117 1421 1156 sacra

269 1187 357 1258 gleba
376 1186 435 1242 iam
454 1184 624 1258 quindecim
644 1183 808 1242 miliaribus
825 1203 950 1242 euasere
959 1187 985 1256 ²,
997 1196 1157 1266 apthuam
1177 1187 1227 1243 alii
1247 1205 1266 1242 a
1287 1205 1419 1261 sompno

227 1289 257 1324 ιο
270 1275 397 1342 excitati,
408 1283 437 1331 et
450 1275 558 1330 rubore
572 1289 605 1328 ac
619 1274 663 1329 ira
675 1273 821 1342 succensi,
829 1281 890 1329 tota
902 1271 1053 1332 celeritate
1063 1284 1131 1348 post
1144 1291 1197 1331 eos
1209 1285 1419 1347 sequerentur.

269 1361 354 1432 Quos
376 1361 428 1418 vbi
451 1361 572 1418 eminus
596 1359 744 1433 fugientes
768 1371 952 1434 aspexerunt
961 1362 980 1432 ³,
999 1363 1136 1420 inuocato
1155 1362 1251 1420 sancti
1277 1363 1419 1420 Kenelmi

270 1449 421 1524 suffragio,
434 1467 491 1522 per
502 1457 660 1522 angustam
673 1447 812 1504 semitam
825 1449 989 1506 euadentes
1000 1451 1080 1507 inter
1091 1450 1217 1508 frutecta
1229 1467 1262 1506 se
1279 1459 1419 1524 protege-

269 1537 349 1594 bant.
394 1537 530 1610 Cumque
555 1553 616 1592 non
641 1536 744 1608 procul
768 1553 787 1592 a
811 1537 992 1594 monasterio
1016 1537 1290 1595 winchecumbensi
1314 1539 1419 1596 labore

269 1623 379 1696 sitique
397 1624 577 1696 grauissima
595 1641 663 1680 cum
683 1640 810 1696 corpore
829 1634 933 1682 sancto
952 1624 1025 1682 sessi
1044 1627 1194 1694 sederent,
1212 1643 1302 1697 opem
1321 1627 1418 1683 sancti

226 1711 413 1780 15Kenelmi
433 1713 537 1770 humili
557 1712 717 1770 deuotione
739 1712 957 1784 implorabant:
985 1714 1048 1771 Nec
1069 1731 1162 1784 mora,
1183 1713 1251 1771 sons
1272 1715 1369 1784 viuus,
1388 1725 1419 1773 et

269 1819 364 1874 vsque
384 1801 416 1858 in
438 1801 617 1857 bodiemum
643 1799 768 1872 [diem]⁴
789 1800 897 1873 iugiter
916 1801 1072 1872 manans⁵‚
1096 1802 1153 1858 sub
1176 1802 1305 1874 quadam
1330 1811 1419 1875 petra

267 1906 441 1962 erumpens,
458 1889 538 1944 sitim
556 1886 723 1960 potantium
739 1905 777 1944 ex
791 1905 827 1944 eo
841 1887 978 1946 extinxit.
1033 1877 1144 1949 Stabat
1153 1899 1222 1946 tunc
1233 1889 1419 1960 Quendreda

267 1978 297 2032 in
312 1977 421 2033 solario
434 1977 574 2049 quodam,
588 1985 617 2032 et
630 1975 849 2032 multitudinem
863 1976 1029 2049 respiciens
1041 1995 1110 2034 cum
1123 1977 1275 2050 triumpho
1284 1977 1419 2036 fraterne

267 2065 361 2138 glorie
374 2065 556 2134 venientem,
569 2065 613 2119 ira
625 2072 655 2119 et
667 2063 871 2136 indignatione
884 2064 964 2138 cepit
976 2066 1141 2122 tabescere.
1166 2067 1302 2138 Accepto
1315 2077 1419 2124 autem

224 2169 254 2204 ιο
267 2153 418 2226 psalterio,
443 2153 573 2225 quodam
598 2151 751 2225 prestigio,
772 2169 832 2208 non
857 2161 978 2208 cantare
1002 2170 1058 2226 pro
1082 2153 1132 2209 illo
1156 2153 1269 2210 studuit
1291 2156 1346 2211 sed
1372 2156 1418 2212 in-

268 2251 388 2298 cantare
407 2250 512 2298 contra
527 2239 610 2296 illum
626 2238 825 2296 centesimum
843 2249 980 2296 octauum
995 2241 1156 2313 psalmum,
1169 2243 1308 2313 quatinus
1324 2261 1344 2298 a
1355 2243 1419 2301 fine

267 2330 305 2386 ad
325 2337 423 2402 caput,
445 2329 483 2385 ab
507 2327 611 2385 ultimo
633 2343 724 2384 versu
748 2328 786 2384 ad
806 2328 938 2400 primum
958 2329 1162 2401 peruertendo
1182 2346 1260 2398 eum,
1283 2328 1418 2388 fraterne

267 2416 397 2473 felicitati
422 2416 554 2472 efficeret
579 2415 789 2488 perniciosum.
826 2413 1029 2472 Veruntamen
1054 2417 1084 2472 in
1110 2415 1208 2490 ipsam
1228 2417 1418 2488 redundauit,

266 2505 324 2561 deo
340 2505 470 2574 volente,
483 2503 674 2559 maledictum
691 2519 787 2559 suum.
824 2502 900 2559 Cum
920 2503 1000 2559 enim
1016 2521 1033 2559 a
1051 2503 1111 2559 line
1128 2504 1320 2561 ascendendo
1336 2505 1418 2562 bunc
1524 2501 1525 2550 ἒ

222 2600 252 2650 ²⁵
266 2609 388 2649 versum
405 2592 541 2648 volueret
559 2609 612 2648 ore
630 2591 766 2647 venefico
781 2591 853 2646 ‘boc
872 2607 949 2664 opus
967 2608 1073 2647 eorum
1091 2591 1141 2664 qui
1161 2591 1321 2649 detrahunt
1341 2593 1417 2650 mihi

265 2680 345 2752 apud
365 2679 538 2748 dominum‚'
557 2677 697 2734 continuo
718 2677 774 2734 sibi
795 2679 912 2750 utrique
933 2679 1009 2734 oculi
1030 2679 1093 2736 suis
1118 2680 1241 2736 sedibus
1263 2680 1417 2754 extirpati,

265 2785 359 2840 super
371 2766 467 2839 ipsam
480 2783 570 2839 quam
583 2767 700 2838 legebat
714 2765 855 2838 paginam
868 2766 1049 2822 ceciderunt.
1080 2767 1189 2823 Adhuc
1201 2777 1302 2824 autem
1314 2768 1417 2840 ipsum

265 2854 441 2926 psalterium
459 2861 584 2927 argento
603 2865 749 2925 paratum,
766 2853 857 2909 huius
877 2855 1074 2927 correptionis
1096 2872 1201 2912 cruore
1223 2857 1418 2927 maculatum,

265 2943 371 3015 prebet
381 2943 531 2999 indicium.
554 2940 704 3013 Ipsavero
713 2940 893 3014 infelixpost
902 2941 1056 3014 paululum
1065 2941 1186 2999 interiit.
1207 2942 1305 3013 Quam
1314 2943 1417 3001 lerunt

219 3051 252 3100 ³0
265 3048 321 3088 nec
340 3031 370 3087 in
390 3029 517 3088 ecclesia
532 3046 588 3084 nec
606 3028 637 3084 in
656 3045 763 3102 campo
782 3028 931 3102 sepultam
949 3046 1042 3101 posse
1057 3031 1171 3100 teneri;
1191 3031 1245 3087 sed
1261 3033 1417 3103 quendam

263 3118 409 3175 infantem
421 3116 638 3173 lucidissimum
658 3125 855 3189 apparentem
872 3115 989 3172 cuidam
1008 3116 1133 3174 iussisse
1149 3117 1180 3174 in
1197 3119 1328 3190 quodam
1344 3136 1417 3190 pro-

264 3205 357 3262 fundo
376 3206 441 3261 loco
459 3212 576 3261 semoto
595 3220 662 3260 eam
682 3203 793 3275 proiici.
882 3191 1040 3277 Tempore
1060 3205 1140 3277 regis
1163 3205 1269 3262 Canuti
1289 3207 1414 3279 quidam

266 3293 370 3349 Danus
382 3302 499 3364 partem
513 3291 592 3348 ruris
605 3290 699 3348 sancti
714 3290 853 3347 Kenelmi
869 3290 988 3348 aniene
1005 3293 1182 3365 temptauit:
1208 3293 1417 3366 indicaturque

264 3389 296 3437 vt
313 3381 400 3436 diues
419 3379 468 3435 ille
487 3396 555 3435 cum
574 3378 677 3450 viginti
696 3387 823 3451 quatuor
841 3395 933 3450 super
954 3396 1063 3452 corpus
1084 3382 1178 3437 sancti
1200 3380 1343 3437 Kenelmi
1366 3381 1416 3438 ius

218 3485 249 3536 35
264 3485 354 3524 suum
367 3475 555 3522 sacramento
567 3466 717 3539 probaret.
754 3465 890 3538 Cumque
903 3467 959 3522 hoc
976 3466 1075 3524 facere
1092 3485 1127 3524 se
1141 3468 1300 3541 ingereret,
1314 3470 1416 3527 subito

263 3554 313 3613 dei
325 3554 433 3611 virtute
446 3554 587 3624 repulsus
600 3555 793 3626 retrogradus
805 3554 960 3622 abscessit,
972 3563 1003 3611 et
1014 3556 1100 3627 quasi
1112 3565 1198 3613 vasto
1212 3557 1270 3612 ictu
1287 3557 1416 3616 obrutus

266 3641 394 3715 supinus
406 3639 542 3696 concidit.
567 3640 677 3713 Sicque
690 3649 770 3697 terra
783 3651 886 3698 sancto
899 3643 1072 3713 adiudicata,
1085 3643 1276 3700 aduersarius
1289 3644 1416 3702 domurn

263 3733 421 3798 deductus,
452 3726 503 3801 qui
533 3736 645 3784 terram
676 3729 804 3784 alienam
834 3729 936 3802 inique
966 3729 1085 3787 auferre
1116 3732 1280 3804 temptauit,
1312 3735 1417 3790 omnia

263 3833 407 3892 possessa
424 3832 492 3872 cum
511 3816 614 3872 seculo
631 3816 695 3872 iure
713 3817 820 3874 amisit
895 3805 1040 3873 Matrona
1052 3819 1180 3891 quedam
1193 3817 1304 3876 festum
1316 3822 1415 3878 sancti

218 3929 250 3978 40
265 3904 407 3963 Kenelmi
420 3905 581 3960 obseruare
595 3905 783 3976 contempsit,
793 3913 824 3961 et
836 3906 866 3960 in
880 3905 1006 3977 prandio
1019 3907 1140 3976 sedens,
1147 3905 1271 3981 indigna
1283 3910 1415 3980 quedam

262 3995 355 4051 verba
367 3992 398 4048 in
412 4000 549 4048 sanctum
562 3993 689 4059 intorsit,
702 4009 756 4048 nec
770 3993 929 4064 quicquam
949 3993 1050 4066 operis
1064 3993 1218 4050 intermitti
1234 3994 1415 4068 imperauit:

262 4081 339 4138 ‘Pro
353 4079 510 4148 Kenelmo,
523 4079 627 4151 inquit,
641 4078 743 4136 nescio
756 4097 824 4152 quo,
837 4079 965 4136 fructum
978 4080 1038 4138 diei
1051 4099 1111 4138 non
1128 4082 1311 4155 perdemus!
1354 4084 1417 4144 Vix

262 4169 388 4226 verbum
401 4167 508 4237 emisit,
522 4177 551 4223 et
565 4184 635 4223 ecce
647 4167 765 4239 vtrique
778 4167 855 4223 oculi
871 4169 992 4225 excussi
1008 4168 1038 4225 in
1057 4179 1170 4226 terram
1187 4170 1372 4242 ceciderunt,
1385 4185 1417 4232 et

260 4290 553 4408 Βὲῗὲεεέξὶἀιωω.
642 4289 736 4341 ¹13011.
750 4298 894 4342 euaserant.
978 4292 1035 4344 ³13.
1048 4299 1246 4358 prospexerunt.
1333 4293 1416 4350 ‘orm
