3052 4896
266 280 335 354 552
695 251 898 354 &timuit
925 255 976 329 ll.

262 457 420 531 triplicanit.
457 457 532 513 Hinc
545 457 676 529 estquod
688 467 753 528 post
765 474 797 513 se
809 455 945 512 Rieuallie
958 455 1069 530 reliquit
1081 458 1246 514 monachos
1259 461 1330 530 plus
1343 476 1433 531 qnam

263 552 384 610 centurn,
400 552 428 597 et
438 559 523 612 supra
535 541 629 597 decies
639 539 843 612 quinquaginta
855 539 943 594 laicos
955 540 1072 606 fratres;
1091 550 1121 595 et
1134 541 1325 598 substancias
1337 543 1433 598 eciam

262 635 357 681 tantas
375 624 480 680 dimisit
500 624 554 680 illis
572 640 627 695 que
647 623 684 678 sd
697 623 802 678 victum
817 633 846 678 et
864 623 995 678 vestitum
1013 623 1112 677 maiori
1130 624 1283 680 sufficiant
1301 626 1434 680 multitu-

262 707 321 763 dini
340 707 363 762 si
383 726 427 764 res
443 725 508 762 cum
528 706 682 778 prudencia
700 715 862 774 tractentur,
880 715 909 759 et
928 706 1048 776 posteris
1069 707 1342 777 superhabundent.
1392 711 1432 764 Et

233 791 329 862 gdum
345 790 410 846 talis
429 790 534 846 fructus
556 790 679 862 prodiret
689 787 709 856 ¹,
727 786 951 844 comitabantur¹
969 805 1033 844 eum
1052 789 1259 846 nichilominus
1278 793 1433 848 miracula.

260 873 422 944 lQuidarn
443 873 519 928 enirn
540 873 696 928 monachus
715 871 845 928 cardiaca
865 871 998 942 passione
1017 871 1158 940 detentus,
1176 891 1266 928 vsurn
1287 875 1431 947 loquendi

261 957 402 1024 amittens,
423 974 473 1027 per
494 957 555 1012 dies
576 955 796 1026 quamplurimos
817 954 1006 1026 perseuerauit
1024 965 1126 1011 mutus.
1163 956 1213 1010 Ad
1233 973 1328 1028 quesn
1346 969 1433 1028 pater

261 1041 408 1109 accedens,
420 1051 448 1097 et
462 1039 580 1110 digitum
594 1039 714 1094 indicem
727 1037 754 1092 in
767 1055 800 1094 os
811 1039 871 1094 eius
890 1039 1044 1109 imponens,
1057 1039 1143 1094 dixit:
1158 1039 1317 1110 ‘Loquere
1331 1041 1429 1105 michi,

260 1125 354 1192 trater,
374 1124 402 1180 in
421 1123 533 1180 nomine
553 1121 678 1178 domini'
716 1122 772 1192 Qui
792 1120 887 1177 statim
904 1121 1067 1192 respondit:
1087 1122 1251 1191 ‘Libenter,
1269 1125 1431 1180 benedicam

219 1207 384 1276 rodomine,
411 1224 477 1262 nam
505 1223 556 1278 per
579 1215 629 1260 tua
658 1204 758 1260 merita
786 1203 936 1260 sanitatem
960 1204 1113 1275 perfectam
1136 1222 1200 1260 surn
1226 1207 1429 1263 consecutns'

261 1292 341 1345 Alter
361 1299 455 1346 mutus
475 1290 575 1345 ductus
595 1289 634 1344 ad
655 1287 817 1343 abbathiam
835 1297 864 1342 et
882 1303 977 1342 coram
996 1297 1075 1358 patre
1092 1287 1215 1343 aelredo
1236 1291 1429 1358 mustitanis,

261 1373 340 1428 audit
357 1373 462 1428 abeo:
484 1373 643 1443 ‘Loquerel
663 1371 786 1442 precipio
802 1387 854 1441 per
871 1371 1051 1426 Christum':
1071 1382 1100 1427 et
1117 1371 1213 1426 statim
1237 1373 1376 1445 prorupit
1397 1374 1428 1428 in

260 1473 369 1524 vocem,
387 1465 415 1511 et
437 1456 523 1510 deum
544 1465 571 1510 et
594 1464 722 1510 sanctum
746 1455 897 1510 Aelredum
918 1454 1070 1510 benedixit.
1112 1455 1136 1512 Ἦ
1158 1455 1288 1524 Quidam
1311 1457 1429 1512 iuuenis

260 1538 457 1610 paruissimam
469 1539 597 1594 ranulam
609 1537 739 1594 nesciens
751 1537 899 1608 deglutiuit
908 1537 976 1592 dum
989 1537 1064 1593 sitim
1077 1555 1158 1593 suam
1170 1555 1279 1609 aquam
1292 1540 1429 1596 bibendo
1508 1544 1509 1547 ’

219 1642 247 1696 ¹5
261 1621 359 1678 sedare
383 1621 535 1678 voluisset:
562 1638 616 1693 que
635 1631 761 1676 creuerat
783 1620 811 1675 in
833 1629 930 1676 ventre
950 1620 1031 1688 illius,
1050 1631 1079 1676 et
1099 1621 1207 1676 viscera
1230 1622 1296 1676 eius
1326 1640 1428 1678 corro-

260 1705 332 1760 dens
358 1704 475 1775 singulis
502 1704 602 1759 diebus
628 1703 695 1758 inde
718 1704 851 1774 carpebat
875 1720 932 1775 quo
952 1701 1067 1759 viueret.
1113 1703 1167 1772 Qui
1194 1704 1358 1774 procidens
1386 1707 1427 1760 ad

260 1789 349 1859 pedes
368 1788 491 1855 Aelredi,
509 1787 595 1842 dixit:
622 1786 771 1856 ‘Domine
790 1786 814 1842 si
833 1785 884 1855 vis,
902 1795 984 1856 potes
1003 1803 1048 1841 me
1067 1787 1183 1840 sanare?
1220 1789 1261 1841 At
1281 1788 1343 1854 ille,
1361 1805 1426 1844 ora·

261 1871 342 1928 cione
358 1871 442 1938 iacta,
454 1871 546 1941 posuit
565 1871 637 1925 duos
653 1869 756 1939 digitos
777 1870 806 1925 in
825 1886 873 1924 ore
893 1868 984 1924 illius:
1004 1879 1033 1924 et
1048 1869 1143 1924 statim
1161 1887 1231 1924 rana
1247 1869 1367 1926 inclusa
1386 1873 1426 1926 ad

261 1953 365 2024 digitos
392 1953 452 2010 eius
480 1953 615 2010 ascendit.
660 1952 792 2008 Articulis
822 1952 905 2022 igitur
928 1952 1069 2021 extractis,
1096 1953 1256 2024 quadrupes
1283 1971 1338 2023 per
1364 1955 1425 2008 oris

218 2059 249 2094 ao
262 2038 375 2094 ianuam
389 2037 538 2108 egrediens
556 2036 633 2092 cadit
651 2036 679 2090 in
697 2045 806 2090 terram.
845 2037 909 2104 Qua
925 2044 1042 2090 exeunte
1061 2035 1169 2090 iuuenis
1188 2036 1287 2090 dolore
1304 2037 1424 2092 sublato

262 2122 438 2191 sanitateque
459 2129 582 2190 recepta,
602 2117 713 2189 gracias
734 2119 792 2188 agit
813 2119 867 2174 deo
887 2129 916 2174 et
938 2129 1036 2175 sancto
1056 2119 1187 2186 Aelredo,
1209 2120 1292 2174 cuius
1313 2120 1423 2175 merito
1508 2143 1509 2149 ¹

262 2221 361 2260 sanum
380 2221 410 2260 se
424 2220 486 2260 esse
498 2219 556 2258 non
570 2201 718 2258 dubitauit.
754 2201 859 2260 ttttiis
872 2212 900 2256 et
912 2201 1071 2257 huiusmodi
1084 2202 1179 2257 multis
1192 2201 1255 2256 aliis
1269 2202 1420 2259 miraculis

261 2287 379 2355 clarens,
392 2285 462 2341 obiit
480 2285 571 2357 pridie
592 2285 660 2340 Idus
680 2284 735 2340 ian.
752 2301 827 2340 anno
846 2284 952 2340 domini
969 2293 1130 2355 nt.c.cxvt⁰,
1146 2297 1174 2340 et
1190 2303 1266 2340 anno
1287 2286 1348 2342 vite
1367 2305 1419 2342 sue

261 2383 334 2436 svn,
348 2379 464 2426 stanno
477 2375 536 2424 xx⁰
547 2379 697 2440 postquam
714 2368 830 2424 domum
845 2367 982 2424 Rieuallie
998 2369 1120 2439 suscepit
1130 2370 1302 2439 regendam.
1340 2372 1418 2426 Cum

217 2465 247 2516 τε
260 2463 355 2508 autern
368 2469 468 2522 corpus
481 2452 549 2518 eins,
562 2461 591 2506 vt
604 2451 688 2507 moris
704 2462 758 2521 est,
770 2453 807 2507 ad
824 2451 977 2508 lauandum
995 2452 1119 2508 delatum
1133 2453 1233 2508 fuisset
1244 2463 1272 2508 et
1291 2455 1417 2509 munda·

259 2545 328 2604 turn,
341 2551 406 2590 caro
424 2535 483 2590 eius
495 2535 568 2590 vitro
584 2535 686 2605 purior,
698 2545 726 2590 et
740 2534 805 2591 niue
820 2535 967 2590 candidior
978 2535 1116 2606 apparuit,
1129 2536 1208 2606 quasi
1223 2537 1417 2608 quinquennis

259 2617 338 2690 pueri
351 2619 478 2672 membra
492 2617 646 2686 induisset;
667 2634 721 2689 que
734 2635 786 2674 nec
803 2635 891 2688 paruo
907 2617 1020 2690 quidem
1032 2619 1141 2674 macule
1154 2637 1227 2674 neno
1239 2621 1416 2676 fuscabatur.
1508 2652 1509 2676 r

262 2700 447 2772 Sepultusque
460 2711 504 2756 est
517 2700 654 2756 Rieualtie
668 2701 742 2756 iuxta
758 2701 984 2772 predecessorem
1003 2719 1085 2758 suum
1098 2703 1272 2756 Willehnum
1289 2704 1415 2774 primum

260 2785 392 2840 abbatem
412 2783 484 2839 illius
502 2784 564 2850 loci,
578 2783 668 2838 virum
684 2785 777 2855 vtique
794 2785 980 2841 venerabilem
1000 2795 1028 2840 et
1046 2787 1260 2841 sanctum-At
1277 2787 1414 2854 quoniam

215 2885 247 2934 ³0
261 2867 415 2925 secundum
428 2867 554 2923 veritatis
567 2867 596 2921 in
610 2867 715 2923 Genesi
730 2867 921 2922 testimonium
935 2867 1029 2939 ‘proni
1043 2878 1108 2923 sunt
1121 2886 1221 2924 sensus
1239 2871 1367 2926 hominis
1385 2870 1414 2925 in

260 2953 373 3016 malum,
387 2952 424 3007 ab
437 2950 633 3006 adolescencia
645 2949 714 3018 sua,’
727 2967 783 3004 non
800 2961 844 3006 est
860 2951 961 3006 mirum
978 2951 1001 3006 si
1018 2951 1117 3022 aliquis
1135 2952 1163 3006 in
1181 2951 1296 3008 iuuenili
1310 2955 1413 3022 calore,

260 3035 332 3091 inter
351 3033 468 3090 diuicias
487 3043 516 3088 et
534 3032 659 3099 delicias,
671 3032 797 3102 negociis
817 3034 935 3103 publicis
954 3034 1100 3104 inplicatus
1118 3045 1147 3089 et
1165 3035 1294 3091 materiis
1313 3053 1413 3107 pecca·

261 3129 353 3173 torum
373 3117 496 3188 vndique
518 3115 731 3186 circumseptus,
753 3115 835 3171 fuerit
856 3117 1025 3188 aliquociens
1044 3129 1250 3190 preoccupatus
1270 3121 1299 3175 in
1319 3121 1414 3192 aliquo

259 3200 370 3269 delicto,
384 3200 448 3256 licet
460 3200 497 3254 ad
511 3199 553 3254 sui
567 3198 726 3254 custodiam
738 3215 871 3269 magnam
891 3200 1049 3256 adhibuerit
1066 3201 1256 3272 diligenciam.
1294 3203 1345 3258 Sic
1361 3204 1413 3258 iste

214 3292 245 3342 tt
259 3283 405 3350 Aelredus,
419 3284 465 3354 qui
479 3282 507 3336 in
524 3281 620 3337 multis
639 3282 881 3350 commendabilis,
894 3294 924 3338 ut
939 3294 1096 3354 pretacturn
1113 3296 1167 3353 est,
1180 3297 1208 3341 et
1221 3287 1284 3342 sine
1297 3289 1413 3358 querela
1508 3321 1509 3327 κ

260 3365 403 3433 incedens,
425 3367 477 3422 sub
503 3365 593 3436 primo
613 3365 766 3422 iuuentutis
785 3366 853 3422 flore
870 3365 1059 3436 virginitatem
1085 3386 1165 3424 suam
1183 3370 1272 3426 lertur
1289 3372 1412 3426 deflora-

258 3447 342 3504 uisse.
379 3449 463 3517 Quod
480 3467 536 3504 non
549 3447 661 3520 penitus
674 3449 712 3503 ad
724 3447 767 3504 sui
779 3449 942 3520 perniciem,
956 3461 998 3506 set
1015 3452 1111 3524 pocius
1129 3453 1166 3508 ad
1182 3453 1412 3510 humiliationem

259 3531 381 3586 creditur
404 3532 563 3602 contigisse,
583 3549 647 3586 cum
668 3532 736 3588 illud
756 3533 795 3587 ad
816 3533 982 3589 memoriam
1003 3535 1102 3604 iugiter
1122 3539 1292 3606 reuocando,
1314 3548 1345 3594 et
1366 3537 1410 3593 dei

259 3613 478 3670 misericordiam
497 3616 571 3672 circa
588 3633 619 3670 se
638 3616 856 3686 magnificando,
874 3616 902 3671 in
918 3618 1029 3690 scriptis
1043 3619 1101 3674 suis
1117 3621 1260 3677 humiliter
1275 3622 1409 3688 confiteri,
1508 3679 1509 3682 ,

210 3717 246 3767 40
260 3709 287 3754 et
304 3699 341 3754 ob
357 3701 410 3754 hoc
427 3715 457 3754 se
475 3699 567 3769 ipsum
585 3707 718 3770 tanquam
735 3699 990 3770 flagiciosissimum
1004 3704 1117 3774 culpare
1129 3705 1241 3760 videtur
1255 3717 1285 3761 et
1303 3708 1408 3760 lamen·

259 3779 320 3836 tari.
359 3781 406 3836 Set
419 3791 447 3836 et
459 3781 512 3836 hoc
525 3781 554 3836 in
567 3779 658 3852 prima
670 3781 817 3852 pubertate
835 3783 972 3840 accidisse
989 3785 1127 3856 opinatur,
1139 3797 1221 3857 prout
1241 3787 1361 3858 ipsemet
1381 3787 1407 3841 in

258 3863 330 3920 libro
356 3866 400 3920 De
426 3865 558 3920 institutis
583 3865 752 3920 inclusarum
776 3867 920 3937 meminit;
952 3869 1040 3924 sorori
1068 3887 1118 3924 sue
1150 3869 1222 3925 inter
1250 3880 1345 3927 cetera
1369 3871 1409 3926 sic
1508 3911 1509 3923 ,

259 3949 398 4004 scribens:
418 3948 546 4016 ‘Recole
557 3946 579 4004 si
593 3949 693 4019 placet,
703 3949 765 4004 illas
777 3948 907 4006 feditates
920 3969 998 4006 meas
1008 3969 1059 4023 pro
1069 3953 1170 4024 quihus
1179 3970 1225 4008 me
1235 3955 1407 4025 plangebas:

260 4041 315 4087 etc.
353 4032 400 4087 Sic
419 4048 506 4102 vsqne
526 4030 554 4086 in
574 4042 717 4088 senectam
735 4043 763 4088 et
783 4033 893 4088 senium
911 4051 1002 4104 pauca
1018 4036 1170 4092 commissa
1182 4038 1309 4107 puerilia,
1322 4039 1407 4093 multa

212 4131 244 4180 45
260 4115 410 4184 iudicabat,
429 4126 457 4172 et
476 4116 597 4171 deflebat
616 4126 750 4187 tanquam
772 4115 972 4174 inmanissima
1010 4118 1066 4187 Qut
1086 4121 1152 4176 licet
1172 4119 1283 4177 iuuenis
1302 4122 1406 4178 veniret

258 4203 295 4258 ad
308 4203 482 4275 religionem,
494 4205 596 4260 caritas
610 4215 705 4261 tamen
719 4206 882 4278 cooperiens
896 4207 1104 4263 multitudinem
1117 4220 1307 4279 peccatomm,
1321 4211 1349 4266 in
1361 4210 1406 4266 illo
1508 4259 1509 4262 ,

433 4311 442 4341 ¹
459 4311 514 4364 MS.
526 4315 622 4379 periret.
927 4317 937 4346 ¹
954 4317 1009 4369 tts.
1022 4320 1243 4373 commitebantur.
