3052 4896
89 323 115 358 1.
129 293 294 370 renue]
439 293 513 388 Di
537 290 704 381 &stulta
730 289 900 382 litania
1166 297 1240 387 483

85 500 163 548 runt
190 509 297 550 omnes
325 491 459 566 virgines
486 492 535 551 ille
565 494 677 550 cursim
708 493 747 550 ad
777 492 896 566 nauigia
920 491 1104 550 festinantes.
1141 491 1240 549 Nulli¹

87 579 217 636 dubium
241 582 313 654 quin
344 589 515 638 sanctorum
542 580 636 650 multi,
660 590 721 637 tam
745 581 919 653 angelorum
945 597 1035 654 quam
1062 589 1240 652 ceterorum,

87 666 257 738 affuissent,
278 668 345 726 illas
369 667 573 726 deducentes¹
591 667 710 741 illisque
734 669 983 741 congratulantes.
1028 669 1143 724 Aderat
1173 684 1241 740 pre·

87 763 176 812 terea
200 764 230 812 et
254 756 361 813 sathan
385 772 453 814 cum
477 755 687 813 innumerabili
711 756 870 813 satellitum
894 773 1016 812 suorum
1045 755 1240 826 multitudine,

88 841 210 914 aliquas
218 861 257 900 ex
269 843 345 916 ipsis
357 843 505 917 impedire
517 843 680 916 volen[te]s
689 842 707 900 ³.
731 843 772 900 At
785 842 833 900 ille
845 842 947 900 diuina
959 843 1045 900 sunt⁴
1057 843 1240 916 protectione
1253 861 1269 914 5

88 928 217 998 munite,
229 939 260 986 et
278 930 401 1004 maligni
420 930 545 1004 spiritus
557 929 643 988 vacui
660 939 850 988 reuertuntur
862 940 892 988 et
904 931 1018 988 inanes.
1055 930 1100 987 Ο4
1111 939 1241 1005 quantus

88 1015 134 1074 ibi
159 1017 256 1075 luctus
286 1028 474 1092 quantusque
498 1035 603 1094 meror
623 1027 653 1075 et
684 1019 828 1092 planctus,
855 1036 924 1076 cum
949 1018 1009 1075 filie
1034 1026 1095 1074 tam
1125 1018 1241 1076 nobiles

87 1113 216 1178 tamque
228 1107 336 1164 decore
354 1117 385 1165 et
403 1107 557 1181 elegantes
573 1124 591 1163 a
609 1107 784 1180 parentibus
801 1116 831 1166 et
845 1106 948 1164 amicis
962 1108 1000 1164 ab
1012 1106 1143 1164 inuicem
1155 1125 1241 1180 sepa-

90 1193 289 1265 ra[re]ntur¹,
301 1203 391 1267 atque
410 1211 482 1268 spes
500 1194 582 1250 nulla
598 1195 737 1252 dccetero
751 1193 827 1252 foret
846 1194 1017 1252 remeandi!
1056 1194 1179 1252 Gladius
1198 1193 1241 1251 tui

89 1279 216 1351 amoris,
230 1280 320 1338 ihesu
340 1283 425 1351 bone,
438 1282 495 1338 hoc
513 1281 583 1339 fecit
600 1281 646 1338 bis
664 1291 777 1353 acutus,
791 1281 841 1356 qui
857 1283 1008 1354 separauit
1025 1281 1103 1339 lilios
1121 1291 1151 1338 et
1165 1281 1242 1338 filias
1257 1299 1288 1336 ro

90 1386 112 1425 a
131 1367 314 1440 parentibus,
326 1387 345 1426 a
362 1369 460 1426 charis
478 1378 508 1427 et
526 1369 613 1427 notis.
649 1368 815 1427 Confestim
827 1369 876 1427 vt⁰
889 1370 973 1426 oculo
992 1377 1149 1443 parentum
1168 1369 1243 1428 ami·

91 1473 259 1530 corumque
284 1457 436 1516 obtutibus
459 1458 643 1516 velificantes
664 1458 875 1526 subducuntur,
894 1457 1029 1530 angelica
1046 1456 1243 1515 deductione¹

90 1546 264 1618 gaudentes
282 1545 502 1604 confortantur:
525 1546 704 1619 illorumque
729 1545 882 1619 presentia
903 1545 1056 1615 delectate,
1079 1563 1137 1619 que
1162 1554 1242 1603 retro

92 1642 167 1690 sunt
187 1632 277 1690 oblite
299 1635 336 1690 ad
358 1633 465 1707 gaudia
484 1633 542 1691 sibi
562 1633 710 1707 promissa
731 1633 881 1690 festinant
920 1633 1013 1690 Porro
1033 1634 1178 1691 lactentes
1198 1633 1244 1691 in·

91 1720 217 1791 fantule,
231 1739 289 1794 que
301 1723 427 1779 vberum
443 1722 519 1778 lacte
535 1721 641 1778 nutriri
659 1721 804 1789 solebant,
817 1721 877 1778 iam
893 1721 974 1777 nullo
991 1739 1114 1794 prorsus
1127 1721 1244 1778 mamil·
1259 1743 1288 1795 15

91 1809 194 1866 larum
213 1808 394 1866 nutrimento
412 1810 575 1880 alebantur,
594 1809 649 1866 sed
669 1808 778 1882 digitos
797 1810 828 1865 in
851 1827 903 1865 ora
922 1808 1077 1866 mittebant
1095 1818 1125 1866 et
1143 1811 1243 1866 statim

92 1898 136 1954 de
151 1896 226 1969 ipsis
239 1897 338 1970 digitis
356 1914 458 1955 rorem
472 1897 529 1954 sibi
546 1897 652 1955 celitus
666 1896 864 1953 ministratum
877 1897 1033 1970 sugebant,
1046 1897 1130 1954 cuius
1142 1896 1244 1969 vigore

93 1986 356 2056 sustentabantur3
376 2003 433 2043 nec
450 1984 602 2059 vnquam¹
620 1984 651 2040 in
669 1985 776 2042 eodem
796 1985 910 2056 itinere,
927 1993 958 2042 vt
974 1984 1166 2057 paruulorum
1178 2000 1245 2040 mos

96 2071 171 2145 [est]
184 2081 213 2128 et
226 2081 339 2141 natura,
352 2074 514 2131 sordebant
526 2090 560 2130 se
573 2072 823 2143 madefacientes;
842 2073 897 2129 sed
911 2089 967 2128 nec
980 2072 1132 2144 plorantes
1144 2071 1244 2145 vagie-

93 2161 179 2228 bant,
191 2159 257 2218 aliis
275 2158 438 2218 inferentes
456 2159 633 2217 molestiam.
671 2159 709 2216 Et
725 2159 781 2217 iste
794 2158 824 2216 in
838 2175 964 2215 numero
977 2159 1116 2216 undecim
1129 2158 1244 2216 milium
1260 2178 1292 2214 ao

94 2263 161 2304 non
176 2247 304 2316 fuerunt,
316 2249 370 2304 sed
389 2247 582 2305 etiam⁹sunt
600 2256 811 2317 annumerate;
831 2263 957 2320 quarum
976 2263 1120 2304 numerus
1137 2264 1245 2320 paruu-

94 2335 195 2391 larum
215 2335 278 2392 fere
297 2336 335 2392 ad
352 2334 530 2409 quingentas
550 2335 723 2392 habebatur.
759 2334 821 2392 Sed
834 2352 873 2391 ne
886 2334 972 2392 alicui
990 2336 1048 2392 ista
1062 2334 1247 2392 incredibilia

94 2421 258 2480 videantur
275 2431 305 2479 et
323 2423 428 2479 friuola
440 2441 499 2496 que
511 2423 551 2479 de
569 2421 644 2495 ipsis
663 2421 824 2478 infantibus
838 2422 977 2491 diximus,
989 2440 1060 2480 ecce
1072 2440 1130 2495 que
1149 2439 1247 2496 nuper

96 2509 130 2566 in
144 2519 247 2566 nostra
259 2510 401 2583 parochia
418 2510 579 2584 contigisse
597 2509 788 2582 percepimus
806 2511 844 2566 ad
863 2509 1120 2568 continuationem
1139 2511 1246 2567 horum

96 2595 297 2671 proferemus.
320 2597 457 2671 Denique
467 2607 602 2654 matrona
616 2597 797 2670 [quedam]¹⁰
809 2605 873 2654 tres
882 2597 929 2654 in¹
944 2598 1145 2672 [vno]¹⁰partu
1153 2597 1246 2656 edidit
1261 2617 1291 2670 ²⁵

96 2683 270 2756 infantulas,
283 2685 389 2743 harum
407 2703 466 2744 vna
483 2685 654 2760 quindecim
673 2683 840 2759 superuixit
858 2685 971 2755 diebus,
990 2686 1047 2744 alia
1063 2687 1158 2744 tribus
1175 2687 1247 2744 heb·

98 2771 274 2844 domadis¹¹,
287 2773 374 2830 tertia
385 2783 520 2847 quatuor.
558 2772 647 2829 Nulla
664 2773 813 2847 siquidem
831 2772 949 2831 illarum
959 2773 982 2806 ¹²
993 2774 1041 2832 uel
1053 2775 1179 2832 uberum
1197 2775 1246 2832 vel

98 2859 159 2916 cibi
175 2859 300 2918 alicuius
317 2861 451 2920 alebatur
463 2859 646 2918 nutrimento
660 2861 732 2919 dum
751 2860 878 2918 adhuc¹⁸
889 2861 1035 2918 viuerent.
1060 2861 1138 2919 Ecce
1149 2862 1247 2920 adhuc

97 2947 131 3004 in
145 2947 278 3006 medium
288 2949 310 2982 ¹⁴
321 2948 508 3022 proferemus
518 2947 539 2981 ¹¹
553 2967 612 3023 que
625 2950 663 3006 ab
676 2949 810 3005 honestis
824 2949 979 3006 abbatibus
991 2948 1171 3021 quibusdam
1183 2967 1217 3006 ac
1226 2949 1247 2982 ¹⁶

97 3035 174 3092 viris
198 3045 229 3092 et
252 3037 427 3094 mulieribus
451 3055 506 3110 pro
531 3046 613 3094 certo
637 3036 849 3110 comperimus.
896 3035 990 3108 Virgo
1014 3037 1143 3109 quedam
1167 3035 1248 3092 iam¹
1263 3057 1295 3107 30

98 3123 298 3198 prouectioris
316 3125 450 3182 existens
467 3125 563 3194 etatis,
576 3132 738 3197 sancteque
757 3123 993 3182 conuersationis
1011 3132 1041 3180 et
1059 3123 1127 3194 vite,
1147 3124 1248 3182 multis

99 3210 190 3270 annis
208 3213 286 3269 lecto
301 3213 487 3270 decumbens
505 3212 535 3269 in
554 3211 687 3268 inferiori
699 3212 833 3285 corporis
851 3219 936 3284 parte
954 3210 1049 3268 ferme
1067 3221 1248 3284 premortua,

100 3299 218 3357 nullum
237 3300 296 3357 cibi
312 3301 360 3358 vel
379 3310 468 3373 potus
486 3300 624 3373 degustat
642 3299 827 3368 alimentum,
846 3299 1005 3372 aliquando
1024 3307 1124 3357 tamen
1141 3316 1248 3373 parum

99 3405 175 3446 esce
198 3387 307 3461 ingerit
330 3389 383 3459 ori,
402 3406 461 3462 qua
482 3387 636 3446 masticata
653 3387 751 3460 ipsam
770 3387 966 3445 substantiam
984 3405 1122 3460 expuens
1146 3388 1248 3462 egerit,

98 3475 162 3535 at¹¹
180 3475 223 3534 sic
241 3476 305 3534 solo
323 3476 403 3533 illius
421 3493 510 3534 succo
526 3475 623 3533 alitur.
661 3475 802 3533 Preterea
818 3475 869 3534 vix
886 3475 934 3532 oui
952 3477 1040 3533 vnius
1059 3483 1166 3533 testam
1178 3475 1249 3534 vino
1264 3495 1294 3546 3⁵

99 3563 225 3638 plenam
238 3563 379 3622 hauriens
391 3563 498 3621 sumit:
518 3572 548 3621 et
565 3563 620 3620 hec
639 3570 685 3620 est
697 3563 777 3620 dieta
793 3562 881 3619 illius.
919 3561 1003 3620 Idem
1020 3581 1094 3620 sane
1106 3563 1168 3620 vini
1186 3572 1249 3620 tan·

99 3649 200 3709 tillum
209 3649 230 3683 ¹¹
242 3651 340 3708 taliter
352 3651 492 3708 haustum
508 3649 687 3708 intrinsecus
704 3649 890 3711 consumitur
901 3650 1028 3709 naturali
1041 3658 1124 3721 estu;
1144 3659 1175 3708 et
1188 3668 1249 3708 non

100 3746 174 3812 eget
191 3747 222 3796 vt
241 3738 346 3796 saltem
365 3756 435 3796 raro
453 3739 491 3796 de
504 3739 581 3796 lecto
590 3738 613 3772 ¹⁰
630 3747 794 3810 moueatur,
811 3741 865 3796 sed
885 3756 941 3796 nec
960 3747 1084 3812 propter
1105 3739 1250 3812 requisita

101 3834 212 3886 nature
230 3834 369 3885 mouetur
386 3828 425 3884 de
443 3835 536 3884 stratu
555 3843 619 3884 suo.
655 3826 732 3884 Item
751 3844 790 3883 ex
809 3827 944 3899 pluribus
958 3827 1006 3883 dei
1025 3825 1176 3884 miraculis
1189 3844 1249 3900 que

100 3915 172 3988 ipse
193 3914 243 3987 pia
261 3913 433 3987 dignatione
454 3915 558 3972 suain
581 3912 759 3987 quibusdam
779 3913 886 3970 nobis¹
902 3915 980 3971 bene
1001 3915 1080 3971 notis
1100 3924 1249 3988 operatur,
1263 3939 1298 3990 4⁰

100 4002 143 4061 ad
161 4001 279 4059 illorum
297 4001 502 4060 testimonium
520 4020 579 4076 que
597 4002 635 4060 de
653 4000 729 4076 ipsis
747 4003 844 4059 adhuc
863 4001 957 4060 sacris
967 4000 1133 4076 virginibus
1146 4020 1251 4061 sumus

138 4121 148 4153 ¹
164 4122 196 4174 B.
208 4130 235 4174 et
246 4122 317 4174 nulli.
393 4121 403 4154 ¹
420 4124 452 4175 B.
463 4125 595 4175 ducentes.
668 4123 679 4154 ⁸
696 4123 726 4175 B.
738 4123 864 4185 volentes,
877 4123 906 4174 E.
918 4123 1017 4174 volens.
1091 4123 1100 4154 ¹
1116 4139 1166 4174 om.
1178 4123 1206 4174 in
1219 4125 1250 4177 B.

102 4192 113 4224 ¹
133 4187 163 4239 E.
175 4196 336 4252 separentur.
440 4187 451 4218 ⁰
467 4189 601 4254 Ritaque.
705 4187 714 4218 ¹
732 4190 763 4240 B.
774 4190 930 4241 visitatione.
1035 4189 1044 4219 ¹
1061 4189 1092 4240 B.
1105 4189 1250 4253 Nunquam.

103 4257 115 4290 ⁹
133 4255 164 4305 B.
175 4270 261 4318 supra
398 4253 417 4285 ¹⁰
435 4271 485 4307 orn.
616 4255 635 4286 ¹¹
653 4253 683 4306 Β.
696 4257 898 4305 hebdomadibus
910 4263 943 4306 et.
1076 4254 1095 4285 ¹²
1112 4256 1142 4306 B.
1154 4270 1250 4308 earum.

103 4321 126 4354 ¹¹
146 4320 176 4371 B.
193 4321 355 4372 aduiuerent.
415 4319 435 4352 ¹⁴
453 4321 483 4372 B.
493 4322 588 4372 medio.
645 4320 663 4350 ¹¹
680 4321 709 4372 E.
723 4321 893 4385 proferamus.
957 4318 976 4351 ¹¹
992 4320 1022 4372 B.
1035 4329 1070 4374 et.
1135 4319 1154 4350 ¹¹
1171 4321 1252 4374 B.ac.

109 4385 131 4420 ¹¹
148 4385 179 4439 B.
192 4386 353 4440 tantillulum.
437 4385 456 4418 ¹¹
472 4385 502 4440 E.
515 4389 549 4440 de
559 4387 627 4440 lecto
638 4401 704 4438 raro.

654 4463 718 4523 ria
