3008 4904
381 307 456 404 bc
480 305 646 396 baono
671 305 896 418 annotat.
1146 332 1210 402 191

55 526 163 578 secus,
181 510 220 565 de
241 507 382 566 exteriori
402 527 462 565 non
485 509 616 580 curauit;
635 508 820 582 appetitores
837 506 992 581 virginalis
1007 505 1148 582 pudicitie
1168 524 1216 564 re·

56 598 205 668 pellebat,
223 597 335 654 nullius
354 596 412 653 nisi
428 597 539 654 Christi
557 597 649 654 solius
668 613 801 653 amorem
821 598 991 666 admittens,
1008 595 1055 653 cui
1073 596 1129 652 soli
1147 604 1216 651 voto

56 685 182 742 ardenti
201 685 372 741 adherebat
409 684 579 741 Vilescebat
601 684 629 742 ei
648 683 709 742 vita
729 684 898 754 mundialis,
919 701 1050 757 sponsus
1072 682 1216 751 mortalis,

57 772 169 843 proles
193 772 337 829 carnalis:
366 781 396 828 et
415 772 532 829 cenobii
553 771 698 844 discipula
719 789 774 844 pro
795 771 915 828 Christo
937 771 1056 828 subdita
1081 770 1216 826 efficitur.

58 847 149 918 Cum
164 859 245 916 enim
257 861 322 916 vice
335 860 464 932 quadam
477 868 562 916 extra
579 859 794 916 monasterium
811 858 842 914 in
860 859 989 932 quadarn
1006 859 1076 915 villa
1094 857 1245 927 nomine5

58 947 196 1004 stokes¹
210 957 386 1016 moraretur,
399 947 478 1004 filius
492 946 571 1020 regis
589 946 743 1003 cuiusdam
761 964 828 1003 earn
848 964 904 1019 per
919 945 1092 1004 violentiam
1110 963 1216 1018 rapere

58 1045 90 1092 et
108 1035 143 1090 in
162 1034 333 1107 coniugium
350 1035 408 1091 sibi
426 1034 566 1107 copulare
586 1034 752 1091 affectabat.
791 1034 828 1090 Et
845 1034 968 1091 collecta
985 1033 1113 1090 militum
1127 1050 1217 1089 manu

59 1141 133 1180 cum
148 1121 304 1180 moliretur
320 1122 378 1180 sibi
397 1123 523 1194 predam
540 1121 639 1178 facere
654 1122 692 1178 de
710 1121 835 1193 virgine,
849 1129 972 1178 ostensa
988 1121 1094 1178 celitus
1106 1120 1237 1177 famule·

59 1209 179 1268 Christi
192 1209 310 1267 iuuenis
322 1209 461 1282 nequitia,
476 1209 546 1282 fuga
558 1209 658 1266 statim
671 1227 739 1265 cum
753 1208 864 1266 familia
875 1218 1061 1282 preparatur.
1098 1208 1218 1265 interea

59 1298 109 1354 vir
121 1291 174 1354 ille
188 1296 367 1354 temerarius
379 1299 417 1354 ad
431 1297 528 1354 locum
541 1297 676 1364 veniens,
690 1304 720 1353 et
731 1296 879 1370 virginem
893 1314 953 1353 non
967 1297 1136 1366 inueniens,
1146 1296 1217 1369 lupo
1234 1313 1263 1348 ro

60 1384 221 1458 rapidior¹
250 1401 359 1457 agnam
391 1383 502 1442 Christi
532 1383 697 1456 fugientem
727 1384 903 1457 insequitur.
950 1384 1021 1441 Erat
1052 1384 1092 1440 ibi
1119 1384 1219 1441 amnis

61 1473 189 1545 quidam
215 1473 337 1529 nomine
362 1472 461 1542 Corf⁸,
486 1473 583 1530 vado⁴
605 1471 742 1528 meabilis
766 1480 796 1528 et
816 1471 902 1529 alueo
924 1471 1101 1529 mediocris:
1127 1488 1218 1544 quern

60 1561 150 1633 virgo
161 1577 230 1616 cum
240 1559 304 1617 suis
314 1560 432 1632 fugiens
444 1559 550 1616 leuiter
559 1559 704 1626 transiuit,
712 1567 742 1615 et
752 1567 951 1632 persequutor
960 1559 1080 1632 iniquus
1090 1559 1218 1616 transire

62 1666 124 1705 non
150 1647 255 1720 potuit.
293 1647 370 1704 Nam
392 1663 469 1720 aqua
494 1648 591 1704 subito
616 1646 821 1703 intumescens
846 1664 968 1703 omnem
993 1647 1218 1704 transeuntibus

61 1737 207 1794 semitam
229 1735 404 1807 denegabat.
442 1735 592 1792 Confusus
612 1734 702 1807 igitur
725 1734 842 1792 iuuenis
866 1743 896 1790 et
920 1735 1071 1804 attonitus,
1089 1735 1218 1808 amplius
1236 1755 1264 1806 ¹5

62 1823 176 1896 virgini
188 1821 258 1879 talia
270 1821 381 1879 inferre
394 1840 453 1879 non
468 1823 661 1896 presumpsit.
734 1809 818 1880 Cum
831 1831 930 1878 autem
943 1840 1017 1879 auce
1030 1822 1174 1880 indomite
1187 1823 1217 1878 in

62 1913 176 1968 eodem
190 1909 254 1966 loco
267 1910 305 1965 de
318 1910 428 1967 stokes
439 1909 564 1982 virginis
576 1918 679 1967 sancte
692 1927 781 1982 agros
791 1919 971 1983 occupantes
980 1911 1179 1982 deposcerent
1189 1919 1219 1966 et

63 1997 183 2071 passim
200 1997 426 2070 depopularent,
443 1998 575 2070 dampno
590 2005 693 2054 sancte
709 1997 817 2070 virgini
833 1997 981 2068 nunciato,
999 2015 1059 2054 non
1076 1998 1218 2054 turbatur.

65 2085 181 2142 Potens
194 2084 275 2141 enim
289 2085 402 2141 meritis
415 2094 445 2142 et
456 2084 625 2154 virtutibus,
638 2085 743 2141 auibus
755 2085 814 2141 illis
828 2085 956 2157 imperat
974 2093 1005 2141 vt
1018 2084 1048 2140 in
1061 2084 1141 2157 agris
1153 2085 1219 2142 eius

63 2191 173 2230 earum
187 2172 269 2229 nulla
281 2181 443 2240 remaneat,
456 2189 511 2228 nec
524 2173 554 2229 in
568 2181 723 2246 posterum
740 2173 778 2230 de
797 2190 909 2245 genere
926 2171 1043 2228 illarum
1060 2172 1141 2245 agris
1156 2172 1219 2229 suis
1235 2188 1265 2224 20

64 2263 235 2334 dampnum
246 2259 365 2333 aliqua³
377 2260 488 2318 inferre
500 2269 662 2333 presumat.
687 2259 819 2333 Virginis
833 2259 930 2332 itaque
943 2259 1070 2332 imperio
1082 2261 1220 2317 volucres

65 2349 122 2405 hac
142 2348 212 2421 lege
231 2356 416 2415 coercentur,
428 2355 460 2404 vt
478 2347 552 2404 satis
571 2347 636 2404 eius
654 2347 779 2404 vlterius
799 2365 859 2404 non
880 2356 1031 2413 nocentes,
1044 2347 1135 2405 iussis
1154 2347 1220 2404 eius

65 2435 210 2492 obediant
218 2443 248 2492 et
260 2434 340 2508 agris
353 2435 535 2492 valefaciant.
561 2435 695 2508 Singulis
708 2435 795 2491 annis
805 2436 861 2491 hoc
874 2435 1049 2492 miraculum
1064 2446 1219 2506 renouant,

65 2525 140 2581 dum
166 2522 253 2596 quasi
277 2522 419 2578 iussionis
444 2540 604 2590 memoreS,
624 2531 799 2596 preceptum
824 2523 993 2595 transgredi
1018 2531 1164 2594 metuunt,
1189 2533 1218 2580 et

66 2629 157 2684 agros
173 2609 304 2666 vitantes
320 2628 337 2665 a
354 2609 426 2666 satis
444 2610 603 2666 abstinent.
640 2611 702 2666 Aut
720 2609 801 2666 enim
818 2610 975 2667 famelice‘
993 2611 1035 2667 sic
1051 2613 1089 2667 ad
1108 2629 1219 2684 pascua
1235 2629 1263 2679 ²5

66 2699 258 2754 descendunt
279 2715 368 2754 secus
392 2715 489 2770 agros,
513 2707 564 2754 aut
587 2698 686 2754 volatu
711 2697 840 2770 fatigate,
865 2697 951 2771 quasi
977 2698 1154 2770 respirando
1177 2699 1219 2756 sic

67 2802 235 2858 perparum
260 2786 303 2841 eis
329 2784 470 2853 insident,
495 2794 526 2842 vt
551 2785 679 2859 impaste
699 2786 769 2842 inde
790 2785 875 2842 citius
900 2787 1051 2842 recedant.
1136 2774 1219 2844 Cum

67 2881 171 2930 autem
197 2881 284 2929 nocte
308 2873 436 2944 quadam
462 2872 571 2929 diutius
596 2873 683 2930 solito
708 2873 891 2930 orationibus
921 2882 951 2929 et
976 2874 1220 2947 contemplationi

67 2967 215 3027 vacasset,
237 2957 357 3030 fatigata
377 2960 478 3032 sopori
500 2962 635 3017 membra
654 2961 743 3030 dedit,
763 2970 793 3017 et
813 2969 877 3017 orto
897 2961 961 3018 sole
983 2979 1126 3034 percussa
1148 2961 1220 3018 solis

67 3049 162 3116 radio,
185 3047 223 3103 de
248 3065 376 3120 sompno
401 3047 499 3103 subito
524 3047 733 3121 expergefacta
758 3047 890 3104 redditur
914 3051 1046 3105 attonita.
1084 3049 1220 3122 Cumque
1234 3070 1267 3120 30

68 3135 217 3192 maturius
235 3135 321 3191 solito
340 3135 462 3192 attonita
484 3137 669 3208 procederet,
690 3137 844 3209 decapite
867 3153 922 3192 suo
942 3153 1062 3193 sacrum
1083 3136 1220 3193 velamen

68 3223 154 3296 quasi
167 3221 270 3279 nescia
283 3222 413 3295 proiecit.
451 3223 514 3280 Nec
533 3241 626 3292 mora,
639 3223 710 3279 solis
727 3223 828 3280 radius
846 3223 948 3279 diuino
965 3232 1047 3289 nutu,
1060 3234 1219 3297 antequam

68 3319 182 3366 terram
196 3318 339 3382 tangeret,
348 3309 418 3366 illud
432 3310 573 3384 suscepit,
583 3319 612 3367 et
625 3312 719 3368 donec
733 3312 771 3367 ad
780 3329 813 3368 se
827 3329 950 3368 reuersa
958 3321 1046 3382 esset,
1056 3313 1220 3385 pendulum

70 3397 100 3454 in
113 3415 187 3454 aere
201 3415 300 3455 coram
314 3397 379 3470 ipsa
392 3397 511 3454 mansit
541 3396 579 3454 Et
591 3398 703 3455 celeste
719 3398 894 3455 miraculum
907 3417 1102 3472 cognoscens,
1115 3400 1220 3457 celitus

70 3503 103 3540 se
114 3485 265 3542 visitatam
283 3485 438 3553 intellexit,
451 3485 508 3542 deo
526 3485 636 3558 gratias
652 3485 722 3542 inde
741 3485 850 3555 libauit,
864 3485 1017 3542 benedixit
1036 3497 1065 3543 et
1084 3488 1219 3560 magnifi-
1234 3513 1266 3562 35

70 3573 154 3630 cauit.
228 3559 332 3628 Vidua
348 3589 417 3628 cum
436 3572 498 3629 filio
515 3590 570 3629 suo
588 3583 705 3630 mortuo
720 3573 802 3630 venit
817 3575 855 3630 ad
872 3573 1019 3646 virginem
1033 3585 1178 3646 sanctam,
1191 3585 1221 3633 et

71 3661 165 3717 solam
178 3659 209 3716 in
222 3659 351 3716 oratorio
362 3677 429 3716 eam
445 3660 612 3730 indemens,
625 3660 663 3717 ad
677 3663 770 3734 pedes
783 3661 848 3717 eius
861 3678 929 3717 curn
941 3662 1055 3735 gemitu
1068 3663 1181 3731 cecidit,
1192 3672 1222 3720 et

71 3755 101 3803 vt
118 3747 181 3804 vite
201 3747 407 3804 restitueretur
425 3747 504 3804 lilius
522 3747 587 3804 eius
609 3765 665 3804 sua
683 3748 898 3806 intercessione
918 3748 1025 3822 iugiter
1043 3749 1221 3823 implorauit.

73 3833 126 3890 Cui
149 3835 237 3907 virgo
258 3835 314 3892 ait:
344 3835 431 3891 ‘Non
452 3835 522 3908 es[t]
532 3835 552 3904 ⁷,
572 3835 677 3908 inquit,
698 3854 771 3894 sane
792 3835 903 3893 mentis
923 3837 1021 3910 quod⁸
1042 3855 1060 3894 a
1084 3855 1133 3894 me
1156 3838 1220 3894 lieri

72 3922 220 3996 deposcis.
255 3921 340 3978 Vade
371 3931 401 3979 et
432 3923 528 3996 sepeli
559 3931 710 3980 mortuum
741 3933 843 3994 tuum;
875 3932 965 3996 teque
993 3923 1080 3980 morti
1105 3925 1268 3992 future⁹4o

73 4027 201 4084 prepara
219 4019 288 4083 post
306 4009 401 4068 lilium
420 4020 512 4067 tuum.
548 4011 598 4067 Ad
617 4011 673 4068 hoc
692 4011 825 4081 enim,vt
844 4011 996 4083 moriatur,
1013 4011 1112 4069 omnis
1131 4014 1221 4070 homo

104 4223 158 4277 ¹1.
173 4225 273 4276 stocos
347 4224 535 4276 'Lrabidion
613 4225 668 4274 ⁸1..
681 4225 749 4276 Crof.
827 4226 978 4278 ⁴Lvalde.
1054 4226 1109 4278 ⁸T.
1123 4226 1221 4290 aliqua,

74 4287 258 4408 §.Falifq'iguordm
315 4288 503 4344 ‘nnnune
593 4289 648 4342 1Τ.
660 4299 715 4354 est,
731 4291 809 4343 Res
899 4292 954 4345 ⁸T.
969 4291 998 4343 Ε.
1010 4293 1086 4355 quid;
1104 4294 1131 4342 L.
1144 4295 1220 4357 quod.
