3046 4902
288 253 363 340 644
722 240 925 343 appendit
952 243 1004 320 ΙΙ.

288 447 434 518 naufragio
458 445 609 503 sedulitate
633 445 816 502 saluatum.'”
854 445 902 501 Sic
925 443 1043 500 clericus
1068 461 1133 501 sese
1156 445 1307 500 liberatum
1331 444 1456 499 miseri·

287 533 408 588 corditer
431 529 559 600 asseruit,
580 530 621 586 sic
640 547 691 601 per
714 531 829 586 beatum
849 545 944 600 regern
966 528 1150 584 Edmundum
1170 528 1227 584 vite
1253 529 1307 584 sibi
1334 529 1456 584 redisse

287 615 441 686 presidium
455 623 617 670 constanter
628 613 753 669 astruxit.

390 770 440 824 Du
458 781 594 834 Quonatt
613 779 725 824 suurn
743 779 931 824 saanmrico
950 779 994 822 nn
1012 769 1187 822 Ltunssara
1206 778 1340 822 sanam.

326 929 458 984 omnus
509 887 570 1015 IN
596 889 740 962 prouincia
764 889 868 959 Anglie
891 905 946 960 que
971 887 1122 944 Lindeseia
1146 887 1257 955 dicitur,
1278 888 1365 942 miles
1387 899 1455 942 erat

260 975 274 1026 5
459 969 465 983 '
577 973 706 1045 egregius
723 973 770 1043 qui
788 972 915 1045 precioso
931 973 1079 1027 deuinctus
1098 981 1157 1026 erat
1175 971 1331 1026 Edmundo
1344 972 1455 1026 sedula

288 1053 431 1110 seruitute.
469 1055 526 1112 Hic
551 1067 609 1112 tuto
633 1073 750 1126 corpore
774 1055 885 1126 paralisi
911 1053 1082 1121 dissoluitur,
1107 1065 1135 1108 et
1160 1053 1293 1109 ineffabili
1327 1055 1454 1123 langore

287 1137 395 1209 absque
415 1137 540 1194 remedio
556 1139 711 1206 cruciatur;
730 1147 875 1209 torquetur
889 1154 922 1192 os
938 1136 1006 1205 eius,
1025 1137 1165 1207 faciesque
1185 1137 1374 1204 contrahitur,
1393 1154 1452 1192 nec

288 1237 353 1290 spes
367 1233 492 1290 superest
505 1223 561 1277 ulla
574 1221 682 1278 consilii
695 1239 751 1292 quo
765 1219 887 1292 reparari
901 1222 994 1276 ualeat
1005 1219 1121 1276 alicuius
1133 1221 1243 1274 medele
1256 1219 1453 1290 inposicione.

288 1303 419 1374 Dumque
437 1305 489 1360 sub
506 1304 592 1360 tantis
610 1315 770 1376 quateretur
788 1302 940 1375 pressuris:
960 1321 995 1358 ex
1010 1303 1152 1374 insperato
1169 1301 1265 1359 diuine
1282 1303 1309 1358 ei
1327 1303 1453 1374 pietatis

243 1406 274 1443 ιο
288 1386 447 1442 consolacio
464 1386 543 1444 affuit
562 1387 710 1460 ipstunque
728 1387 827 1442 celitus
845 1385 939 1441 subito
955 1385 1129 1440 confortauit.
1168 1387 1201 1440 ln
1220 1386 1346 1441 hominis
1361 1403 1451 1441 nam-

287 1486 343 1541 que
368 1467 577 1540 pulcher[r]imi
601 1481 660 1526 tam
680 1471 769 1526 sonna
789 1486 874 1541 quam
894 1469 993 1524 habitu
1013 1469 1161 1539 splendido
1181 1470 1303 1524 nuncius
1324 1470 1449 1541 quidam

286 1551 425 1622 apparuit,
438 1562 466 1606 et
478 1553 619 1624 quomodo
632 1563 680 1609 aut
691 1553 809 1624 qualiter
822 1569 884 1608 sese
899 1553 1016 1608 haberet
1033 1552 1181 1622 diligenter
1194 1551 1349 1623 inquisiuit
1393 1552 1448 1606 Cui

287 1635 412 1690 infirmus
426 1635 569 1706 pacienter
580 1636 769 1707 respondens:
789 1635 880 1692 ‘Sicut
893 1635 994 1706 placet,
1005 1635 1174 1706 inquit,deo,
1188 1635 1325 1705 grauibus
1338 1652 1447 1708 usque-

287 1735 397 1789 quaque
409 1719 546 1773 molestiis
558 1727 586 1774 et
600 1719 747 1774 tormentis
757 1717 883 1788 affligor:
902 1717 964 1774 etsi
976 1719 1029 1774 deo
1041 1736 1098 1772 non
1110 1717 1265 1789 displiceat,
1274 1719 1447 1790 sospitatem

245 1821 273 1872 ¹⁵
287 1801 413 1856 obtinere
426 1801 573 1856 desidero!
609 1801 738 1857 Accessit
751 1800 834 1871 igitur
845 1800 989 1871 angelicus
1002 1803 1084 1856 heros
1096 1813 1123 1856 et
1135 1802 1227 1872 capud
1241 1819 1324 1856 suum
1337 1802 1444 1871 tetigit,

286 1883 557 1956 eminencioremque
576 1883 618 1940 sui
638 1884 762 1954 corporis
781 1894 889 1955 partem
909 1884 937 1939 in
957 1885 1010 1939 hec
1028 1885 1115 1939 verba
1133 1885 1193 1940 solo
1211 1894 1289 1940 tactu
1309 1885 1443 1940 sanauit:

288 1967 352 2022 ‘Ad
371 1967 543 2022 domicilium
561 1967 716 2023 mansionis
734 1985 796 2024 mee
817 1967 941 2022 uelocius
961 1969 1145 2038 proficiscere,
1165 1969 1258 2039 ibique
1277 1987 1314 2023 cx
1332 1967 1443 2037 integro

287 2051 401 2106 sanitati
423 2051 572 2106 donaberis
594 2051 782 2122 amissamque
804 2060 893 2106 status
913 2051 952 2106 tui
972 2051 1095 2122 graciam
1120 2051 1321 2122 consequeris?
1358 2053 1442 2106 Tunc

287 2133 353 2191 ille:
373 2133 537 2204 ‘Quisnam
550 2133 646 2205 inquit,
660 2151 699 2202 es,
717 2134 852 2189 domine?
869 2144 917 2189 aut
935 2151 989 2205 que
1007 2143 1050 2188 est
1069 2133 1210 2189 habitacio
1229 2145 1278 2190 tua
1296 2134 1334 2189 ad
1354 2151 1440 2206 quam

244 2239 275 2275 ao
287 2233 333 2274 me
346 2218 462 2273 inuitare
476 2217 607 2287 dignatus
622 2235 654 2272 es
664 2217 691 2272 l’
728 2217 903 2288 Respondit:
925 2218 1026 2272 ‘lhesu
1044 2217 1148 2272 Christi
1163 2216 1237 2287 regis
1254 2217 1382 2272 omniunt
1394 2235 1439 2271 me

287 2317 400 2356 seruum
417 2300 601 2356 Edmundum
618 2309 727 2370 oportet
747 2299 898 2366 noueris,a
915 2317 970 2371 quo
986 2298 1124 2355 beneficia
1139 2299 1196 2355 uite
1211 2299 1357 2371 utriusque
1374 2317 1438 2355 con·

287 2383 429 2455 sequeris:
467 2383 532 2439 Hiis
548 2395 576 2439 et
591 2383 782 2440 huiuscemodi
801 2401 819 2438 a
836 2383 937 2439 summi
955 2383 1028 2454 regis
1046 2383 1148 2439 nuncio
1160 2385 1305 2454 peroratis,
1324 2395 1437 2440 sanctus

288 2467 393 2522 Christi
406 2467 504 2522 martir
516 2467 646 2536 euanuit;
666 2476 695 2522 et
707 2467 857 2537 languidus
870 2468 916 2523 ille
929 2485 1010 2522 suam
1023 2485 1072 2538 pre
1082 2466 1187 2538 gaudio
1195 2468 1309 2523 uocauit
1316 2485 1434 2532 uxorem,

287 2549 369 2621 eique
387 2549 479 2606 retulit
498 2561 594 2621 optate
611 2551 804 2622 promissionis
823 2561 920 2606 uotum
937 2561 965 2606 et
984 2551 1094 2618 seriem,
1113 2551 1307 2605 visitacionem
1325 2549 1433 2621 gloriosi

243 2653 273 2702 ²5
287 2633 361 2704 regis
379 2633 507 2705 exposuit
524 2645 552 2690 et
569 2635 661 2705 capud
676 2644 807 2690 vexatum
827 2633 993 2691 cruciatibus
1012 2645 1141 2690 sanatum
1159 2634 1294 2690 ostendit.
1332 2633 1432 2690 Gauisa

287 2718 386 2774 mulier
409 2729 437 2772 et
461 2734 510 2788 spe
533 2734 653 2788 superne
675 2716 834 2788 sponsionis
854 2717 989 2784 nuntiata,
1010 2719 1141 2772 feretrum
1165 2718 1326 2788 preparauit
1345 2728 1373 2772 vt
1396 2717 1431 2770 ad
1501 2709 1502 2713 ’

288 2802 444 2874 preciosum
468 2801 610 2857 martirem
636 2801 680 2856 dei
705 2817 786 2856 suum
809 2799 941 2856 velociter
967 2801 1128 2871 deportaret
1157 2799 1255 2854 virum
1306 2802 1431 2871 Dumque
1498 2835 1499 2853 r

287 2886 378 2941 viator
396 2902 460 2940 cum
481 2901 565 2940 vxore
589 2883 728 2939 inualidus
753 2884 845 2939 adhuc
869 2902 904 2938 ex
927 2883 1036 2939 diutina
1055 2884 1198 2953 langueret
1220 2883 1429 2954 egritudinem
1495 2949 1496 2952 Ἴ

290 2968 452 3040 Hoylandie
466 2967 610 3038 prouincia
625 2967 761 3022 curriculo
778 2967 913 3022 aduectus
926 2967 1077 3022 caballario
1091 2966 1211 3037 sumpsit
1229 2967 1391 3037 hospicium,
1403 2968 1429 3022 in

242 3067 275 3116 30
288 3054 411 3108 crastino
423 3053 460 3108 ad
475 3051 617 3107 martirem
635 3051 807 3121 prolecturus
821 3049 983 3120 gloriosum.
1024 3051 1194 3105 Pemoctans
1210 3060 1306 3105 autem
1318 3069 1360 3118 eo,
1372 3068 1427 3106 cum
1492 3061 1494 3135 j

287 3153 342 3194 nec
361 3137 397 3190 de
419 3135 556 3206 promisso
577 3134 716 3189 diffideret
737 3150 790 3189 nec
811 3133 904 3188 adhuc
924 3151 959 3190 ex
977 3143 1035 3188 toto
1056 3133 1176 3188 sanitate
1194 3134 1337 3203 gauderet,
1356 3135 1383 3189 in
1398 3152 1428 3189 ea

287 3229 371 3279 nocte
390 3220 462 3274 adeo
481 3219 591 3288 penitus
611 3217 753 3272 conualuit
778 3216 836 3271 acsi
861 3217 967 3272 nullam
991 3233 1092 3288 passus
1115 3217 1214 3272 fuisset
1239 3217 1427 3274 infirmitatem.

289 3301 413 3370 Surgens
437 3311 530 3357 autem
549 3317 631 3356 mane
652 3316 716 3354 cum
736 3317 767 3355 se
789 3299 984 3355 conualescere
1005 3300 1122 3354 sentiret
1142 3317 1175 3354 ex
1195 3300 1311 3370 integro,
1334 3317 1425 3372 equum

288 3384 415 3439 ascendit
432 3394 460 3439 et
480 3383 532 3439 iter
550 3400 630 3438 suum
649 3383 686 3438 ad
702 3393 831 3438 sanctum
849 3382 1033 3437 Edmundum
1049 3381 1224 3437 accelerauit.
1262 3385 1308 3438 De
1327 3383 1425 3438 duobus

243 3477 273 3528 35
288 3467 402 3538 quidem
414 3466 516 3538 quibus
529 3468 664 3522 aduectus
677 3467 766 3521 iuerat
779 3482 881 3536 equum
898 3465 1025 3520 vendidit
1041 3465 1168 3530 alterum,
1182 3465 1297 3536 regique
1308 3468 1424 3536 precioso

288 3569 383 3608 secum
401 3551 501 3606 detulit
519 3549 652 3621 precium.
690 3552 792 3605 Coram
811 3548 966 3605 senioribus
985 3566 1051 3604 uero
1070 3566 1105 3603 ex
1122 3549 1220 3605 ordine
1239 3549 1338 3614 retulit,
1350 3568 1423 3621 quani
1483 3539 1484 3557 ¹

288 3634 505 3691 misericorditer
516 3651 580 3689 eum
593 3632 742 3688 ineffabilis
755 3632 799 3686 dei
818 3631 971 3687 clemencia
989 3649 1040 3702 per
1055 3633 1168 3687 beatum
1186 3649 1281 3702 regem
1294 3643 1322 3688 ct
1333 3634 1421 3704 glorio-

289 3737 350 3774 sum
362 3718 504 3774 martirem
518 3716 700 3772 Edmundum
712 3734 730 3770 a
742 3715 812 3770 tanti
825 3715 947 3784 langoris
959 3714 1165 3785 incom[m]odo
1177 3714 1313 3772 liberauit.

325 3867 374 3919 DE
393 3875 549 3920 MONACHO
568 3864 702 3917 SALOPIE
719 3874 759 3916 AB
778 3873 856 3918 ESTU
875 3872 1016 3916 FEBRIUM
1035 3873 1075 3916 ET
1092 3873 1219 3916 YDROPE
1238 3873 1391 3918 usurum.

573 3984 680 4038 Uidam
692 3983 822 4054 religiose
834 3983 892 4038 uite
904 3983 1059 4037 monachus
1072 3983 1107 4037 de
1121 3982 1237 4052 Salopia
1248 3993 1309 4037 estu
1317 3983 1416 4038 febrium
1473 4005 1474 4027 i

242 4086 275 4131 40
327 4023 464 4079 osbertm'
608 4067 761 4134 laborabat,
781 4083 834 4121 nec
851 4065 974 4136 aliquam
992 4065 1161 4120 medicinam
1179 4065 1299 4136 reperire
1318 4077 1416 4136 poterat
1469 4037 1473 4124 i

290 4149 422 4204 Morietur
433 4147 549 4204 tandem
562 4167 580 4203 a
595 4149 712 4204 medicis
725 4159 754 4204 vt
771 4148 942 4218 ingrediatur
956 4165 1059 4219 aquarn
1076 4149 1104 4203 in
1122 4149 1223 4203 balneo
1239 4149 1352 4204 calidam
1363 4165 1414 4205 utut
1467 4125 1471 4216 i

288 4229 358 4283 hora
374 4230 531 4286 immineret
550 4231 686 4300 angustie,
699 4241 727 4286 et
743 4233 796 4286 hoc
815 4231 868 4288 sibi
885 4232 1032 4286 adhiberet
1051 4231 1214 4286 remedium.
1255 4233 1323 4286 Cum
1335 4244 1412 4287 autem
1466 4225 1469 4309 J

288 4309 448 4366 huiusmodi
466 4313 602 4369 frueretur
619 4313 744 4382 consilio,
763 4316 888 4370 membra
909 4315 1020 4385 penitus
1046 4314 1201 4371 intumuere
1224 4314 1356 4384 genitalia,
1374 4314 1409 4369 vbi
1464 4313 1467 4402 l
