3028 4894
260 298 336 369 410
577 285 709 374 Rutu
734 281 926 389 [tumba
950 281 1104 388 innita

272 483 448 543 extremitas
465 485 599 545 abissum
623 495 748 560 tangere
768 485 942 554 videbatur3
967 484 1072 544 subtus
1094 484 1206 558 igneus
1230 495 1298 544 erat
1324 483 1418 542 nunus
1495 500 1496 505 ¹

272 569 447 642 decurrens,
459 583 490 632 et
502 573 527 632 si
540 573 608 648 quis
620 574 695 632 sorte
707 574 746 632 de
762 583 827 632 rota
839 574 967 641 caderet,
980 573 1011 631 in
1024 571 1103 648 ignis
1115 573 1302 647 voraginem
1316 575 1418 630 demer-
1500 611 1501 615 =

273 659 409 734 gebatur.
446 660 539 720 Erant
557 669 657 721 autem
670 661 701 718 in
714 671 779 718 rota
792 661 867 719 radii
883 661 993 719 dentati
1005 660 1090 734 quasi
1109 660 1207 718 clauis
1215 659 1331 718 ferreis
1341 658 1419 717 anatis

271 755 304 806 et
323 747 427 822 longis
465 747 500 806 in
518 749 574 807 hac
591 759 656 808 rota
671 750 763 808 frater
781 749 952 823 imponitur,
971 759 1001 806 et
1018 749 1202 821 quibusdam
1220 749 1322 806 clunis
1338 758 1418 805 mun

244 835 515 908 spercutientibus,
534 855 605 896 mox
626 837 753 896 velotius
771 837 946 894 versabamr
961 853 1051 910 quam
1072 835 1150 908 lapis
1169 836 1304 894 molaris
1325 837 1355 892 in
1369 852 1419 891 mo
1497 889 1498 906 ,

273 921 394 981 lendino
407 925 533 982 vertitur
541 926 560 982 ¹.
598 924 728 982 Demum
740 925 811 982 inde
823 924 975 998 depositus
986 925 1026 980 ad
1038 924 1192 998 quoddam
1205 941 1297 982 mare
1310 923 1420 983 ducitur,
1497 911 1499 925 ’

272 1010 304 1068 in
334 1011 419 1070 cuius
450 1013 632 1087 profundum
663 1029 793 1081 mersus,
816 1013 888 1070 vidit
913 1013 1074 1082 barcam,
1101 1011 1189 1068 cuius
1221 1029 1261 1068 os
1294 1010 1420 1086 superius
1497 1022 1498 1031 ¹

272 1108 444 1174 angustum,
472 1117 544 1174 pars
574 1099 698 1158 interior
728 1099 934 1158 inestimabilis
964 1098 1173 1172 profunditatis
1202 1109 1236 1159 et
1268 1097 1420 1156 latitudiuis
1499 1109 1500 1122 ¹

272 1187 444 1261 apparebat
481 1187 525 1245 lbi
548 1187 698 1263 ploratum
720 1196 836 1244 tantum
858 1197 889 1246 et
909 1187 1053 1244 vluiatum
1074 1185 1201 1256 audiuit,
1221 1197 1255 1244 et
1279 1187 1420 1245 neminem

232 1291 329 1348 repre
347 1273 479 1334 tenebris
497 1275 686 1334 densissimis
703 1277 808 1334 videre
826 1275 928 1348 potuit.
966 1272 1041 1331 lnde
1060 1290 1116 1347 per
1136 1274 1318 1332 vastitatem
1338 1275 1421 1332 eutus-
1498 1291 1499 1298 ¹

273 1361 343 1420 dam
361 1361 485 1434 heremi,
497 1363 594 1438 spinis
611 1371 641 1420 et
652 1363 770 1420 tribulis
787 1361 904 1421 exustis
918 1361 1118 1436 gradientium
1136 1361 1262 1436 plantas
1276 1363 1422 1436 periuran-
1501 1366 1502 1389 ¹

272 1447 353 1507 tibus
372 1449 487 1524 repleti,
504 1449 669 1522 adducitur,
688 1459 718 1508 et
737 1449 802 1508 viso
821 1449 944 1508 castello
961 1451 1090 1522 quodam
1107 1449 1261 1507 altissimo
1283 1459 1318 1507 et
1340 1451 1423 1523 nigro,

272 1546 303 1595 et
320 1537 351 1594 in
368 1539 434 1596 eius
451 1537 568 1612 fastigio
586 1539 657 1612 igne
676 1537 760 1612 piceo
777 1545 807 1596 et
826 1537 954 1612 putrido,
971 1537 1100 1611 qualiter
1117 1535 1189 1594 inde
1208 1538 1363 1596 dimissus
1378 1537 1422 1594 init

273 1623 393 1704 penitus
411 1624 568 1700 ignorauit
605 1625 696 1684 Venit
714 1643 787 1700 ergo
806 1625 844 1684 ad
866 1625 975 1682 vallem
1000 1623 1114 1681 infinite
1135 1624 1351 1697 longitudinis,
1370 1625 1424 1682 lati·

230 1729 260 1784 ¹⁵
273 1711 384 1770 tudinis
409 1722 440 1770 et
463 1712 683 1788 profunditatis,
703 1713 835 1771 flammis
859 1711 1044 1772 icruentibus
1069 1710 1247 1780 terribilem,
1270 1714 1424 1771 animabus

273 1799 403 1874 plenam.
448 1799 493 1860 De
524 1801 633 1876 quibus
663 1801 823 1859 nonnullos
856 1800 888 1858 in
918 1801 1019 1860 seculo
1049 1799 1139 1870 nouit,
1170 1817 1309 1874 qnorum
1342 1799 1423 1874 aliqui

272 1887 432 1958 seculares,
451 1888 501 1946 alii
519 1889 650 1964 religiosi
668 1898 698 1948 et
716 1888 874 1964 pontifices
898 1897 928 1947 et
946 1889 1068 1946 abbates
1087 1887 1227 1958 iuenmt3
1254 1907 1357 1948 vnum
1379 1905 1424 1963 pre

273 1975 381 2034 ceteris
400 1976 560 2036 eiulantem
581 1976 702 2048 audiuit,
722 1977 773 2052 qui
794 1976 825 2034 in
847 1977 948 2035 seculo
969 1976 1103 2050 prelatus
1119 1975 1219 2050 magni
1241 1978 1381 2036 nominis
1399 1989 1425 2035 et

273 2062 330 2120 loci
346 2062 409 2121 tuit.
448 2063 485 2122 Et
501 2081 569 2122 cum
585 2064 733 2124 tremulus
750 2065 859 2124 mediis
878 2063 1009 2122 flammis
1021 2081 1055 2122 se
1067 2063 1287 2138 proiiciendum
1300 2066 1426 2134 timeret,

229 2175 261 2216 ao
274 2159 304 2209 et
325 2151 466 2212 velociter
490 2151 590 2228 fugam
614 2153 770 2228 arriperet,
791 2154 851 2210 duo
870 2152 938 2210 tetri
959 2152 1043 2210 illum
1066 2151 1264 2226 insequentes
1288 2171 1425 2230 compre·

274 2238 409 2297 bendere
425 2239 603 2298 nitebantur.
639 2241 707 2312 Quo
719 2241 862 2298 velociter
879 2248 1026 2310 currente,
1039 2241 1161 2314 sanguis
1179 2241 1217 2297 ab
1237 2257 1293 2297 ore
1314 2242 1384 2300 eius
1399 2251 1426 2300 et

273 2327 413 2386 manibus
431 2345 553 2386 manare
571 2329 658 2402 cepit.
697 2327 736 2386 Et
757 2346 825 2386 cum
844 2327 977 2386 venisset
995 2328 1033 2385 ad
1051 2329 1202 2402 quandam
1220 2337 1360 2402 portam,
1379 2331 1426 2387 de

273 2415 361 2473 albati
375 2417 495 2490 quidam
512 2417 595 2474 illum
615 2416 809 2492 perbrachia,
821 2425 851 2474 et
870 2416 948 2490 nigri
967 2433 1023 2490 per
1040 2415 1129 2474 tibias
1144 2417 1183 2474 ad
1201 2433 1236 2472 se
1255 2417 1425 2476 trahebant
1502 2417 1503 2424 ’

275 2501 312 2562 Et
338 2505 437 2564 statim
467 2505 621 2580 euigilans,
646 2504 773 2564 ceruical
797 2505 946 2578 sanguine
976 2521 1149 2578 respersum
1176 2503 1305 2576 inuenit,
1333 2515 1366 2564 et
1395 2523 1427 2564 se
1503 2515 1504 2520 ’

229 2615 259 2668 ²5
273 2592 438 2667 sanguine²
461 2591 556 2652 fluere
574 2593 778 2652 sensit—Nec
798 2593 891 2650 multo
908 2601 977 2666 post
996 2591 1026 2648 in
1045 2608 1174 2666 sompno
1193 2607 1296 2648 coram
1318 2595 1427 2652 abbate

273 2677 413 2738 Waileuo
437 2682 475 2738 ab
501 2681 616 2740 eisdem
641 2681 784 2739 dealbatis
811 2681 975 2738 adducitur.
1011 2680 1109 2751 Quem
1139 2680 1223 2737 vultu
1254 2697 1369 2740 sereno
1400 2693 1428 2740 et

272 2767 400 2826 iocundo
421 2769 597 2842 accersiens,
616 2787 656 2829 ne
674 2769 792 2826 timeret
812 2767 973 2838 admonuit,
994 2777 1025 2826 et
1044 2767 1215 2825 ductoribus
1236 2769 1379 2843 precepit
1397 2781 1427 2826 m

272 2857 310 2914 ad
323 2857 387 2914 loca
403 2857 513 2932 requiei
529 2867 558 2915 et
573 2857 671 2932 gaudii
683 2857 812 2915 videnda
830 2873 899 2914 eum
917 2857 1107 2914 adducerent.
1143 2853 1288 2912 Sublatus
1303 2873 1380 2931 ergo
1398 2857 1428 2914 in

273 2955 406 3002 montem
428 2945 581 3004 excelsum
601 2945 688 3004 valde
713 2945 793 3003 etin
815 2946 965 3017 quandam
985 2942 1137 3018 regionem
1159 2943 1326 3002 maximam
1354 2945 1429 3004 lucis

228 3059 261 3110 30
273 3041 302 3090 et
321 3033 412 3107 pacis,
425 3033 498 3091 vidit
515 3035 687 3092 mansiones
704 3034 822 3104 multas,
837 3033 981 3108 quasdam
1000 3031 1086 3106 quasi
1103 3034 1141 3090 de
1159 3048 1233 3090 auro
1251 3032 1428 3106 purissimo,

273 3123 417 3196 quasdam
442 3122 481 3180 de
505 3131 635 3196 argento,
659 3123 804 3196 quasdam
830 3122 868 3179 de
893 3121 1041 3196 lapidibus
1062 3119 1206 3195 preciosis
1230 3129 1428 3180 constructas

273 3209 389 3268 Omnes
401 3209 499 3268 incole
511 3210 637 3268 iuuenes
649 3209 807 3286 splendidi,
820 3209 917 3268 leticia
929 3207 1018 3283 pleni.
1043 3207 1126 3266 Vidit
1137 3207 1177 3265 ibi
1190 3207 1318 3266 fluuium
1329 3209 1429 3268 melli·

273 3295 368 3354 fluum
380 3305 410 3356 et
422 3298 635 3367 delectabilem,
644 3306 673 3356 et
685 3298 787 3358 omnia
795 3313 908 3372 genera
916 3298 1056 3354 arborum
1068 3305 1098 3354 et
1110 3295 1226 3352 tiorum.
1250 3295 1372 3354 Ductus
1382 3307 1428 3356 est

272 3385 349 3443 vltra
367 3403 486 3444 murum
503 3388 654 3460 quendam
672 3402 795 3444 aureum
813 3393 844 3444 et
863 3385 956 3442 altum
978 3385 1009 3442 in
1026 3384 1180 3458 regionem
1197 3383 1428 3456 lucidissimam,

228 3497 259 3550 35
272 3475 323 3532 vbi
336 3475 483 3532 canticum
495 3475 592 3533 leticie
605 3475 716 3534 audiuit
728 3475 815 3550 quale
832 3474 963 3534 humane
975 3489 1065 3531 aures
1076 3472 1124 3529 vel
1138 3472 1238 3545 lingua
1252 3474 1428 3546 exprimere

273 3572 434 3637 nequeunt
459 3563 552 3622 Affuit
566 3563 605 3621 ibi
614 3563 772 3622 Walleuus
780 3563 872 3620 abbas
880 3571 909 3620 et
921 3561 979 3620 ait:
1001 3559 1125 3618 ‘Vidisti
1133 3559 1294 3634 supplicia⁸
1305 3578 1427 3619 reorum

273 3660 304 3709 et
328 3652 445 3725 premia
467 3652 630 3710 iustorum:
659 3653 767 3709 amodo
786 3650 847 3708 noli
868 3668 936 3708 esse
955 3649 1135 3717 incredulus,
1153 3648 1207 3704 sed
1228 3647 1347 3721 tidelis3
1375 3651 1427 3707 de·

272 3739 351 3798 clina
366 3758 384 3796 a
402 3741 479 3798 malo
497 3749 527 3798 et
545 3739 590 3798 iac
608 3741 730 3812 bonum,
747 3747 778 3796 et
796 3737 982 3814 propositum
1000 3736 1112 3795 ordinis
1129 3735 1235 3810 inquo
1247 3745 1374 3794 vocatus
1393 3755 1426 3795 es

273 3827 432 3902 diligenter
460 3829 596 3886 obserua.
635 3827 723 3899 Rota,
748 3825 853 3900 inquit,
878 3835 908 3884 et
931 3843 1043 3900 vorago
1073 3832 1104 3882 et
1129 3823 1225 3893 vallis,
1249 3841 1311 3898 que
1342 3825 1426 3899 prius

228 3942 262 3995 40
274 3916 381 3989 vidisti,
400 3916 465 3974 loca
488 3915 651 3991 purgatorii
670 3923 756 3987 sunt3
775 3913 852 3972 inira
868 3913 981 3972 castelli
1000 3911 1142 3972 ambitum
1161 3920 1270 3986 puteus
1287 3913 1425 3985 putridus

274 4004 381 4080 igneus
400 4014 430 4062 et
447 4005 637 4078 sulphureus,
650 4003 747 4062 aditus
766 4011 812 4060 est
830 4001 948 4072 inferni,
961 4000 1133 4059 infidelibus
1144 4009 1174 4057 et
1186 3999 1357 4058 crimimsis
1368 4001 1423 4058 im·

275 4093 479 4167 penitentibus
498 4093 666 4166 deputatus.
712 4091 813 4149 Prima
824 4091 907 4164 regio
920 4106 1010 4164 quam
1030 4088 1133 4162 [nunc]
1146 4087 1257 4158 vidisti,
1269 4087 1357 4145 iustis
1368 4087 1422 4144 sed

273 4180 458 4256 imperfectis
472 4180 659 4255 assignatum
678 4178 736 4240 ista
748 4196 820 4240 vero
830 4177 931 4255 patn'a
939 4177 1079 4252 proxima
1087 4185 1134 4234 est
1141 4175 1215 4248 celo,
1225 4192 1315 4251 quam
1325 4175 1422 4234 nulus

328 4353 797 4418 ibetextinBollberebrsagap.
863 4349 1179 4416 ’nummatum
1244 4347 1419 4416 'Esuplieia
