3012 4898
258 311 329 386 342
567 288 698 376 uuus
723 283 914 390 iratam
937 276 1092 388 flattu.

257 497 442 564 presentem,
461 486 509 547 et¹
527 489 678 562 quomodo
696 487 825 546 latenter
843 495 946 562 posset
967 487 1060 558 exire,
1079 486 1139 544 iam
1158 486 1268 560 fugam
1294 487 1425 546 medita·

258 577 353 634 batur.
391 575 480 634 Hunc
502 575 639 634 inimicus
663 593 751 632 suum
771 593 840 634 ease
858 576 1029 645 aduertens,
1047 575 1196 632 fuscinula
1215 576 1357 634 tridenti
1381 593 1426 632 ar·

258 673 378 738 repturn
403 663 433 722 in
459 663 604 722 fiscellam
628 681 714 720 suam
742 663 876 737 proiecit,
899 671 930 721 et
953 663 1047 720 veloci
1071 680 1162 720 cursu
1188 661 1276 721 foras
1306 664 1427 722 uutlit

257 751 343 809 Tunc
354 753 402 810 vir
419 759 549 820 mactus,
562 768 618 825 pro
636 751 727 808 tratre
745 751 796 808 illo
814 749 954 820 solicitus,
968 767 1038 808 eum
1056 767 1145 806 mane
1161 749 1342 823 diligenter
1359 767 1427 824 per·
1486 803 1487 812 ,

229 839 336 913 squiri
352 837 447 897 iussit.
484 837 546 896 Sed
561 849 631 896 ante
643 855 782 896 auroram
794 855 889 911 vagam
905 847 935 896 et
951 837 1104 911 profugus,
1117 837 1223 894 relicto
1238 839 1338 895 sanari
1356 840 1429 910 ingo
1487 832 1488 860 ¹

259 926 379 996 Christi,
400 935 546 1000 sequutus
570 926 666 983 luerat
686 925 858 996 inimicum
889 934 919 983 et
940 925 1131 982 coadunatis¹
1149 925 1329 998 iniquitatis
1357 926 1428 982 filiis
1486 937 1487 962 ³

258 1013 421 1072 latrociniis
438 1013 567 1085 aeduus,
579 1013 685 1087 capus
703 1013 870 1071 abscisione
885 1013 977 1070 vium
994 1013 1025 1069 in
1043 1013 1127 1070 breui
1143 1013 1255 1070 nnuc
1339 1001 1428 1073 Cum

258 1101 325 1160 vice
337 1103 466 1176 quadam
485 1101 609 1158 missam
622 1100 795 1170 celebraret,
808 1100 882 1158 vidit
895 1117 978 1159 mare
990 1101 1192 1173 multiplicatis
1205 1101 1430 1158 voluminibus

259 1189 402 1246 fluctuum
426 1188 456 1246 iu
478 1189 607 1246 sublime
630 1199 772 1258 erectum,
796 1199 827 1246 et
850 1188 943 1246 fracto
967 1189 1054 1246 nauis
1075 1205 1130 1246 sue
1152 1189 1379 1261 gubernaculo
1398 1198 1429 1246 et

216 1293 246 1332 re
259 1277 356 1352 ruptis
370 1277 493 1334 rudibus
502 1279 545 1349 (l),
557 1279 671 1334 incerta
683 1277 839 1351 vagatione
851 1277 1010 1347 ferebatur,
1022 1277 1118 1334 donec
1135 1277 1274 1348 scopulis
1292 1278 1392 1346 illisa,
1410 1294 1429 1332 a

259 1382 404 1440 compage
418 1381 472 1421 sua
484 1364 603 1438 penitam
621 1364 853 1433 dissolueretur3
873 1374 903 1422 et
916 1361 1065 1420 hiantibus
1076 1364 1163 1420 vndis
1175 1365 1234 1421 viri
1248 1367 1400 1438 absorpti
1408 1363 1428 1431 ³,

260 1471 316 1526 pro
338 1452 452 1510 meritis
471 1451 588 1526 premia
611 1451 769 1525 recepturi,
790 1451 907 1510 animas
928 1452 1120 1510 reddiderunt
1128 1453 1147 1508 ⁴.
1185 1451 1262 1508 Post
1287 1454 1428 1510 mim

259 1558 333 1598 vero
357 1540 440 1598 misit
463 1539 588 1611 iratres3
619 1539 671 1612 qui
695 1548 800 1612 quarto
828 1539 878 1598 die
900 1537 932 1595 in
956 1538 1054 1596 littore
1077 1547 1108 1596 et
1135 1538 1201 1595 loco
1228 1556 1249 1596 a
1273 1540 1349 1597 viro
1376 1538 1426 1596 dei

260 1626 415 1700 designato
434 1628 660 1684 submersorum
674 1643 801 1699 corpora
816 1627 1015 1696 inuenientes,
1034 1625 1238 1684 ecclesiastice
1255 1629 1426 1701 sepulture

217 1733 245 1786 ¹⁵
260 1715 454 1773 tradiderunt.
528 1703 674 1772 Matrona
689 1715 827 1787 quedam,
840 1713 1042 1772 admonitione
1058 1713 1200 1770 semidei
1212 1713 1310 1772 vitam
1332 1731 1425 1772 suam

260 1804 434 1870 emendans,
454 1801 547 1860 seculi
565 1819 709 1876 pompam
727 1811 757 1858 et
776 1811 1021 1859 ornamentorum
1038 1801 1199 1858 vanitatem
1217 1803 1424 1876 contempsit,

259 1899 290 1948 vt
303 1889 382 1948 inter
397 1890 518 1948 delicias
534 1891 643 1946 domus
658 1907 712 1946 sue
730 1889 892 1946 solitariam
904 1889 996 1946 vitam
1013 1905 1102 1962 agere
1113 1889 1286 1958 videretur;
1307 1891 1424 1964 sepius

260 1977 351 2052 ergo⁸
369 1977 522 2034 dominam
546 1976 628 2033 illam
647 1976 777 2047 visitare,
797 1985 827 2034 et
851 1977 889 2034 ad
912 1975 1037 2032 meliora
1058 1993 1222 2049 prouocare
1243 1978 1422 2035 consueuit

262 2063 341 2122 ilinc
372 2065 479 2122 iratres
503 2063 623 2138 quidam
653 2065 754 2138 prauis
784 2063 1004 2137 suspicionibus
1031 2063 1153 2136 fatigati,
1176 2063 1421 2122 familiaritatem

216 2175 248 2212 ao
261 2151 341 2210 illam
363 2152 490 2210 carnalis
512 2151 677 2210 allectionis
701 2151 800 2209 illicite
819 2169 909 2208 causa
928 2151 992 2208 lore
1011 2151 1167 2208 incusant:
1193 2161 1224 2209 et
1245 2153 1419 2210 multorum

259 2239 382 2298 auribus
399 2239 525 2310 infectis,
538 2241 661 2297 demum
677 2241 716 2297 ad
730 2241 850 2296 beatum
864 2239 1051 2296 Bemardum
1063 2239 1256 2312 conquestio·
1269 2241 1419 2299 deuenit:

260 2330 298 2384 ad
308 2345 398 2401 quem
411 2345 520 2384 seruus
530 2327 577 2384 dei
585 2327 721 2397 veniens,
729 2327 815 2384 cuiin
826 2325 948 2402 spiritu⁷
958 2344 1070 2383 nomen
1079 2327 1255 2384 etmcn'tum
1265 2327 1420 2386 diuinitus

260 2415 395 2484 innotuit,
416 2425 446 2472 et
467 2433 578 2472 vocans
602 2433 671 2472 eum
696 2415 850 2485 secretius,
870 2413 961 2471 dixit:
990 2413 1032 2470 ‘F
1033 2423 1121 2485 rater,
1141 2413 1245 2488 inquit,
1268 2414 1418 2479 Roberte‚

260 2501 334 2560 salsa
350 2511 419 2560 sunt
434 2501 605 2577 omniaque
618 2511 722 2560 contra
733 2511 763 2560 te
776 2503 897 2560 sinistra
909 2501 1040 2575 suspicio
1052 2501 1216 2558 machinari
1228 2513 1339 2560 conata
1353 2505 1420 2562 est'

216 2613 246 2665 ²5
262 2589 299 2647 Et
316 2589 346 2646 in
364 2591 484 2664 signum
500 2589 613 2647 amoris
631 2607 739 2648 zonam
758 2607 843 2648 suam
859 2591 958 2647 eidem
977 2589 1118 2646 contulit:
1137 2607 1197 2662 que
1210 2591 1330 2646 meritis
1343 2591 1417 2649 vtri·

261 2695 357 2752 usque
365 2677 466 2734 multis
475 2677 602 2736 infirmis
613 2679 803 2750 postmodum
816 2678 951 2735 sanitatis
961 2676 1107 2734 beneficia
1115 2677 1252 2735 restituit
1310 2665 1417 2738 Sanc·

261 2775 324 2822 tum
337 2765 418 2822 enim
431 2765 712 2839 Godricum,vtpote
724 2765 922 2822 confessionis
933 2774 965 2823 et
977 2765 1158 2822 conscientie
1171 2764 1251 2822 illius
1263 2767 1415 2834 medicus,

261 2853 364 2926 sepius
376 2851 508 2910 inuisere
521 2862 551 2910 et
566 2853 675 2926 alloqui
687 2853 850 2911 consueuit.
887 2853 934 2910 De
947 2853 1059 2910 morbis
1071 2853 1210 2909 vitiorum
1223 2861 1254 2909 et
1264 2853 1414 2913 virtutum

261 2939 412 3010 remediis,
431 2941 469 2997 de
488 2943 615 2998 secretis
632 2941 791 2998 celestibus
810 2949 839 2998 et
858 2939 1000 3014 angelicis
1019 2939 1245 3010 visitationibus,
1264 2942 1306 3000 de
1325 2960 1414 3000 sanc·

216 3057 248 3108 30
261 3037 360 3085 torum
384 3027 557 3101 patrociniis
581 3027 797 3086 interserentes
804 3028 823 3096 ⁸,
842 3027 921 3085 diem
946 3045 1014 3085 cum
1033 3029 1170 3084 noctibus
1188 3030 1414 3088 continuabant.

262 3115 398 3189 Cumque
415 3115 562 3174 Godricus
577 3117 700 3174 tandem
717 3115 748 3172 in
764 3117 839 3173 cella
855 3133 910 3173 sua
927 3116 1113 3186 consisteret,
1125 3115 1199 3173 vidit
1213 3117 1292 3173 duos
1309 3135 1415 3176 murus

261 3203 405 3260 candidos
435 3203 473 3260 ad
506 3204 604 3261 celum
634 3221 730 3277 vsque
760 3212 924 3277 porrectos,
954 3203 1035 3260 inter
1063 3203 1161 3277 quos'
1191 3213 1255 3261 tres
1286 3206 1413 3278 spiritus

261 3291 386 3363 angelici
405 3293 598 3365 apparebant,
617 3291 668 3364 qui
686 3291 824 3365 spiritum
843 3290 952 3364 prefati
970 3291 1085 3348 abbatis
1105 3293 1136 3348 in
1156 3291 1245 3364 globo
1264 3291 1357 3365 igneo
1376 3297 1412 3352 ad
1493 3345 1494 3384 i

262 3395 394 3450 superna
407 3379 581 3436 deserebant
593 3380 621 3436 ¹⁰.
658 3379 744 3436 Vnus
756 3397 774 3436 a
786 3378 909 3448 dextris
922 3379 998 3436 alter
1013 3395 1031 3435 a
1044 3378 1174 3436 sinistris
1187 3381 1411 3452 procedebant3
1489 3381 1494 3414 ³

216 3491 247 3543 35
261 3465 367 3523 tertius
379 3483 472 3539 supra
482 3467 617 3524 omnium
629 3467 770 3524 verticem
784 3467 876 3524 nimia
887 3483 955 3524 cum
968 3467 1150 3524 exultatione
1162 3466 1288 3539 preibat.
1328 3471 1412 3527 ‘Non

262 3554 353 3624 enim,
372 3553 467 3627 inquit
486 3554 641 3625 Godricus,
661 3555 840 3628 disponente
858 3555 980 3611 domino
998 3555 1081 3611 solus
1098 3571 1117 3610 a
1134 3571 1262 3628 corpore
1281 3557 1412 3632 migrare

262 3642 366 3717 potuit,
379 3641 448 3714 quia
460 3658 528 3700 cum
541 3660 578 3699 eo
590 3643 719 3716 quedam
734 3643 813 3701 bone
824 3643 884 3700 vite
901 3642 1013 3700 semina
1027 3641 1065 3699 de
1080 3641 1245 3715 Hastinges
1262 3644 1411 3713 discessit

262 3730 384 3788 nomine
410 3729 526 3788 Editha.
563 3730 601 3787 Et
629 3731 697 3788 licet
721 3730 830 3788 tuerint
855 3731 945 3804 longo
968 3741 1117 3788 terrarum
1141 3729 1245 3803 spacio
1269 3735 1411 3806 separati,
1493 3771 1494 3788 ι

263 3821 369 3877 eadem
382 3827 483 3874 tamen
497 3819 570 3876 hora
581 3817 612 3874 in
625 3819 731 3876 eadem
744 3817 935 3875 beatitudinis
952 3827 1033 3875 sorte
1049 3827 1120 3875 sunt
1137 3817 1296 3876 coniuncti.
1336 3820 1411 3880 lnu·

217 3934 251 3984 40
262 3916 351 3966 erunt
376 3905 407 3964 in
429 3923 586 3964 occursum
608 3906 744 3963 eiusdem
765 3905 882 3963 abbatis
905 3905 1029 3979 spiritus
1053 3921 1200 3978 nequam
1229 3907 1286 3963 sed
1308 3907 1411 3966 decer·

262 3997 395 4054 tentibus
412 4011 468 4067 pro
486 4012 523 4051 eo
541 3994 664 4066 angelis,
683 3993 820 4050 diabolus
841 3993 873 4050 in
892 4011 947 4050 sua
964 3993 1192 4066 presumptione
1210 3993 1411 4064 confunditur,

262 4093 292 4143 et
306 4084 338 4141 in
351 4083 450 4142 sinum
468 4082 589 4139 Abrahe
604 4080 755 4139 Robertus
768 4098 876 4139 seruus
889 4079 1000 4139 Christi
1012 4079 1179 4154 excipitur!
1216 4079 1300 4139 Obiit
1312 4093 1409 4142 autem

296 4231 388 4283 ¹Boll
400 4232 452 4295 qui.
514 4228 749 4281 'Ecoadunatus
807 4229 857 4281 ⁸T.
870 4229 975 4280 absumi.
1028 4229 1079 4280 ‘'l'.
1092 4229 1275 4289 reddidemnt3
1293 4229 1408 4281 Rdede

263 4307 331 4350 runt.
416 4297 494 4348 'om
504 4297 531 4346 in
543 4296 574 4346 T.
654 4296 840 4358 ‘Bolletqu
920 4293 1115 4357 'Rspiritum
1195 4293 1408 4348 ‘Rollinterse

263 4367 430 4416 disserentes.
495 4362 506 4393 ’
522 4377 553 4412 so
566 4362 603 4421 1...
613 4361 643 4414 T.
657 4361 686 4412 Ε.
698 4362 725 4412 in
737 4377 796 4425 quo.
864 4359 883 4391 ¹⁸
899 4359 929 4412 T.
943 4361 1114 4412 deferrebant.
