3052 4896
276 311 349 400 560
705 299 907 401 appannis
935 303 988 377 11.

272 505 422 575 statimque
434 506 510 560 luctu
522 515 550 560 et
562 503 660 560 dolore
668 503 757 558 nimio
769 503 845 558 lusus
858 501 1011 574 permixtus
1023 511 1075 570 est,
1086 510 1114 556 et
1126 517 1211 556 omne
1222 517 1276 554 cor
1286 499 1428 556 maiorum

272 598 300 644 et
312 588 452 643 minorum
465 587 625 643 vehementi
637 603 746 642 merore
761 603 926 658 percussum
942 596 986 642 est
1002 585 1108 657 pariter
1119 595 1147 640 et
1161 601 1278 655 pauore.
1318 585 1428 639 Omnes

272 671 348 727 enim
368 680 506 744 quotquot
526 672 644 727 aderant
664 671 693 725 in
706 687 792 725 vnum
813 669 985 740 congregati,
1005 681 1034 724 et
1054 678 1169 740 propter
1189 667 1282 722 lesum
1307 685 1429 738 puerum

272 755 452 810 vehementer
468 753 561 810 tristes
580 752 680 822 effecti,
693 763 722 809 et
737 755 858 810 maxime
873 763 987 824 propter
1004 753 1080 808 senis
1094 751 1276 806 interdictum
1293 751 1428 805 concussi

244 841 259 891 5
273 838 380 904 timore,
389 837 511 893 lacrimis
524 837 607 892 infusi
617 837 739 908 querulis
749 838 898 908 plorabant
908 833 1063 908 [vocibus]¹
1072 835 1213 890 dicentes:
1228 834 1326 904 ‘Quid
1339 833 1428 888 acturi

273 937 369 976 sumus
382 936 475 993 quove
487 919 550 974 ituri
563 923 679 975 sumus?
717 919 868 991 Fugiemus
881 937 918 975 an
930 919 1177 990 exspectabimus?
1214 917 1292 987 Quid
1310 935 1428 972 excusa·

272 1003 362 1061 cionis
375 1003 562 1060 habebimus?
597 1003 648 1058 llle
661 1019 714 1058 nos
726 1013 825 1058 coutm
837 1003 944 1074 antiqui
956 1002 1046 1058 hostis
1059 1001 1176 1057 insidias
1189 999 1312 1072 propriis
1326 1016 1429 1055 cauere

273 1089 407 1144 docuerat
426 1087 517 1155 dictis,
536 1102 588 1141 nos
610 1096 705 1141 autem
726 1085 899 1156 necligentes
919 1095 946 1141 et
965 1085 1043 1140 verbi
1062 1085 1122 1140 eius
1141 1093 1358 1154 contemptores
1378 1099 1428 1153 pro

273 1187 359 1241 paruo
372 1172 513 1227 decretum
531 1169 591 1224 eius
610 1169 755 1224 duximus.¹
793 1171 857 1224 Hec
875 1179 903 1224 et
919 1169 975 1223 alia
987 1170 1075 1224 multa
1087 1166 1141 1222 illis
1154 1185 1218 1222 cum
1231 1167 1291 1221 alto
1303 1166 1428 1236 suspirio

231 1257 261 1293 ¹0
273 1254 364 1310 cordis
387 1253 553 1316 dicentibus,
576 1269 642 1308 ecce
666 1269 732 1307 mox
755 1253 934 1308 beatissimus
958 1251 1147 1307 Winwaloeus
1171 1260 1270 1305 sancto
1292 1259 1428 1304 mouente

273 1337 379 1408 spiritu,
392 1336 470 1392 cuius
492 1335 548 1390 iant
566 1353 623 1391 non
640 1337 699 1391 vult
718 1335 788 1391 deus
806 1335 938 1392 virtutem
954 1336 1046 1391 celare
1066 1344 1108 1390 set
1125 1333 1216 1388 cuntis
1234 1333 1429 1398 cernentibus,

272 1431 301 1475 vt
314 1419 343 1475 in
356 1419 467 1490 signum
480 1429 508 1474 et
521 1419 678 1490 exemplum
690 1417 734 1485 sit,
751 1418 833 1491 quasi
845 1419 941 1474 tedam
959 1435 1042 1490 super
1053 1417 1253 1472 candelabrum
1265 1417 1427 1486 propalare,

272 1505 366 1559 tristes
383 1520 433 1559 eos
452 1502 590 1574 aspiciens
608 1511 637 1557 et
655 1519 740 1556 manu
758 1502 904 1558 silencium
923 1503 1070 1572 inponens,
1089 1500 1192 1556 talibus
1209 1499 1306 1555 verbis
1324 1499 1430 1554 affanu

272 1587 386 1643 dicens:
407 1585 482 1641 ‘Viri
501 1585 601 1641 iratres
620 1597 647 1641 et
666 1595 770 1656 patres,
786 1585 872 1641 nolite
885 1585 941 1640 iam
953 1585 1072 1656 plorare,
1085 1583 1170 1638 nolite
1188 1581 1310 1652 amplius
1329 1582 1428 1637 animo

231 1675 259 1726 ¹5
272 1669 418 1742 prosterni.
457 1669 542 1724 Nulla
560 1669 635 1724 enim
653 1679 712 1724 tam
730 1686 836 1739 magna
854 1667 948 1739 passio
964 1678 1008 1724 est
1026 1685 1080 1739 que
1099 1683 1156 1720 non
1175 1666 1278 1720 habeat
1296 1667 1426 1722 mederi:

272 1753 339 1826 quia
352 1771 410 1808 non
423 1753 505 1822 longe
517 1753 598 1808 adest
614 1752 739 1808 medicus
757 1752 780 1808 si
799 1751 908 1820 intimo,
921 1769 978 1806 non
992 1751 1057 1806 ficto
1072 1749 1227 1821 requiratur
1238 1749 1365 1818 ingenio,
1379 1751 1426 1820 qui

272 1834 389 1894 omnes¹
411 1837 489 1892 illum
510 1835 676 1890 confitentes
696 1836 786 1890 eciam
805 1835 866 1890 sine
885 1835 947 1890 vllis
969 1836 1076 1890 olemm
1096 1831 1316 1902 malagmatibus
1335 1845 1424 1888 curat

273 1923 381 1978 Omnes
412 1921 495 1990 igitur
524 1918 674 1990 separatim
705 1918 806 1990 singuli
837 1937 901 1974 cum
932 1917 1061 1990 precibus
1091 1916 1257 1972 fiducialiter
1286 1917 1426 1971 adeamtu
1511 1945 1512 1956 κ

273 2004 432 2060 Christum'
470 2004 534 2072 Qua
552 2002 628 2057 iretri
649 2003 871 2058 commonicione
892 2003 1061 2058 unanimiter
1080 2001 1165 2056 deum
1186 2009 1310 2054 exuram
1359 2001 1427 2070 lpse

229 2093 261 2130 ²0
273 2097 367 2143 autem
379 2087 462 2155 solus,
475 2085 593 2141 eleuatis
611 2085 648 2140 ad
666 2088 758 2141 celum
776 2087 864 2141 oculis
882 2103 947 2142 cum
965 2084 1104 2152 manibus,
1118 2083 1305 2138 intentissime
1323 2085 1427 2138 orabat

273 2171 388 2227 dicens:
409 2169 549 2224 ‘Domine
571 2169 655 2224 lhesu
672 2168 792 2236 Christe,
808 2169 855 2242 qui
874 2170 1011 2225 iacentem
1028 2168 1057 2222 in
1076 2169 1204 2238 squalore
1225 2182 1277 2236 per
1292 2167 1359 2222 Ade
1384 2167 1427 2221 in-
1511 2215 1512 2220 ,

272 2253 466 2310 obedienciam
478 2251 614 2306 mundum
622 2251 741 2320 erexisti,
751 2251 798 2324 qui
808 2252 874 2322 ligni
887 2251 965 2307 vetiti
973 2267 1087 2322 pomum
1098 2249 1287 2320 aparentibus
1299 2249 1426 2322 antiquis

273 2347 427 2394 comestum
438 2347 484 2392 tue
494 2345 591 2391 sancte
603 2334 692 2390 crucis
700 2337 818 2406 tropheo
825 2333 982 2401 dulcorasti,
992 2333 1039 2406 qui
1050 2333 1126 2389 illum
1138 2333 1264 2402 refugam
1273 2343 1425 2403 tyrannum

273 2420 392 2476 iehenne
406 2419 515 2491 ignibus
533 2418 681 2491 deputasti,
694 2419 741 2490 qui
756 2419 811 2475 tuis
829 2417 1011 2475 seruitoribus
1022 2417 1110 2472 vitam
1121 2429 1247 2472 eternam
1259 2417 1425 2486 promisisti,

230 2511 259 2562 ²5
273 2503 351 2575 quia
367 2503 546 2575 querentibus
558 2511 586 2558 te
605 2503 720 2558 omnino
736 2520 795 2558 non
812 2501 960 2572 elongaris,
972 2501 1020 2573 qui
1042 2517 1125 2556 cecos
1144 2499 1249 2554 lumine
1266 2511 1294 2554 et
1307 2517 1425 2555 mancos
1453 2539 1462 2557 .

272 2585 403 2642 manibus
421 2595 449 2641 et
466 2585 582 2640 claudos
600 2585 741 2656 gressibus
760 2585 956 2656 exanimesque
974 2584 1033 2640 uita
1051 2601 1102 2654 per
1119 2594 1182 2639 tuos
1200 2583 1322 2638 famulos
1340 2585 1425 2638 deco

272 2669 357 2726 rasti:
378 2671 452 2724 hunc
471 2685 582 2739 quoque
598 2669 688 2737 nobis,
708 2669 773 2726 licet
791 2669 875 2725 valde
894 2669 994 2724 horum
1013 2667 1195 2722 dissimilibus
1215 2665 1264 2738 qui
1284 2667 1340 2722 hec
1359 2685 1378 2722 a
1398 2677 1426 2722 te

273 2752 421 2824 impetrare
438 2761 607 2819 meruerunt,
629 2770 743 2808 oramus
765 2754 852 2809 redde
878 2751 1045 2807 incolumem
1064 2760 1092 2806 et
1110 2749 1227 2805 sanum’
1265 2749 1426 2820 Statimque

272 2837 413 2908 completa
424 2834 554 2890 oracione
567 2835 605 2890 ad
619 2853 738 2906 puerum
755 2852 916 2901 conuersus,
928 2845 956 2890 et
968 2834 1062 2889 locum
1079 2835 1162 2904 plage
1175 2833 1266 2887 crucis
1278 2833 1425 2902 signaculo

229 2924 261 2976 30
273 2917 451 2989 consignans,
464 2919 662 2988 dexteramque
673 2918 733 2974 eius
746 2929 844 2974 tenens
856 2937 863 2975 ε
885 2919 991 2988 ‘Surge
1003 2917 1144 2984 velociter,
1154 2915 1253 2986 inquit,
1266 2915 1296 2971 in
1308 2914 1424 2971 nomine

273 3003 378 3060 domini
400 3001 486 3056 nostri
512 3002 594 3056 ihesu
616 3002 737 3059 christi!
775 3003 837 3058 Nec
859 3019 939 3058 mora
959 3001 1056 3056 audita
1078 2998 1123 3055 dei
1143 2999 1216 3054 serui
1236 3015 1317 3067 voce,
1337 3015 1423 3054 sautu
1511 3021 1512 3032 2

272 3095 301 3142 et
320 3085 399 3157 quasi
420 3083 505 3140 nichil
529 3085 594 3139 mali
615 3085 792 3142 sustinuisset
814 3095 879 3141 ante
900 3084 1024 3150 effectus,
1046 3084 1148 3138 nullius
1173 3094 1307 3138 manente
1331 3083 1423 3138 lesure

273 3169 398 3241 vestigio,
413 3167 536 3224 surrexit.
575 3169 639 3224 Hoc
658 3179 752 3224 autem
768 3171 851 3237 facto,
864 3168 989 3240 precepit
1005 3166 1138 3222 iratribus
1156 3183 1192 3220 ne
1207 3166 1252 3220 cui
1267 3167 1323 3222 hec
1342 3184 1423 3222 reue·

272 3255 372 3320 latent,
384 3255 459 3308 hanc
470 3267 528 3306 rem
545 3267 641 3306 eorum
654 3253 752 3322 pocius
767 3251 872 3308 meritis
887 3252 1025 3323 deputans
1042 3267 1127 3322 quam
1142 3251 1208 3304 suis.
1246 3251 1284 3304 At
1294 3247 1306 3279 ³
1318 3259 1423 3320 quanto

228 3331 258 3383 ³5
273 3335 407 3392 abscondi
426 3335 564 3405 cupiebat,
577 3345 655 3391 tanto
673 3336 765 3406 magis
784 3336 853 3391 deus
872 3335 919 3390 illa
937 3335 1086 3390 monstrari
1102 3333 1233 3388 faciebat.
1269 3333 1339 3389 Seni
1357 3351 1424 3403 ergo

273 3417 367 3474 devia
384 3417 544 3484 reuertenti,
556 3435 621 3472 cum
639 3418 675 3473 ad
694 3437 840 3475 accessum
857 3419 980 3474 venisset
998 3419 1131 3484 locum‚a
1149 3416 1335 3472 referentibus
1354 3427 1424 3472 nota

273 3503 508 3557 habenturcunta
522 3517 576 3570 que
595 3513 658 3558 acta
671 3503 788 3558 fuerant.
825 3503 882 3573 Qui
895 3502 1021 3573 gaudens
1033 3500 1156 3556 interiori
1169 3498 1271 3566 leticia,
1284 3511 1313 3555 et
1326 3517 1423 3555 secum
1511 3571 1512 3584 χ

274 3584 419 3640 reuoluens
443 3584 573 3653 quisnam
598 3595 673 3641 esset
698 3585 750 3641 iste
775 3585 853 3642 cuius
877 3585 972 3641 adhuc
995 3601 1046 3655 per
1069 3601 1185 3638 manum
1207 3583 1236 3637 in
1264 3583 1319 3638 hac
1347 3593 1423 3638 etate

272 3667 394 3724 sistentis
403 3667 531 3723 Christus
539 3667 592 3722 hec
600 3670 777 3738 operabatur,
788 3671 842 3725 deo
849 3667 960 3740 gracias
969 3667 1035 3738 agit.
1051 3671 1062 3734 ll
1078 3669 1133 3723 Per
1141 3667 1216 3722 idem
1226 3677 1338 3738 tempus
1346 3683 1422 3721 cres-

227 3759 260 3810 40
272 3763 354 3809 cente
371 3753 399 3807 in
415 3751 516 3807 eodem
528 3751 622 3821 gracia
635 3753 680 3808 dei
693 3771 788 3809 coram
800 3754 855 3809 deo
872 3763 900 3808 et
918 3751 1086 3820 hominibus,
1100 3762 1129 3807 et
1145 3761 1322 3821 precurrente
1338 3767 1421 3805 euum

273 3838 366 3892 adhuc
378 3846 504 3891 tenerum
523 3835 639 3906 sophia:
658 3854 694 3891 ne
707 3837 790 3893 velud
802 3835 921 3908 pecunie
931 3836 1004 3890 male
1023 3834 1135 3890 delosse
1147 3844 1242 3889 custos
1258 3833 1369 3905 iniquus
1385 3833 1421 3888 ab

271 3931 401 3978 exactore
408 3919 667 3989 condempnaretur,
678 3919 767 3976 iunior
774 3937 900 3992 quosque
913 3915 1094 3990 [pauperes]⁴
1106 3917 1202 3973 statim
1214 3927 1244 3972 vt
1256 3917 1421 3987 reperiebat,

271 4023 342 4079 quos
362 4019 486 4060 summus
507 4001 641 4072 magister
659 4005 759 4060 fratres
780 4021 837 4059 non
858 4003 1029 4074 dedignatur
1046 4002 1196 4073 appellare,
1215 4000 1341 4056 alimenti
1360 4017 1421 4054 cor·

272 4088 376 4162 poralis
400 4085 654 4153 administracione,
673 4087 761 4143 diuini
786 4087 882 4158 pabuli
906 4085 1111 4142 refocillacione
1135 4085 1209 4155 cepit
1227 4085 1342 4150 nutrire,
1362 4083 1420 4138 iam

227 4175 258 4224 45
273 4191 329 4228 non
342 4172 442 4227 surdus
455 4169 542 4224 diuini
559 4171 660 4241 eloquii
677 4171 789 4226 auditor
806 4171 945 4226 dicentis:
965 4169 1038 4238 ‘Qui
1055 4169 1168 4223 obturat
1185 4185 1281 4223 aurem
1294 4183 1371 4222 suam
1384 4182 1419 4220 ne

272 4256 368 4312 audiat
390 4255 541 4310 clamorem
562 4255 701 4326 pauperis,
723 4253 854 4310 clamabit
874 4263 901 4308 et
922 4253 983 4324 ipse
1004 4261 1032 4307 et
1053 4268 1111 4306 non
1133 4251 1185 4308 erit
1204 4251 1251 4322 qui
1273 4247 1418 4316 exsufflet·

337 4372 413 4424 ¹om.
530 4369 802 4424 'MS.lllumomnes
917 4368 999 4420 ¹us.
1012 4369 1053 4420 Et.
1168 4367 1352 4418 ‘listram
