3054 4904
283 243 352 332 138
591 241 722 328 muna
747 237 1113 342 lacusancti.

278 455 435 528 preparari
451 455 554 528 noluit,
569 457 623 513 sed
641 455 672 514 in
690 455 800 530 pn'oris
819 459 923 514 sedem
938 457 1068 528 intrauit,
1081 457 1185 514 dicens
1198 474 1233 514 se
1250 457 1350 515 adhuc
1364 475 1437 515 esse

279 543 410 616 priorem
423 554 453 600 et
467 544 600 601 nondum
615 545 767 602 dimisisse
780 545 953 618 prioratum.
1016 532 1218 602 Lamt'rancus
1228 545 1331 618 itaque
1339 555 1436 602 totam

279 629 474 688 intentionem
487 649 571 688 suam
585 634 622 689 ad
637 649 737 689 mores
754 632 909 690 hominum
922 632 1123 706 corrigendos,
1136 633 1174 690 ad
1188 635 1437 706 componendum

279 719 406 776 ecclesie
427 729 538 776 statum
561 719 725 790 conuentu
754 739 772 776 a
791 720 994 778 fundamentis
1012 721 1169 778 ecclesiam
1189 721 1436 777 cantuariensem

251 805 472 876 sreedificauit,
503 809 542 864 de
577 807 773 880 Cadomoque
803 810 934 881 quadros
965 808 1080 880 lapides
1110 808 1266 865 transuehi
1297 807 1437 878 faciebat,

279 894 447 968 domosque
459 895 497 950 ad
511 895 737 952 inhabitandum
751 895 807 952 sibi
820 895 985 952 construxit
998 913 1093 968 prope
1106 895 1274 964 ecclesiam,
1287 905 1318 952 et
1335 897 1437 951 omnia

279 981 396 1039 edificia
409 999 495 1038 muro
507 983 565 1038 alto
579 993 607 1039 et
621 1001 729 1056 magno
741 983 852 1053 cinxit3
872 1001 906 1040 ac
919 983 1075 1040 ecclesiam
1089 983 1274 1040 ornamentis
1288 985 1438 1055 preciosis

280 1069 393 1139 ditauit,
407 1078 503 1127 terras
522 1070 636 1126 ablatas
662 1071 787 1127 ecclesie
807 1071 958 1127 reuocauit
977 1080 1006 1127 et
1025 1069 1127 1144 viginti
1147 1070 1279 1143 quinque
1300 1071 1437 1127 maneria

280 1156 427 1224 restituit;
447 1158 652 1214 xenodochla¹
668 1158 727 1214 duo
745 1158 783 1214 ad
803 1175 970 1231 pauperum
989 1159 1238 1215 sustentationem
1256 1167 1348 1214 extra
1367 1158 1438 1213 ciui·

237 1261 268 1297 10
280 1253 372 1301 tatem
395 1244 553 1303 edificauit.
592 1245 626 1300 ln
649 1245 791 1302 maneriis
816 1245 879 1302 suis
901 1246 1026 1303 instituit
1047 1247 1217 1319 prebendas
1239 1246 1361 1302 dandas
1384 1263 1438 1318 per

280 1348 392 1388 annum
405 1333 597 1405 pauperibus.
634 1332 701 1389 Odo
715 1333 881 1390 baiocensis
898 1334 1066 1406 episcopus,
1080 1333 1171 1390 frater
1184 1333 1333 1388 Willehni
1348 1333 1437 1406 regis

280 1428 344 1476 erat
359 1437 461 1476 comes
474 1421 584 1477 Cancie
598 1438 634 1476 eo
647 1429 784 1493 tempore
799 1439 858 1493 quo
873 1421 1069 1478 Lamfrancus
1086 1423 1123 1477 ad
1140 1420 1437 1493 archiepiscopatum

280 1506 369 1564 venit.
409 1505 468 1563 Hic
482 1507 586 1564 multis
599 1509 824 1580 grauaminibus
836 1510 981 1565 atterebat
996 1509 1134 1566 homines
1147 1508 1225 1564 illius
1238 1507 1400 1580 prouincie
1411 1519 1438 1564 et

280 1593 496 1652 cantuariensis
510 1595 654 1652 ecclesie:
674 1595 720 1651 cui
737 1595 934 1652 Lamfrancus
951 1597 981 1652 in
999 1596 1105 1653 faciem
1121 1596 1237 1666 restitit,
1251 1605 1281 1652 et
1295 1595 1438 1652 homines

238 1699 298 1754 15a
323 1681 410 1738 malis
434 1683 699 1739 consuetudinibus
724 1701 798 1755 quas
820 1681 888 1739 Odo
909 1683 967 1740 illis
988 1685 1145 1758 imponere
1164 1682 1265 1751 voluit,
1286 1683 1437 1740 liberauit.

279 1757 376 1826 Anno
388 1780 488 1826 autem
501 1770 613 1827 domini
630 1771 791 1828 millesimo
804 1771 1024 1844 septuagesimo
1038 1771 1068 1827 in
1081 1772 1223 1845 Angliam
1236 1769 1438 1826 Lamfrancus

280 1857 409 1928 intrauit,
427 1867 457 1914 et
475 1868 583 1930 quarto
602 1859 659 1914 kal.
679 1859 860 1932 septembris
880 1859 910 1914 in
929 1859 1188 1932 archiepiscopum
1206 1876 1225 1913 a
1243 1858 1307 1914 suis
1326 1859 1438 1914 suffra-

279 1946 384 2018 ganeis
414 1955 608 2003 consecratus
631 1955 686 2003 est.
734 1947 804 2020 Ipso
830 1965 948 2020 quoque
973 1965 1052 2003 anno
1076 1947 1209 2002 Thomas
1240 1947 1438 2002 eboracensis

280 2033 421 2102 electus¹‚
446 2033 638 2090 Cantuariam
666 2052 705 2091 ex
729 2034 829 2107 prisca
853 2035 1069 2092 consuetudine
1093 2035 1256 2090 sacrandus
1291 2033 1436 2090 aduenit:

237 2139 298 2180 aoa
318 2139 377 2195 quo
402 2138 470 2178 cum
491 2121 686 2178 Lamfrancus
715 2121 859 2195 scriptam
889 2123 928 2180 de
953 2122 1122 2179 obedientia
1148 2139 1211 2190 sua,
1237 2139 1306 2177 curn
1332 2123 1438 2178 adiec-

280 2209 361 2265 tione
374 2209 574 2276 iurisiurandi‚
588 2208 811 2282 professionem
831 2219 1018 2282 exposceret,
1032 2211 1186 2283 respondit
1199 2210 1339 2277 Thomas,
1355 2227 1395 2266 se
1409 2211 1437 2265 id
1500 2205 1501 2208 ’

281 2314 434 2369 nunquam
456 2295 612 2364 facturum,
633 2297 690 2353 nisi
715 2297 799 2370 prius
820 2298 858 2354 dc
885 2298 939 2354 hac
965 2316 998 2356 re
1022 2299 1213 2354 auctoritates
1232 2297 1356 2369 legeret,
1379 2297 1438 2354 nisi

280 2394 374 2441 testes
388 2385 475 2441 huius
488 2385 670 2458 antiquitatis
684 2394 852 2442 assertores
862 2395 1009 2455 cerneret,
1017 2385 1125 2458 quibus
1137 2385 1167 2442 id
1178 2385 1254 2441 iuste
1264 2394 1293 2439 et
1304 2383 1439 2442 rationa·
1503 2392 1504 2416 ³

282 2472 379 2528 biliter
392 2473 456 2528 sine
470 2473 596 2531 ecclesie
614 2490 668 2529 sue
682 2473 846 2546 preiudicio
862 2472 960 2530 facere
974 2474 1106 2530 deberet.
1145 2473 1211 2530 Hoc
1230 2483 1329 2528 autem
1347 2472 1438 2544 igno-

237 2580 267 2631 ²5
282 2559 377 2617 rantia
402 2560 507 2633 magis,
528 2578 617 2633 quam
643 2560 767 2634 spiritus
792 2561 861 2617 elati
887 2561 1043 2634 pertinatia
1067 2560 1189 2634 agebat:
1228 2577 1325 2616 nouus
1349 2561 1439 2618 enim
1502 2565 1504 2572 “

282 2646 372 2703 homo
395 2657 425 2704 et
445 2648 561 2720 anglice
588 2648 816 2705 consuetudinis
836 2649 956 2720 penitus
980 2666 1099 2721 expers,
1118 2647 1220 2705 verbis
1243 2647 1439 2706 adulatorum

281 2735 350 2806 plus
366 2752 444 2808 equo
458 2745 488 2792 et
506 2737 585 2792 bono
602 2736 693 2792 fidem
713 2736 880 2792 adhibebat.
919 2735 1116 2793 Lamfrancus
1133 2735 1222 2804 enim,
1236 2735 1314 2808 quod
1332 2745 1440 2807 postu-

281 2823 361 2894 lauit,
374 2823 564 2880 euidentibus
578 2824 743 2880 rationibus
756 2825 904 2881 ostendit:
925 2825 979 2881 sed
995 2825 1043 2880 ille
1057 2825 1158 2880 omnia
1170 2830 1356 2896 aspernatus,
1373 2841 1439 2881 non

282 2922 417 2968 sacratus
437 2911 583 2969 abscessit
593 2909 612 2968 ⁸.
656 2911 744 2982 Quod
765 2929 819 2968 rex
841 2911 965 2969 audiens
984 2911 1115 2985 grauiter
1139 2911 1261 2984 accepit,
1287 2911 1440 2970 estimans

237 3017 270 3066 30
283 2999 494 3057 Lamfrancum
509 2999 618 3057 iniusta
630 3009 745 3073 petere,
755 3010 784 3057 et
797 3001 921 3057 scientia
934 3001 1028 3071 magis
1040 3000 1205 3056 litterarum
1214 3016 1304 3071 quarn
1319 2999 1440 3057 ratione

281 3098 311 3145 et
323 3089 448 3146 veritate
461 3089 624 3145 confidere.
663 3088 724 3144 Sed
738 3087 942 3157 lamfrancus,
956 3087 1080 3145 redditis
1097 3087 1160 3160 regi
1177 3088 1214 3143 ad
1228 3086 1327 3142 omnia
1345 3087 1439 3143 ratio-

282 3176 379 3246 nibus,
400 3175 465 3232 eius
485 3177 619 3232 animum
641 3175 795 3248 mitigauit.
833 3175 955 3248 Itaque‘
975 3176 1058 3249 regio
1080 3177 1176 3232 edicto
1197 3174 1331 3230 Thomas
1353 3193 1439 3231 com-

281 3264 387 3337 pulsus
406 3263 503 3331 rediit,
523 3264 666 3336 scriptam
687 3265 725 3319 de
743 3263 912 3320 obedientia
932 3262 1150 3336 professionem
1169 3261 1238 3318 fecit
1256 3271 1287 3318 et
1304 3262 1385 3334 legit,
1406 3263 1438 3320 in

281 3368 341 3423 qua
354 3369 387 3406 se
398 3351 428 3406 in
437 3351 577 3408 omnibus
588 3369 647 3424 que
660 3352 698 3407 ad
709 3351 870 3408 christiane
878 3350 1030 3424 religionis
1043 3351 1232 3408 honestatem
1241 3349 1252 3380 ⁵
1262 3351 1439 3422 pertinent⁸

238 3454 269 3504 35
282 3439 555 3511 obtemperaturum
573 3440 708 3495 absolute
725 3439 881 3511 promisit;
900 3449 929 3495 et
946 3439 988 3495 sic
1007 3449 1141 3495 sacratus
1159 3438 1306 3494 abscessit
1313 3438 1331 3493 ⁸.
1365 3438 1438 3496 Post

283 3527 338 3583 hec
348 3525 543 3582 Lamsrancus
552 3527 770 3582 cantuariensis
778 3536 807 3582 et
815 3527 948 3582 Thomas
962 3526 1154 3583 eboracensis
1163 3526 1292 3581 Romam
1306 3525 1437 3596 iuerunt,

283 3623 315 3672 vt
329 3613 418 3688 pallia
431 3631 448 3669 a
461 3614 582 3670 domino
593 3631 672 3686 papa
685 3617 881 3686 susciperent.
915 3613 1042 3687 Recepit
1054 3623 1155 3670 autem
1167 3613 1366 3670 Lamlrancus
1377 3615 1437 3671 duo

282 3702 382 3778 pallia,
399 3719 493 3758 vnum
518 3701 641 3758 honoris
661 3711 690 3757 et
709 3703 836 3759 alterum
855 3703 975 3759 amoris.
1020 3701 1164 3758 ⁷Tantam
1187 3701 1285 3773 itaque
1308 3702 1436 3774 gratiam

284 3789 480 3847 Lamfrancus
493 3789 668 3863 promeruit,
681 3799 711 3846 vt
724 3791 829 3846 ambos
842 3789 957 3847 itineris
969 3789 1015 3846 sui
1028 3789 1126 3846 socios
1134 3789 1151 3860 ⁸,
1160 3789 1309 3845 Thomam
1322 3789 1437 3846 scilicet

237 3901 271 3949 4o
282 3882 498 3937 eboracensem
518 3887 548 3934 et
568 3878 741 3950 Remigium
760 3879 1012 3948 dorcestrensem,
1031 3877 1143 3934 baculis
1164 3885 1193 3933 et
1211 3877 1308 3934 anulis
1328 3879 1436 3936 merito

283 3969 425 4041 priuatos,
438 3967 537 4024 officio
551 3966 731 4023 restitueret.
770 3965 889 4023 Primus
906 3983 1036 4039 namque
1050 3963 1207 4038 presbiteri
1223 3962 1321 4021 fuerat
1338 3967 1435 4038 filius;

283 4057 444 4126 secundus,
463 4073 531 4112 cum
551 4062 632 4111 esset
652 4052 817 4110 monachus
835 4054 1022 4122 fiscanensis,
1036 4053 1190 4109 Willelmo
1209 4052 1275 4108 duci
1290 4053 1435 4128 Angliam

283 4143 417 4201 tendenti
430 4144 461 4201 in
474 4143 576 4201 multis
589 4141 757 4216 opitulatuS,
771 4141 975 4216 episcopatum
989 4141 1015 4199 si
1028 4144 1091 4198 dux
1103 4141 1235 4198 vinceret
1248 4151 1356 4213 pactus
1369 4155 1423 4201 est.

284 4287 286 4292 .
317 4241 552 4290 ¹T.aenodochia
576 4239 706 4303 {antistes
718 4239 855 4290 a1.added.
880 4239 926 4289 ³E.
939 4239 1057 4290 abcessit.
1083 4240 1130 4290 “Ε.
1146 4239 1215 4288 Ideo.
1244 4239 1317 4290 *vie
1330 4241 1435 4293 cultum.

285 4305 295 4336 ⁸
314 4307 341 4355 E.
354 4307 474 4369 pertinet.
507 4305 516 4334 ⁷
529 4305 567 4356 Cf.
581 4305 706 4355 Bromton
717 4320 776 4368 970,
789 4305 894 4367 Higdeu
906 4305 965 4355 Vll.
998 4306 1009 4335 ⁸
1024 4307 1053 4356 T.
1066 4306 1096 4356 E.
1107 4306 1231 4356 ambobus
1244 4307 1369 4357 ..sociis
