3008 4904
285 335 357 404 240
600 313 730 400 libum
756 308 947 414 limum
971 309 1123 414 finalis.

282 529 319 568 eo
337 511 464 568 libenter
482 521 625 586 precepta
643 521 780 586 patrum;
802 530 875 570 vaca
894 513 993 581 scolis,
1011 513 1081 587 fuge
1098 513 1315 586 petulantiam:
1339 514 1450 588 itaque

282 599 431 669 audacter,
457 617 580 673 semper
604 609 705 656 tamen
730 600 787 656 sub
812 601 919 658 timore
944 601 1059 658 domini
1082 601 1209 658 induere
1231 600 1447 659 fortitudinem

282 696 373 744 tuam.
411 687 546 760 Cumque
571 687 603 744 in
624 688 720 744 virum
745 688 939 756 adoleueris¹,
961 688 1069 761 teque¹
1095 706 1162 745 sors
1187 690 1313 762 collegio
1336 691 1446 747 forsan

284 774 401 831 militari
419 775 611 847 ascripserit:
633 775 744 832 habes⁸
758 775 838 832 hunc
855 775 1030 847 magistrum
1044 776 1170 834 militum
1183 787 1348 850 patronum
1363 779 1447 834 iuste

254 863 465 934 5bellantium,
479 865 535 919 sub
555 881 613 936 quo
632 863 733 920 disces
752 863 879 920 militare
899 882 959 920 non
979 883 1048 921 esse
1066 875 1233 937 peccatum,
1247 867 1321 921 dum
1341 867 1446 938 ipsius

283 967 367 1007 more
389 952 446 1006 deo
466 949 651 1023 religionem,
672 951 800 1025 principi
822 951 1005 1020 fidelitatem,
1027 952 1126 1025 patrie
1148 953 1316 1010 custodiam
1341 972 1446 1028 prona

283 1048 385 1095 mente
399 1038 577 1095 reddideris

317 1127 340 1186 ll
351 1127 443 1182 Lectio
449 1127 579 1183 sananda.
603 1114 791 1199 Accepimus
802 1126 860 1183 iam
868 1127 941 1184 tanti
951 1125 1044 1201 patris
1054 1128 1195 1200 exemplo
1205 1127 1444 1185 instructionem

282 1213 327 1272 rei
352 1214 504 1272 militaris:
536 1214 680 1287 deinceps
705 1215 775 1287 quid
803 1216 900 1272 virum
925 1216 974 1274 dei
1000 1216 1124 1273 deceat⁴
1149 1216 1315 1272 audiamus.
1368 1217 1446 1273 An³

240 1319 270 1355 ιο
282 1302 411 1359 iudicem
424 1312 474 1358 aut
486 1319 678 1360 assensorem
691 1303 843 1359 constituit
855 1313 884 1360 te
901 1303 1030 1377 populus
1048 1312 1117 1360 tuus
1130 1323 1137 1360 :
1158 1313 1224 1360 esto
1234 1304 1245 1335 ⁸
1257 1304 1348 1376 quasi
1360 1323 1445 1361 vnus

283 1407 321 1446 ex
340 1389 393 1458 eis,
412 1407 472 1448 non
492 1399 521 1446 te
540 1391 664 1460 attollas,
684 1408 744 1447 non
763 1391 930 1463 superbias,
950 1409 1010 1448 non
1030 1391 1179 1447 minorem
1200 1391 1376 1460 concutias:
1401 1393 1445 1448 ita

283 1495 425 1550 magnum
451 1477 632 1534 iudicaturus
652 1487 684 1536 vt
704 1495 840 1551 paruum,
863 1477 944 1534 noli²
964 1489 1105 1551 acceptor
1129 1496 1198 1534 esse
1225 1495 1445 1550 personarum.

284 1565 376 1622 Porro
390 1565 445 1622 iste
459 1575 580 1622 sanctus
592 1564 650 1621 iarn
670 1575 701 1622 et
719 1565 860 1622 natalium
873 1566 946 1636 iure,
959 1565 1043 1637 regio
1056 1567 1213 1640 sanguine,
1229 1566 1444 1640 secularisque

283 1652 400 1726 pollicie
419 1653 609 1726 prerogatiua
627 1653 771 1727 principis
790 1653 882 1710 latere
899 1653 1030 1726 quotidie
1047 1653 1184 1710 honorari
1202 1654 1393 1726 promeruit:
1425 1674 1444 1711 a

240 1753 268 1804 15
282 1740 398 1813 plebeis
410 1749 519 1810 tamen,
532 1741 687 1814 questibus
701 1741 883 1814 pupillorum
896 1759 930 1798 ac
947 1740 1105 1798 viduarum
1119 1741 1311 1797 lachrimosis
1328 1759 1443 1800 aurem

282 1829 402 1902 pietatis
415 1846 476 1884 non
490 1823 608 1885 auertit„

317 1918 341 1976 ll
354 1915 446 1974 Lectio
457 1919 543 1972 terna
569 1905 654 1992 Quid
668 1917 867 1974 sacerdotium
881 1918 947 1974 eius
958 1917 1144 1990 repetimus?
1161 1917 1232 1989 quid
1243 1916 1443 1984 elemosinas,

282 2004 354 2076 quid
372 2003 564 2061 ecclesiarum
584 2004 819 2077 clericorumque
838 2005 932 2075 dotes,
951 2005 1021 2078 quid
1041 2004 1175 2060 omnium
1193 2021 1318 2076 prorsus
1338 2006 1443 2062 abiec-

282 2093 394 2148 tionem
407 2093 616 2164 temporalium
634 2093 898 2148 commendamus?
916 2092 972 2149 ista
989 2092 1062 2148 mire
1081 2091 1245 2148 sanctitatis
1262 2109 1316 2147 sue
1329 2091 1444 2150 inditia
1493 2109 1494 2156 l

239 2193 270 2229 πο
283 2188 361 2235 sunt.
398 2177 498 2249 Quare
524 2178 553 2234 in
580 2196 697 2236 summa
722 2189 916 2236 recensentes
939 2179 1029 2236 totius
1053 2179 1114 2236 vite
1135 2179 1246 2236 seriem
1266 2180 1342 2235 tanti
1367 2199 1445 2239 con·
1493 2159 1494 2246 i

284 2265 416 2333 sessoris,
424 2266 513 2339 plane
526 2265 767 2339 recognoscimus
780 2269 859 2338 quod
872 2267 953 2323 omni
965 2277 1099 2340 tempore
1112 2267 1196 2324 duxit
1210 2285 1278 2322 eum
1291 2269 1442 2326 dominus
1493 2249 1494 2314 i

283 2371 339 2426 per
359 2353 423 2410 vias
443 2362 548 2424 rectas,
570 2354 712 2427 deditque
733 2353 773 2409 illi
794 2354 951 2410 scientiam
969 2353 1142 2423 sanctitatis,
1161 2371 1220 2426 qua
1237 2371 1368 2426 regnum
1388 2358 1442 2414 dei
1493 2363 1494 2422 ξ

283 2440 459 2513 dignissime
479 2449 650 2498 mereretur.
686 2440 832 2509 Tandem,
844 2441 894 2498 vbi
913 2441 944 2497 in
962 2442 1051 2498 vinca
1070 2440 1183 2498 domini
1201 2451 1340 2514 operator
1359 2445 1442 2500 assi-
1493 2427 1494 2454 ἶ

284 2529 362 2584 duus
386 2528 588 2601 multiplicatis
607 2527 727 2585 talentis
753 2527 948 2585 fidelissimus
969 2546 1076 2585 seruus
1094 2529 1239 2600 probatus
1257 2539 1312 2598 est,
1330 2529 1440 2589 iussus
1493 2533 1494 2536 ’

240 2632 269 2680 ²5
284 2615 394 2671 intrare
413 2615 464 2670 inl
482 2617 623 2687 gaudium
641 2615 755 2672 domini
775 2617 829 2682 sui,
842 2617 963 2672 tradidit
981 2615 1045 2673 celo
1064 2615 1205 2682 animam,
1223 2625 1303 2672 terre
1321 2634 1439 2690 corpus

284 2702 435 2760 miraculis
453 2703 624 2775 gloriosum,
644 2703 742 2760 omnis
763 2703 886 2759 humani
908 2703 1060 2775 languoris
1082 2703 1304 2760 indeficientem
1323 2721 1359 2759 ac
1381 2722 1440 2761 ex·

284 2789 503 2863 peditissimam
523 2790 722 2846 medicinam:
742 2790 900 2846 Prestante
918 2808 956 2846 eo
974 2807 1065 2863 quem
1084 2799 1256 2846 constanter
1273 2789 1439 2849 confessus

284 2886 331 2935 est
344 2876 465 2934 domino
480 2876 569 2934 ihesu
584 2877 710 2944 Christo,
724 2877 774 2951 qui
787 2895 855 2934 cum
870 2887 956 2952 patre
968 2887 997 2934 et
1010 2877 1116 2951 spiritu
1130 2886 1235 2934 sancto
1247 2877 1320 2936 viuit
1333 2895 1394 2936 rex
1407 2891 1438 2937 et

284 2966 426 3023 sacerdos
439 2964 469 3021 in
483 2974 630 3033 eternum,
641 2982 732 3021 amen
742 2966 760 3022 ⁹.

317 3071 324 3100 ¹
342 3071 370 3120 E.
382 3071 537 3120 odoleueris.
628 3070 638 3100 ¹
656 3069 707 3120 SB.
721 3078 853 3132 tuaque..
867 3077 985 3121 .teascr.
1078 3069 1156 3121 ⁸58.
1170 3071 1276 3122 habens.
1374 3072 1384 3102 ⁴
1402 3075 1438 3122 ol.

283 3139 429 3188 edocuerat.
520 3135 530 3164 ³
548 3135 599 3184 SB.
612 3135 671 3185 Aut.
765 3135 775 3164 ⁰
792 3136 820 3186 E.
833 3136 910 3198 Ergo.
1005 3133 1062 3185 'E
1075 3136 1158 3185 nollis.
1250 3136 1328 3185 'orn
1340 3137 1369 3186 in
1384 3139 1439 3189 SB.

315 3204 325 3236 ⁹
343 3203 455 3253 Follows
466 3203 493 3252 in
505 3201 563 3252 Sar.
577 3203 653 3251 Brev.
665 3202 710 3251 the
725 3201 813 3251 Hours
825 3202 850 3250 in
863 3202 1113 3252 Commemoratione
1125 3201 1152 3252 S.
1167 3203 1199 3252 0.

759 3283 807 3334 Ad
823 3283 952 3348 vesperas:

577 3366 670 3416 Pastor
686 3367 743 3429 pius
760 3367 793 3416 ad
810 3368 897 3429 gregis
914 3367 1033 3428 gaudium
1078 3423 1083 3430 ¹

576 3434 646 3494 egris
662 3440 761 3495 prestat
776 3433 829 3481 vite
846 3433 973 3492 solatium,

577 3499 715 3548 confractis
732 3498 852 3547 membris
869 3499 970 3548 confert
986 3497 1135 3559 subsidium,

577 3570 604 3612 et
620 3564 691 3613 visus
709 3565 777 3613 cecis
794 3564 883 3626 prebet
901 3563 1040 3625 refugium

577 3629 698 3679 exultans
715 3630 810 3691 gaudet
826 3637 908 3679 mater
925 3645 973 3692 per
990 3629 1083 3682 lilium:

465 3761 471 3774 .
576 3711 628 3758 que
645 3695 690 3745 tali
705 3703 782 3760 partu
798 3695 875 3745 lloret
890 3703 918 3746 vt
934 3695 1022 3745 lilium.

316 3761 361 3878 gi.
381 3761 621 3889 gleaffiqciqmum
634 3825 794 3876 Osmundum
806 3825 953 3889 pontificem
962 3835 1034 3877 tuum
1045 3827 1150 3876 aseculi
1162 3825 1253 3876 militia
1264 3827 1297 3876 ad
1309 3825 1436 3878 celestem

284 3893 426 3943 reuocasti:
443 3894 558 3944 concede
579 3891 654 3942 nobis
670 3899 698 3942 vt
715 3893 852 3943 mundanis
865 3893 970 3943 abiectis
987 3893 1121 3943 desideriis
1140 3893 1209 3943 bona
1225 3892 1332 3944 celestia
1348 3896 1436 3958 capia-

284 3975 347 4025 mus,
360 3975 415 4023 per.

750 4022 796 4074 Ad
809 4023 966 4075 Maranites:

528 4107 591 4156 Ant
612 4105 686 4154 Bone
704 4104 771 4166 lesu,
789 4106 916 4154 Osmundi
933 4106 1030 4156 meritis

611 4179 639 4221 tu
656 4186 705 4220 nos
721 4172 817 4220 munda
834 4173 923 4222 mundi
939 4172 1046 4234 piaculis

611 4245 637 4287 et
654 4237 768 4286 concede
785 4244 813 4286 ut
830 4252 895 4300 grex
911 4253 927 4288 ι
944 4238 1049 4288 maculis

613 4310 775 4364 peccatorum
791 4303 861 4352 vium
877 4303 1021 4354 incolumis.

552 4367 596 4420 Ps.
613 4368 778 4425 Benedictus.
