<?xml version="1.0" encoding="UTF-8"?>
<!DOCTYPE html PUBLIC "-//W3C//DTD XHTML 1.0 Transitional//EN"
    "http://www.w3.org/TR/xhtml1/DTD/xhtml1-transitional.dtd">
<html xmlns="http://www.w3.org/1999/xhtml" xml:lang="en" lang="en">
 <head>
  <title>
</title>
<meta http-equiv="Content-Type" content="text/html;charset=utf-8" />
  <meta name='ocr-system' content='tesseract 3.04.00' />
  <meta name='ocr-capabilities' content='ocr_page ocr_carea ocr_par ocr_line ocrx_word'/>
</head>
<body>
  <div class='ocr_page' id='page_1' title='image "./novalegendaangl00wordgoog/novalegendaangl00wordgoog_0283.png"; bbox 0 0 3008 4904; ppageno 0'>
   <div class='ocr_carea' id='block_1_1' title="bbox 291 294 1126 399">
    <p class='ocr_par' dir='ltr' id='par_1_1' title="bbox 291 294 1126 399">
     <span class='ocr_line' id='line_1_1' title="bbox 291 294 1126 399; baseline 0.011 -26"><span class='ocrx_word' id='word_1_1' title='bbox 291 320 364 395; x_wconf 88' lang='lat'><strong>274</strong></span> <span class='ocrx_word' id='word_1_2' title='bbox 603 299 733 386; x_wconf 72' lang='lat' dir='ltr'><strong>mota</strong></span> <span class='ocrx_word' id='word_1_3' title='bbox 758 294 949 399; x_wconf 59' lang='lat' dir='ltr'><strong>mettun</strong></span> <span class='ocrx_word' id='word_1_4' title='bbox 974 294 1126 399; x_wconf 74' lang='lat' dir='ltr'><strong>ttmllt.</strong></span> 
     </span>
    </p>
   </div>
   <div class='ocr_carea' id='block_1_2' title="bbox 243 497 1444 1889">
    <p class='ocr_par' dir='ltr' id='par_1_2' title="bbox 287 497 1444 837">
     <span class='ocr_line' id='line_1_2' title="bbox 287 497 1443 573; baseline -0.002 -16"><span class='ocrx_word' id='word_1_5' title='bbox 287 499 385 572; x_wconf 80' lang='lat' dir='ltr'><strong>tetigit</strong></span> <span class='ocrx_word' id='word_1_6' title='bbox 397 516 475 570; x_wconf 85' lang='lat' dir='ltr'><strong>eum,</strong></span> <span class='ocrx_word' id='word_1_7' title='bbox 488 508 534 557; x_wconf 85' lang='lat' dir='ltr'><strong>set</strong></span> <span class='ocrx_word' id='word_1_8' title='bbox 548 499 656 573; x_wconf 78' lang='lat' dir='ltr'><strong>magis)</strong></span> <span class='ocrx_word' id='word_1_9' title='bbox 669 500 775 573; x_wconf 79' lang='lat' dir='ltr'><strong>agebat</strong></span> <span class='ocrx_word' id='word_1_10' title='bbox 792 499 1001 573; x_wconf 76' lang='lat' dir='ltr'>penitenciam,</span> <span class='ocrx_word' id='word_1_11' title='bbox 1015 499 1156 573; x_wconf 88' lang='lat' dir='ltr'><strong>(puniens</strong></span> <span class='ocrx_word' id='word_1_12' title='bbox 1173 497 1391 572; x_wconf 78' lang='lat' dir='ltr'><strong>semetipsum)</strong></span> <span class='ocrx_word' id='word_1_13' title='bbox 1406 500 1443 556; x_wconf 89' lang='lat' dir='ltr'><strong>ob</strong></span> 
     </span>
     <span class='ocr_line' id='line_1_3' title="bbox 289 577 1444 662; baseline 0 -18"><span class='ocrx_word' id='word_1_14' title='bbox 289 588 346 644; x_wconf 88' lang='lat' dir='ltr'><strong>hoc</strong></span> <span class='ocrx_word' id='word_1_15' title='bbox 366 593 435 662; x_wconf 88' lang='lat' dir='ltr'><strong>qula</strong></span> <span class='ocrx_word' id='word_1_16' title='bbox 453 587 667 660; x_wconf 86' lang='lat' dir='ltr'><strong>desiderass(et</strong></span> <span class='ocrx_word' id='word_1_17' title='bbox 687 588 809 661; x_wconf 83' lang='lat' dir='ltr'><strong>ipsum).</strong></span> <span class='ocrx_word' id='word_1_18' title='bbox 846 577 984 659; x_wconf 89' lang='lat' dir='ltr'><strong>¹(Abbas</strong></span> <span class='ocrx_word' id='word_1_19' title='bbox 1003 587 1109 644; x_wconf 87' lang='lat' dir='ltr'>Zenon</span> <span class='ocrx_word' id='word_1_20' title='bbox 1128 587 1200 643; x_wconf 94' lang='lat' dir='ltr'><strong>dum</strong></span> <span class='ocrx_word' id='word_1_21' title='bbox 1218 587 1393 644; x_wconf 87' lang='lat' dir='ltr'><strong>ambularet</strong></span> <span class='ocrx_word' id='word_1_22' title='bbox 1414 588 1444 644; x_wconf 91' lang='lat' dir='ltr'><strong>in</strong></span> 
     </span>
     <span class='ocr_line' id='line_1_4' title="bbox 290 674 1444 749; baseline -0.002 -17"><span class='ocrx_word' id='word_1_23' title='bbox 290 675 449 744; x_wconf 87' lang='lat' dir='ltr'><strong>Palestina,</strong></span> <span class='ocrx_word' id='word_1_24' title='bbox 460 676 597 749; x_wconf 87' lang='lat' dir='ltr'><strong>fatigatus</strong></span> <span class='ocrx_word' id='word_1_25' title='bbox 610 675 687 733; x_wconf 90' lang='lat' dir='ltr'><strong>sedit</strong></span> <span class='ocrx_word' id='word_1_26' title='bbox 700 676 783 732; x_wconf 89' lang='lat' dir='ltr'><strong>iuxta</strong></span> <span class='ocrx_word' id='word_1_27' title='bbox 794 693 847 733; x_wconf 89' lang='lat' dir='ltr'><strong>eos</strong></span> <span class='ocrx_word' id='word_1_28' title='bbox 857 675 907 749; x_wconf 91' lang='lat' dir='ltr'><strong>qui</strong></span> <span class='ocrx_word' id='word_1_29' title='bbox 917 675 1118 744; x_wconf 74' lang='lat' dir='ltr'><strong>cuculmeresl</strong></span> <span class='ocrx_word' id='word_1_30' title='bbox 1127 674 1166 730; x_wconf 89' lang='lat' dir='ltr'><strong>de</strong></span> <span class='ocrx_word' id='word_1_31' title='bbox 1175 683 1241 730; x_wconf 83' lang='lat' dir='ltr'><strong>orto</strong></span> <span class='ocrx_word' id='word_1_32' title='bbox 1251 674 1444 747; x_wconf 79' lang='lat' dir='ltr'><strong>colligebant,</strong></span> 
     </span>
     <span class='ocr_line' id='line_1_5' title="bbox 289 761 1443 837; baseline 0.001 -17"><span class='ocrx_word' id='word_1_33' title='bbox 289 772 319 820; x_wconf 92' lang='lat' dir='ltr'><strong>et</strong></span> <span class='ocrx_word' id='word_1_34' title='bbox 338 763 457 821; x_wconf 90' lang='lat' dir='ltr'><strong>uolebat</strong></span> <span class='ocrx_word' id='word_1_35' title='bbox 477 765 662 835; x_wconf 80' lang='lat' dir='ltr'><strong>(comeldere</strong></span> <span class='ocrx_word' id='word_1_36' title='bbox 679 781 718 821; x_wconf 84' lang='lat' dir='ltr'><strong>ex</strong></span> <span class='ocrx_word' id='word_1_37' title='bbox 731 763 814 837; x_wconf 81' lang='lat' dir='ltr'><strong>ipsis</strong></span> <span class='ocrx_word' id='word_1_38' title='bbox 853 762 977 820; x_wconf 81' lang='lat' dir='ltr'><strong>Dicebat</strong></span> <span class='ocrx_word' id='word_1_39' title='bbox 990 762 1068 820; x_wconf 90' lang='lat' dir='ltr'><strong>intra</strong></span> <span class='ocrx_word' id='word_1_40' title='bbox 1081 779 1134 819; x_wconf 88' lang='lat' dir='ltr'><strong>se:</strong></span> <span class='ocrx_word' id='word_1_41' title='bbox 1156 761 1282 818; x_wconf 87' lang='lat' dir='ltr'><strong>‘Nescis</strong></span> <span class='ocrx_word' id='word_1_42' title='bbox 1296 763 1443 834; x_wconf 80' lang='lat' dir='ltr'><strong>quonian</strong></span> 
     </span>
    </p>

    <p class='ocr_par' dir='ltr' id='par_1_3' title="bbox 259 848 1443 1275">
     <span class='ocr_line' id='line_1_6' title="bbox 259 848 1443 925; baseline -0.001 -18"><span class='ocrx_word' id='word_1_43' title='bbox 259 848 373 925; x_wconf 74' lang='lat' dir='ltr'><strong>5fures</strong></span> <span class='ocrx_word' id='word_1_44' title='bbox 391 853 429 908; x_wconf 91' lang='lat' dir='ltr'><strong>ad</strong></span> <span class='ocrx_word' id='word_1_45' title='bbox 448 869 543 924; x_wconf 88' lang='lat' dir='ltr'><strong>penas</strong></span> <span class='ocrx_word' id='word_1_46' title='bbox 560 852 692 908; x_wconf 83' lang='lat' dir='ltr'><strong>uadunt?</strong></span> <span class='ocrx_word' id='word_1_47' title='bbox 711 850 850 924; x_wconf 84' lang='lat' dir='ltr'><strong>experire</strong></span> <span class='ocrx_word' id='word_1_48' title='bbox 867 869 939 924; x_wconf 81' lang='lat' dir='ltr'><strong>ergo</strong></span> <span class='ocrx_word' id='word_1_49' title='bbox 957 848 1159 922; x_wconf 86' lang='lat' dir='ltr'><strong>temetipsum,</strong></span> <span class='ocrx_word' id='word_1_50' title='bbox 1172 849 1197 905; x_wconf 89' lang='lat' dir='ltr'><strong>si</strong></span> <span class='ocrx_word' id='word_1_51' title='bbox 1214 857 1305 923; x_wconf 87' lang='lat' dir='ltr'><strong>potes</strong></span> <span class='ocrx_word' id='word_1_52' title='bbox 1319 859 1443 923; x_wconf 82' lang='lat' dir='ltr'><strong>portare</strong></span> 
     </span>
     <span class='ocr_line' id='line_1_7' title="bbox 288 936 1443 1012; baseline -0.002 -18"><span class='ocrx_word' id='word_1_53' title='bbox 288 941 472 996; x_wconf 86' lang='lat' dir='ltr'><strong>tormenta&#39;:</strong></span> <span class='ocrx_word' id='word_1_54' title='bbox 499 947 529 995; x_wconf 88' lang='lat' dir='ltr'><strong>et</strong></span> <span class='ocrx_word' id='word_1_55' title='bbox 554 955 706 1012; x_wconf 82' lang='lat' dir='ltr'>exurgens</span> <span class='ocrx_word' id='word_1_56' title='bbox 731 939 812 996; x_wconf 90' lang='lat' dir='ltr'><strong>stetit</strong></span> <span class='ocrx_word' id='word_1_57' title='bbox 836 937 867 994; x_wconf 87' lang='lat' dir='ltr'><strong>in</strong></span> <span class='ocrx_word' id='word_1_58' title='bbox 892 947 1027 995; x_wconf 77' lang='lat' dir='ltr'><strong>caumate</strong></span> <span class='ocrx_word' id='word_1_59' title='bbox 1048 938 1114 994; x_wconf 91' lang='lat' dir='ltr'><strong>dies</strong></span> <span class='ocrx_word' id='word_1_60' title='bbox 1133 936 1276 1009; x_wconf 90' lang='lat' dir='ltr'><strong>quinque,</strong></span> <span class='ocrx_word' id='word_1_61' title='bbox 1296 947 1329 994; x_wconf 92' lang='lat' dir='ltr'><strong>et</strong></span> <span class='ocrx_word' id='word_1_62' title='bbox 1349 937 1443 994; x_wconf 86' lang='lat' dir='ltr'>dixit:</span> 
     </span>
     <span class='ocr_line' id='line_1_8' title="bbox 288 1023 1443 1100; baseline -0.002 -18"><span class='ocrx_word' id='word_1_63' title='bbox 288 1025 386 1083; x_wconf 82' lang='lat' dir='ltr'><strong>‘Vere</strong></span> <span class='ocrx_word' id='word_1_64' title='bbox 405 1044 465 1083; x_wconf 91' lang='lat' dir='ltr'><strong>non</strong></span> <span class='ocrx_word' id='word_1_65' title='bbox 484 1043 609 1100; x_wconf 89' lang='lat' dir='ltr'><strong>possum</strong></span> <span class='ocrx_word' id='word_1_66' title='bbox 628 1034 778 1083; x_wconf 88' lang='lat' dir='ltr'><strong>tormenta</strong></span> <span class='ocrx_word' id='word_1_67' title='bbox 796 1025 943 1083; x_wconf 86' lang='lat' dir='ltr'><strong>sufferre:</strong></span> <span class='ocrx_word' id='word_1_68' title='bbox 962 1043 1017 1083; x_wconf 89' lang='lat' dir='ltr'><strong>nec</strong></span> <span class='ocrx_word' id='word_1_69' title='bbox 1031 1026 1128 1082; x_wconf 81' lang='lat' dir='ltr'>debeo</span> <span class='ocrx_word' id='word_1_70' title='bbox 1140 1023 1231 1081; x_wconf 85' lang='lat' dir='ltr'><strong>furari</strong></span> <span class='ocrx_word' id='word_1_71' title='bbox 1254 1035 1286 1082; x_wconf 89' lang='lat' dir='ltr'><strong>et</strong></span> <span class='ocrx_word' id='word_1_72' title='bbox 1312 1027 1443 1082; x_wconf 87' lang='lat' dir='ltr'><strong>mandu-</strong></span> 
     </span>
     <span class='ocr_line' id='line_1_9' title="bbox 288 1102 1442 1188; baseline -0.003 -18"><span class='ocrx_word' id='word_1_73' title='bbox 288 1116 373 1171; x_wconf 66' lang='lat' dir='ltr'><strong>care!</strong></span> <span class='ocrx_word' id='word_1_74' title='bbox 444 1102 553 1170; x_wconf 76' lang='lat' dir='ltr'><strong>²Dixit</strong></span> <span class='ocrx_word' id='word_1_75' title='bbox 566 1113 686 1188; x_wconf 88' lang='lat' dir='ltr'><strong>quidam</strong></span> <span class='ocrx_word' id='word_1_76' title='bbox 700 1131 812 1170; x_wconf 86' lang='lat' dir='ltr'>senex:</span> <span class='ocrx_word' id='word_1_77' title='bbox 833 1113 899 1170; x_wconf 91' lang='lat' dir='ltr'><strong>‘lra</strong></span> <span class='ocrx_word' id='word_1_78' title='bbox 913 1130 969 1186; x_wconf 91' lang='lat' dir='ltr'><strong>per</strong></span> <span class='ocrx_word' id='word_1_79' title='bbox 982 1113 1037 1169; x_wconf 92' lang='lat' dir='ltr'><strong>hos</strong></span> <span class='ocrx_word' id='word_1_80' title='bbox 1048 1123 1174 1185; x_wconf 89' lang='lat' dir='ltr'><strong>quatuor</strong></span> <span class='ocrx_word' id='word_1_81' title='bbox 1185 1121 1272 1169; x_wconf 91' lang='lat' dir='ltr'><strong>actus</strong></span> <span class='ocrx_word' id='word_1_82' title='bbox 1285 1112 1442 1186; x_wconf 80' lang='lat' dir='ltr'><strong>exurgit⁸z</strong></span> 
     </span>
     <span class='ocr_line' id='line_1_10' title="bbox 287 1200 1441 1275; baseline 0 -17"><span class='ocrx_word' id='word_1_83' title='bbox 287 1217 343 1274; x_wconf 89' lang='lat' dir='ltr'><strong>per</strong></span> <span class='ocrx_word' id='word_1_84' title='bbox 361 1201 552 1275; x_wconf 84' lang='lat' dir='ltr'><strong>cupiditatem</strong></span> <span class='ocrx_word' id='word_1_85' title='bbox 571 1201 708 1271; x_wconf 84' lang='lat' dir='ltr'><strong>anaticie,</strong></span> <span class='ocrx_word' id='word_1_86' title='bbox 721 1201 821 1258; x_wconf 90' lang='lat' dir='ltr'><strong>dando</strong></span> <span class='ocrx_word' id='word_1_87' title='bbox 840 1209 869 1258; x_wconf 96' lang='lat' dir='ltr'><strong>et</strong></span> <span class='ocrx_word' id='word_1_88' title='bbox 887 1200 1070 1273; x_wconf 89' lang='lat' dir='ltr'><strong>accipiendo,</strong></span> <span class='ocrx_word' id='word_1_89' title='bbox 1083 1200 1229 1272; x_wconf 86' lang='lat' dir='ltr'><strong>rapiendo</strong></span> <span class='ocrx_word' id='word_1_90' title='bbox 1241 1217 1294 1257; x_wconf 90' lang='lat' dir='ltr'><strong>res</strong></span> <span class='ocrx_word' id='word_1_91' title='bbox 1306 1201 1441 1270; x_wconf 76' lang='lat' dir='ltr'><strong>alienas,</strong></span> 
     </span>
    </p>

    <p class='ocr_par' dir='ltr' id='par_1_4' title="bbox 243 1287 1442 1708">
     <span class='ocr_line' id='line_1_11' title="bbox 243 1287 1442 1362; baseline -0.005 -12"><span class='ocrx_word' id='word_1_92' title='bbox 243 1311 274 1350; x_wconf 86' lang='grc' dir='ltr'><strong>ιο</strong></span> <span class='ocrx_word' id='word_1_93' title='bbox 287 1297 317 1344; x_wconf 87' lang='lat' dir='ltr'><strong>et</strong></span> <span class='ocrx_word' id='word_1_94' title='bbox 335 1288 359 1345; x_wconf 88' lang='lat' dir='ltr'><strong>si</strong></span> <span class='ocrx_word' id='word_1_95' title='bbox 377 1289 445 1362; x_wconf 88' lang='lat' dir='ltr'><strong>quis</strong></span> <span class='ocrx_word' id='word_1_96' title='bbox 461 1289 582 1362; x_wconf 91' lang='lat' dir='ltr'><strong>propria</strong></span> <span class='ocrx_word' id='word_1_97' title='bbox 599 1287 752 1346; x_wconf 85' lang='lat' dir='ltr'><strong>sentencia</strong></span> <span class='ocrx_word' id='word_1_98' title='bbox 770 1287 901 1345; x_wconf 84' lang='lat' dir='ltr'><strong>defendit</strong></span> <span class='ocrx_word' id='word_1_99' title='bbox 913 1289 992 1361; x_wconf 89' lang='lat' dir='ltr'><strong>quod</strong></span> <span class='ocrx_word' id='word_1_100' title='bbox 1010 1287 1124 1358; x_wconf 81' lang='lat' dir='ltr'><strong>amat⁴3</strong></span> <span class='ocrx_word' id='word_1_101' title='bbox 1144 1297 1173 1344; x_wconf 89' lang='lat' dir='ltr'><strong>et</strong></span> <span class='ocrx_word' id='word_1_102' title='bbox 1190 1288 1216 1345; x_wconf 90' lang='lat' dir='ltr'><strong>si</strong></span> <span class='ocrx_word' id='word_1_103' title='bbox 1233 1288 1304 1361; x_wconf 89' lang='lat' dir='ltr'><strong>quis</strong></span> <span class='ocrx_word' id='word_1_104' title='bbox 1324 1306 1361 1345; x_wconf 88' lang='lat' dir='ltr'><strong>se</strong></span> <span class='ocrx_word' id='word_1_105' title='bbox 1381 1290 1442 1346; x_wconf 93' lang='lat' dir='ltr'><strong>uult</strong></span> 
     </span>
     <span class='ocr_line' id='line_1_12' title="bbox 287 1372 1441 1449; baseline 0 -17"><span class='ocrx_word' id='word_1_106' title='bbox 287 1376 450 1433; x_wconf 87' lang='lat' dir='ltr'><strong>honoribus</strong></span> <span class='ocrx_word' id='word_1_107' title='bbox 468 1393 536 1433; x_wconf 90' lang='lat' dir='ltr'><strong>esse</strong></span> <span class='ocrx_word' id='word_1_108' title='bbox 555 1375 696 1449; x_wconf 66' lang='lat' dir='ltr'><strong>dignum</strong></span> <span class='ocrx_word' id='word_1_109' title='bbox 719 1385 749 1433; x_wconf 90' lang='lat' dir='ltr'><strong>et</strong></span> <span class='ocrx_word' id='word_1_110' title='bbox 768 1376 794 1432; x_wconf 89' lang='lat' dir='ltr'><strong>si</strong></span> <span class='ocrx_word' id='word_1_111' title='bbox 813 1375 881 1449; x_wconf 87' lang='lat' dir='ltr'><strong>quis</strong></span> <span class='ocrx_word' id='word_1_112' title='bbox 899 1372 1050 1432; x_wconf 90' lang='lat' dir='ltr'><strong>doctorem</strong></span> <span class='ocrx_word' id='word_1_113' title='bbox 1070 1394 1104 1434; x_wconf 86' lang='lat' dir='ltr'><strong>se</strong></span> <span class='ocrx_word' id='word_1_114' title='bbox 1123 1393 1192 1433; x_wconf 90' lang='lat' dir='ltr'><strong>esse</strong></span> <span class='ocrx_word' id='word_1_115' title='bbox 1212 1377 1361 1447; x_wconf 80' lang='lat' dir='ltr'><strong>dignum⁵</strong></span> <span class='ocrx_word' id='word_1_116' title='bbox 1379 1379 1441 1433; x_wconf 92' lang='lat' dir='ltr'><strong>uult</strong></span> 
     </span>
     <span class='ocr_line' id='line_1_13' title="bbox 287 1461 1441 1537; baseline 0.001 -18"><span class='ocrx_word' id='word_1_117' title='bbox 287 1463 356 1536; x_wconf 86' lang='lat' dir='ltr'><strong>plus</strong></span> <span class='ocrx_word' id='word_1_118' title='bbox 385 1463 524 1520; x_wconf 90' lang='lat' dir='ltr'><strong>omnibus</strong></span> <span class='ocrx_word' id='word_1_119' title='bbox 552 1463 728 1536; x_wconf 88' lang='lat' dir='ltr'><strong>sapientem.</strong></span> <span class='ocrx_word' id='word_1_120' title='bbox 767 1461 815 1520; x_wconf 88' lang='lat' dir='ltr'><strong>Ira</strong></span> <span class='ocrx_word' id='word_1_121' title='bbox 841 1481 897 1536; x_wconf 86' lang='lat' dir='ltr'><strong>per</strong></span> <span class='ocrx_word' id='word_1_122' title='bbox 920 1464 974 1520; x_wconf 89' lang='lat' dir='ltr'><strong>hec</strong></span> <span class='ocrx_word' id='word_1_123' title='bbox 999 1473 1125 1537; x_wconf 86' lang='lat' dir='ltr'><strong>quatuor</strong></span> <span class='ocrx_word' id='word_1_124' title='bbox 1149 1465 1301 1521; x_wconf 90' lang='lat' dir='ltr'><strong>humanos</strong></span> <span class='ocrx_word' id='word_1_125' title='bbox 1329 1482 1441 1522; x_wconf 87' lang='lat' dir='ltr'><strong>sensus</strong></span> 
     </span>
     <span class='ocr_line' id='line_1_14' title="bbox 287 1547 1440 1625; baseline 0 -18"><span class='ocrx_word' id='word_1_126' title='bbox 287 1551 443 1608; x_wconf 85' lang='lat' dir='ltr'><strong>obscurat:</strong></span> <span class='ocrx_word' id='word_1_127' title='bbox 473 1550 507 1607; x_wconf 91' lang='lat' dir='ltr'><strong>Si</strong></span> <span class='ocrx_word' id='word_1_128' title='bbox 531 1551 633 1607; x_wconf 92' lang='lat' dir='ltr'><strong>odium</strong></span> <span class='ocrx_word' id='word_1_129' title='bbox 657 1547 794 1607; x_wconf 84' lang='lat' dir='ltr'><strong>habuerit</strong></span> <span class='ocrx_word' id='word_1_130' title='bbox 818 1550 848 1607; x_wconf 90' lang='lat' dir='ltr'><strong>in</strong></span> <span class='ocrx_word' id='word_1_131' title='bbox 874 1551 1012 1625; x_wconf 83' lang='lat' dir='ltr'><strong>proximo</strong></span> <span class='ocrx_word' id='word_1_132' title='bbox 1036 1569 1101 1621; x_wconf 92' lang='lat' dir='ltr'><strong>suo,</strong></span> <span class='ocrx_word' id='word_1_133' title='bbox 1122 1561 1172 1608; x_wconf 91' lang='lat' dir='ltr'><strong>aut</strong></span> <span class='ocrx_word' id='word_1_134' title='bbox 1196 1551 1222 1608; x_wconf 88' lang='lat' dir='ltr'><strong>si</strong></span> <span class='ocrx_word' id='word_1_135' title='bbox 1246 1568 1306 1623; x_wconf 89' lang='lat' dir='ltr'><strong>pro</strong></span> <span class='ocrx_word' id='word_1_136' title='bbox 1330 1553 1440 1609; x_wconf 89' lang='lat' dir='ltr'><strong>nichilo</strong></span> 
     </span>
     <span class='ocr_line' id='line_1_15' title="bbox 287 1637 1439 1708; baseline 0.003 -14"><span class='ocrx_word' id='word_1_137' title='bbox 287 1638 432 1708; x_wconf 86' lang='lat' dir='ltr'><strong>habuerit,</strong></span> <span class='ocrx_word' id='word_1_138' title='bbox 446 1645 496 1694; x_wconf 89' lang='lat' dir='ltr'><strong>aut</strong></span> <span class='ocrx_word' id='word_1_139' title='bbox 508 1637 532 1695; x_wconf 91' lang='lat' dir='ltr'><strong>si</strong></span> <span class='ocrx_word' id='word_1_140' title='bbox 547 1637 589 1694; x_wconf 88' lang='lat' dir='ltr'><strong>illi</strong></span> <span class='ocrx_word' id='word_1_141' title='bbox 602 1637 749 1708; x_wconf 89' lang='lat' dir='ltr'><strong>inuiderit,</strong></span> <span class='ocrx_word' id='word_1_142' title='bbox 762 1649 812 1694; x_wconf 91' lang='lat' dir='ltr'><strong>aut</strong></span> <span class='ocrx_word' id='word_1_143' title='bbox 825 1639 1034 1696; x_wconf 86' lang='lat' dir='ltr'><strong>detractauerit</strong></span> <span class='ocrx_word' id='word_1_144' title='bbox 1046 1641 1084 1695; x_wconf 93' lang='lat' dir='ltr'><strong>de</strong></span> <span class='ocrx_word' id='word_1_145' title='bbox 1097 1657 1141 1696; x_wconf 89' lang='lat' dir='ltr'><strong>eo.</strong></span> <span class='ocrx_word' id='word_1_146' title='bbox 1173 1638 1254 1695; x_wconf 89' lang='lat' dir='ltr'><strong>Audi</strong></span> <span class='ocrx_word' id='word_1_147' title='bbox 1268 1639 1439 1697; x_wconf 85' lang='lat' dir='ltr'><strong>Iohannem</strong></span> 
     </span>
    </p>

    <p class='ocr_par' dir='ltr' id='par_1_5' title="bbox 243 1721 1439 1889">
     <span class='ocr_line' id='line_1_16' title="bbox 243 1721 1439 1797; baseline 0.002 -15"><span class='ocrx_word' id='word_1_148' title='bbox 243 1736 272 1788; x_wconf 83' lang='lat'><strong>¹5</strong></span> <span class='ocrx_word' id='word_1_149' title='bbox 288 1724 510 1797; x_wconf 85' lang='lat' dir='ltr'><strong>Euangelistam</strong></span> <span class='ocrx_word' id='word_1_150' title='bbox 523 1726 691 1784; x_wconf 86' lang='lat' dir='ltr'><strong>dicentem:</strong></span> <span class='ocrx_word' id='word_1_151' title='bbox 712 1721 796 1796; x_wconf 85' lang='lat' dir='ltr'><strong>“Qui</strong></span> <span class='ocrx_word' id='word_1_152' title='bbox 811 1726 873 1782; x_wconf 91' lang='lat' dir='ltr'><strong>odit</strong></span> <span class='ocrx_word' id='word_1_153' title='bbox 886 1725 1007 1784; x_wconf 83' lang='lat' dir='ltr'><strong>fratrem</strong></span> <span class='ocrx_word' id='word_1_154' title='bbox 1027 1743 1124 1794; x_wconf 87' lang='lat' dir='ltr'><strong>suurn,</strong></span> <span class='ocrx_word' id='word_1_155' title='bbox 1137 1728 1166 1782; x_wconf 91' lang='lat' dir='ltr'><strong>ln</strong></span> <span class='ocrx_word' id='word_1_156' title='bbox 1185 1727 1324 1784; x_wconf 86' lang='lat' dir='ltr'><strong>tenebris</strong></span> <span class='ocrx_word' id='word_1_157' title='bbox 1344 1739 1393 1786; x_wconf 90' lang='lat' dir='ltr'><strong>est</strong></span> <span class='ocrx_word' id='word_1_158' title='bbox 1412 1740 1439 1784; x_wconf 89' lang='lat' dir='ltr'><strong>et</strong></span> 
     </span>
     <span class='ocr_line' id='line_1_17' title="bbox 286 1812 889 1889; baseline 0.003 -19"><span class='ocrx_word' id='word_1_159' title='bbox 286 1812 382 1871; x_wconf 88' lang='lat' dir='ltr'><strong>nescit</strong></span> <span class='ocrx_word' id='word_1_160' title='bbox 395 1831 455 1887; x_wconf 91' lang='lat' dir='ltr'><strong>quo</strong></span> <span class='ocrx_word' id='word_1_161' title='bbox 467 1823 524 1886; x_wconf 87' lang='lat' dir='ltr'><strong>eat,</strong></span> <span class='ocrx_word' id='word_1_162' title='bbox 538 1822 567 1870; x_wconf 89' lang='lat' dir='ltr'><strong>et</strong></span> <span class='ocrx_word' id='word_1_163' title='bbox 580 1820 681 1870; x_wconf 87' lang='lat' dir='ltr'><strong>manet</strong></span> <span class='ocrx_word' id='word_1_164' title='bbox 693 1812 723 1870; x_wconf 87' lang='lat' dir='ltr'><strong>in</strong></span> <span class='ocrx_word' id='word_1_165' title='bbox 737 1816 860 1872; x_wconf 86' lang='lat' dir='ltr'><strong>morte.&#39;’</strong></span> <span class='ocrx_word' id='word_1_166' title='bbox 869 1813 889 1889; x_wconf 92' lang='lat'><strong>’]</strong></span> 
     </span>
    </p>
   </div>
   <div class='ocr_carea' id='block_1_3' title="bbox 426 2049 1291 2124">
    <p class='ocr_par' dir='ltr' id='par_1_6' title="bbox 426 2049 1291 2124">
     <span class='ocr_line' id='line_1_18' title="bbox 426 2049 1291 2124; baseline -0.005 0"><span class='ocrx_word' id='word_1_167' title='bbox 426 2063 450 2124; x_wconf 56' lang='lat' dir='ltr'><strong>q]</strong></span> <span class='ocrx_word' id='word_1_168' title='bbox 472 2049 527 2120; x_wconf 83' lang='lat' dir='ltr'><strong>DE</strong></span> <span class='ocrx_word' id='word_1_169' title='bbox 546 2073 661 2120; x_wconf 68' lang='lat' dir='ltr'>SANCTO</span> <span class='ocrx_word' id='word_1_170' title='bbox 683 2049 833 2119; x_wconf 66' lang='lat' dir='ltr'><strong>Phreatto</strong></span> <span class='ocrx_word' id='word_1_171' title='bbox 853 2079 996 2120; x_wconf 73' lang='lat' dir='ltr'><strong>nrtscoro</strong></span> <span class='ocrx_word' id='word_1_172' title='bbox 1015 2079 1052 2119; x_wconf 79' lang='lat' dir='ltr'><strong>ET</strong></span> <span class='ocrx_word' id='word_1_173' title='bbox 1070 2064 1291 2120; x_wconf 71' lang='lat' dir='ltr'>CONFESSORE⁸.</span> 
     </span>
    </p>
   </div>
   <div class='ocr_carea' id='block_1_4' title="bbox 237 2199 1439 3502">
    <p class='ocr_par' dir='ltr' id='par_1_7' title="bbox 237 2199 1439 3502">
     <span class='ocr_line' id='line_1_19' title="bbox 291 2199 1438 2328; baseline 0.005 -71"><span class='ocrx_word' id='word_1_174' title='bbox 291 2199 482 2328; x_wconf 84' lang='lat' dir='ltr'><strong>PAternus</strong></span> <span class='ocrx_word' id='word_1_175' title='bbox 507 2208 608 2257; x_wconf 91' lang='lat' dir='ltr'><strong>autem</strong></span> <span class='ocrx_word' id='word_1_176' title='bbox 629 2201 791 2274; x_wconf 88' lang='lat' dir='ltr'><strong>episcopus</strong></span> <span class='ocrx_word' id='word_1_177' title='bbox 815 2201 965 2271; x_wconf 73' lang='lat' dir='ltr'><strong>sanetus²‚</strong></span> <span class='ocrx_word' id='word_1_178' title='bbox 985 2211 1136 2259; x_wconf 83' lang='lat' dir='ltr'><strong>terrenam</strong></span> <span class='ocrx_word' id='word_1_179' title='bbox 1157 2203 1361 2263; x_wconf 83' lang='lat' dir='ltr'><strong>hereditatem</strong></span> <span class='ocrx_word' id='word_1_180' title='bbox 1387 2208 1438 2263; x_wconf 86' lang='lat' dir='ltr'><strong>de-</strong></span> 
     </span>
     <span class='ocr_line' id='line_1_20' title="bbox 394 2287 1437 2363; baseline 0.006 -19"><span class='ocrx_word' id='word_1_181' title='bbox 394 2287 576 2361; x_wconf 89' lang='lat' dir='ltr'><strong>relinquens,</strong></span> <span class='ocrx_word' id='word_1_182' title='bbox 607 2305 641 2346; x_wconf 81' lang='lat' dir='ltr'><strong>ec</strong></span> <span class='ocrx_word' id='word_1_183' title='bbox 672 2289 796 2346; x_wconf 85' lang='lat' dir='ltr'><strong>exilium</strong></span> <span class='ocrx_word' id='word_1_184' title='bbox 827 2306 943 2354; x_wconf 89' lang='lat' dir='ltr'><strong>amans,</strong></span> <span class='ocrx_word' id='word_1_185' title='bbox 975 2290 1085 2346; x_wconf 87' lang='lat' dir='ltr'><strong>summi</strong></span> <span class='ocrx_word' id='word_1_186' title='bbox 1111 2291 1197 2363; x_wconf 84' lang='lat' dir='ltr'><strong>regni</strong></span> <span class='ocrx_word' id='word_1_187' title='bbox 1220 2290 1345 2349; x_wconf 88' lang='lat' dir='ltr'><strong>celestis</strong></span> <span class='ocrx_word' id='word_1_188' title='bbox 1372 2294 1437 2352; x_wconf 85' lang='lat' dir='ltr'><strong>fieri</strong></span> 
     </span>
     <span class='ocr_line' id='line_1_21' title="bbox 285 2374 1438 2450; baseline 0.007 -20"><span class='ocrx_word' id='word_1_189' title='bbox 285 2374 428 2433; x_wconf 86' lang='lat' dir='ltr'><strong>heredem</strong></span> <span class='ocrx_word' id='word_1_190' title='bbox 459 2375 636 2448; x_wconf 87' lang='lat' dir='ltr'><strong>concupiuit.</strong></span> <span class='ocrx_word' id='word_1_191' title='bbox 674 2376 732 2447; x_wconf 87' lang='lat' dir='ltr'><strong>Qui</strong></span> <span class='ocrx_word' id='word_1_192' title='bbox 763 2377 872 2449; x_wconf 75' lang='lat' dir='ltr'><strong>gente³</strong></span> <span class='ocrx_word' id='word_1_193' title='bbox 902 2377 1022 2450; x_wconf 92' lang='lat' dir='ltr'><strong>quidam</strong></span> <span class='ocrx_word' id='word_1_194' title='bbox 1054 2377 1231 2434; x_wconf 62' lang='lat' dir='ltr'><strong>Maroneus</strong></span> <span class='ocrx_word' id='word_1_195' title='bbox 1260 2377 1325 2448; x_wconf 88' lang='lat' dir='ltr'><strong>fuit,</strong></span> <span class='ocrx_word' id='word_1_196' title='bbox 1353 2381 1373 2436; x_wconf 91' lang='lat' dir='ltr'><strong>i.</strong></span> <span class='ocrx_word' id='word_1_197' title='bbox 1401 2382 1438 2442; x_wconf 84' lang='lat' dir='ltr'><strong>de</strong></span> 
     </span>
     <span class='ocr_line' id='line_1_22' title="bbox 237 2462 1438 2538; baseline 0.002 -16"><span class='ocrx_word' id='word_1_198' title='bbox 237 2484 271 2528; x_wconf 82' lang='lat' dir='ltr'><strong>ao</strong></span> <span class='ocrx_word' id='word_1_199' title='bbox 286 2462 394 2519; x_wconf 89' lang='lat' dir='ltr'><strong>minori</strong></span> <span class='ocrx_word' id='word_1_200' title='bbox 408 2463 562 2520; x_wconf 84' lang='lat' dir='ltr'><strong>Britannia</strong></span> <span class='ocrx_word' id='word_1_201' title='bbox 578 2473 670 2532; x_wconf 88' lang='lat' dir='ltr'><strong>ortus,</strong></span> <span class='ocrx_word' id='word_1_202' title='bbox 688 2473 718 2520; x_wconf 87' lang='lat' dir='ltr'><strong>et</strong></span> <span class='ocrx_word' id='word_1_203' title='bbox 737 2465 775 2520; x_wconf 90' lang='lat' dir='ltr'><strong>de</strong></span> <span class='ocrx_word' id='word_1_204' title='bbox 794 2463 971 2537; x_wconf 89' lang='lat' dir='ltr'><strong>parentibus</strong></span> <span class='ocrx_word' id='word_1_205' title='bbox 990 2465 1082 2520; x_wconf 91' lang='lat' dir='ltr'><strong>nobili</strong></span> <span class='ocrx_word' id='word_1_206' title='bbox 1100 2464 1242 2537; x_wconf 87' lang='lat' dir='ltr'><strong>prosapia</strong></span> <span class='ocrx_word' id='word_1_207' title='bbox 1258 2469 1438 2538; x_wconf 89' lang='lat' dir='ltr'><strong>procreatis,</strong></span> 
     </span>
     <span class='ocr_line' id='line_1_23' title="bbox 286 2548 1439 2624; baseline 0.007 -19"><span class='ocrx_word' id='word_1_208' title='bbox 286 2548 415 2606; x_wconf 90' lang='lat' dir='ltr'><strong>Petrano</strong></span> <span class='ocrx_word' id='word_1_209' title='bbox 437 2551 499 2607; x_wconf 91' lang='lat' dir='ltr'><strong>scil.</strong></span> <span class='ocrx_word' id='word_1_210' title='bbox 520 2559 615 2624; x_wconf 86' lang='lat' dir='ltr'><strong>patre,</strong></span> <span class='ocrx_word' id='word_1_211' title='bbox 637 2561 731 2610; x_wconf 89' lang='lat' dir='ltr'><strong>matre</strong></span> <span class='ocrx_word' id='word_1_212' title='bbox 753 2569 825 2608; x_wconf 88' lang='lat' dir='ltr'><strong>vero</strong></span> <span class='ocrx_word' id='word_1_213' title='bbox 846 2551 971 2608; x_wconf 87' lang='lat' dir='ltr'><strong>Guean:</strong></span> <span class='ocrx_word' id='word_1_214' title='bbox 991 2551 1041 2624; x_wconf 91' lang='lat' dir='ltr'><strong>qui</strong></span> <span class='ocrx_word' id='word_1_215' title='bbox 1061 2570 1123 2608; x_wconf 90' lang='lat' dir='ltr'><strong>vno</strong></span> <span class='ocrx_word' id='word_1_216' title='bbox 1141 2562 1291 2610; x_wconf 91' lang='lat' dir='ltr'><strong>conuentu</strong></span> <span class='ocrx_word' id='word_1_217' title='bbox 1310 2565 1439 2618; x_wconf 79' lang='lat' dir='ltr'><strong>utentes</strong></span> 
     </span>
     <span class='ocr_line' id='line_1_24' title="bbox 284 2637 1435 2712; baseline 0.005 -20"><span class='ocrx_word' id='word_1_218' title='bbox 284 2646 420 2694; x_wconf 91' lang='lat' dir='ltr'><strong>sanctum</strong></span> <span class='ocrx_word' id='word_1_219' title='bbox 447 2637 609 2694; x_wconf 86' lang='lat' dir='ltr'><strong>Paternum</strong></span> <span class='ocrx_word' id='word_1_220' title='bbox 633 2647 812 2710; x_wconf 83' lang='lat' dir='ltr'><strong>genuerunt,</strong></span> <span class='ocrx_word' id='word_1_221' title='bbox 836 2648 866 2695; x_wconf 91' lang='lat' dir='ltr'><strong>et</strong></span> <span class='ocrx_word' id='word_1_222' title='bbox 890 2647 995 2712; x_wconf 86' lang='lat' dir='ltr'><strong>postea</strong></span> <span class='ocrx_word' id='word_1_223' title='bbox 1018 2640 1204 2712; x_wconf 91' lang='lat' dir='ltr'><strong>sempiterno</strong></span> <span class='ocrx_word' id='word_1_224' title='bbox 1225 2640 1273 2696; x_wconf 91' lang='lat' dir='ltr'><strong>dei</strong></span> <span class='ocrx_word' id='word_1_225' title='bbox 1296 2644 1435 2711; x_wconf 88' lang='lat' dir='ltr'><strong>seruitio,</strong></span> 
     </span>
     <span class='ocr_line' id='line_1_25' title="bbox 283 2723 1435 2793; baseline 0.006 -13"><span class='ocrx_word' id='word_1_226' title='bbox 283 2723 315 2780; x_wconf 90' lang='lat' dir='ltr'><strong>in</strong></span> <span class='ocrx_word' id='word_1_227' title='bbox 336 2726 471 2782; x_wconf 88' lang='lat' dir='ltr'><strong>castitate</strong></span> <span class='ocrx_word' id='word_1_228' title='bbox 497 2734 663 2793; x_wconf 91' lang='lat' dir='ltr'><strong>manentes,</strong></span> <span class='ocrx_word' id='word_1_229' title='bbox 684 2744 718 2783; x_wconf 90' lang='lat' dir='ltr'><strong>se</strong></span> <span class='ocrx_word' id='word_1_230' title='bbox 738 2725 945 2783; x_wconf 87' lang='lat' dir='ltr'><strong>subdiderunt.</strong></span> <span class='ocrx_word' id='word_1_231' title='bbox 991 2725 1068 2782; x_wconf 91' lang='lat' dir='ltr'><strong>Nam</strong></span> <span class='ocrx_word' id='word_1_232' title='bbox 1095 2726 1241 2784; x_wconf 88' lang='lat' dir='ltr'><strong>Petranus</strong></span> <span class='ocrx_word' id='word_1_233' title='bbox 1262 2727 1343 2784; x_wconf 88' lang='lat' dir='ltr'><strong>illico</strong></span> <span class='ocrx_word' id='word_1_234' title='bbox 1369 2730 1435 2787; x_wconf 90' lang='lat' dir='ltr'><strong>Bri-</strong></span> 
     </span>
     <span class='ocr_line' id='line_1_26' title="bbox 285 2812 1437 2886; baseline 0.005 -18"><span class='ocrx_word' id='word_1_235' title='bbox 285 2813 419 2869; x_wconf 87' lang='lat' dir='ltr'><strong>tanniam</strong></span> <span class='ocrx_word' id='word_1_236' title='bbox 442 2812 591 2869; x_wconf 90' lang='lat' dir='ltr'><strong>Minorem</strong></span> <span class='ocrx_word' id='word_1_237' title='bbox 612 2813 766 2881; x_wconf 87' lang='lat' dir='ltr'><strong>deserens,</strong></span> <span class='ocrx_word' id='word_1_238' title='bbox 787 2812 965 2870; x_wconf 88' lang='lat' dir='ltr'><strong>Hiberniam</strong></span> <span class='ocrx_word' id='word_1_239' title='bbox 989 2813 1083 2886; x_wconf 90' lang='lat' dir='ltr'><strong>petiit,</strong></span> <span class='ocrx_word' id='word_1_240' title='bbox 1105 2823 1134 2871; x_wconf 93' lang='lat' dir='ltr'><strong>et</strong></span> <span class='ocrx_word' id='word_1_241' title='bbox 1160 2830 1269 2886; x_wconf 84' lang='lat' dir='ltr'><strong>magna</strong></span> <span class='ocrx_word' id='word_1_242' title='bbox 1293 2815 1358 2872; x_wconf 87' lang='lat' dir='ltr'><strong>vite</strong></span> <span class='ocrx_word' id='word_1_243' title='bbox 1384 2820 1437 2874; x_wconf 86' lang='lat' dir='ltr'><strong>ab·</strong></span> 
     </span>
     <span class='ocr_line' id='line_1_27' title="bbox 238 2899 1436 2976; baseline 0.003 -18"><span class='ocrx_word' id='word_1_244' title='bbox 238 2924 269 2976; x_wconf 68' lang='lat'><strong>25</strong></span> <span class='ocrx_word' id='word_1_245' title='bbox 283 2901 425 2958; x_wconf 86' lang='lat' dir='ltr'><strong>stinentia</strong></span> <span class='ocrx_word' id='word_1_246' title='bbox 456 2910 486 2957; x_wconf 91' lang='lat' dir='ltr'><strong>et</strong></span> <span class='ocrx_word' id='word_1_247' title='bbox 516 2899 674 2958; x_wconf 71' lang='lat' dir='ltr'><strong>vimutibus</strong></span> <span class='ocrx_word' id='word_1_248' title='bbox 709 2902 765 2958; x_wconf 90' lang='lat' dir='ltr'><strong>deo</strong></span> <span class='ocrx_word' id='word_1_249' title='bbox 802 2902 920 2974; x_wconf 88' lang='lat' dir='ltr'><strong>placuit.</strong></span> <span class='ocrx_word' id='word_1_250' title='bbox 969 2900 1106 2958; x_wconf 88' lang='lat' dir='ltr'><strong>Gratiosa</strong></span> <span class='ocrx_word' id='word_1_251' title='bbox 1141 2903 1253 2975; x_wconf 88' lang='lat' dir='ltr'><strong>quippe</strong></span> <span class='ocrx_word' id='word_1_252' title='bbox 1290 2908 1436 2976; x_wconf 86' lang='lat' dir='ltr'><strong>apparuit</strong></span> 
     </span>
     <span class='ocr_line' id='line_1_28' title="bbox 282 2988 1435 3062; baseline 0.004 -16"><span class='ocrx_word' id='word_1_253' title='bbox 282 2988 422 3051; x_wconf 87' lang='lat' dir='ltr'><strong>natiuitas</strong></span> <span class='ocrx_word' id='word_1_254' title='bbox 444 2988 538 3044; x_wconf 85' lang='lat' dir='ltr'><strong>sancti</strong></span> <span class='ocrx_word' id='word_1_255' title='bbox 561 2988 690 3056; x_wconf 90' lang='lat' dir='ltr'><strong>Paterni,</strong></span> <span class='ocrx_word' id='word_1_256' title='bbox 709 3005 873 3062; x_wconf 90' lang='lat' dir='ltr'><strong>perquem</strong></span> <span class='ocrx_word' id='word_1_257' title='bbox 897 2997 984 3061; x_wconf 90' lang='lat' dir='ltr'><strong>pater</strong></span> <span class='ocrx_word' id='word_1_258' title='bbox 1002 2992 1067 3045; x_wconf 87' lang='lat' dir='ltr'><strong>eius</strong></span> <span class='ocrx_word' id='word_1_259' title='bbox 1084 2998 1206 3046; x_wconf 88' lang='lat' dir='ltr'><strong>sanctus</strong></span> <span class='ocrx_word' id='word_1_260' title='bbox 1228 2989 1357 3048; x_wconf 88' lang='lat' dir='ltr'><strong>effectus</strong></span> <span class='ocrx_word' id='word_1_261' title='bbox 1379 3007 1435 3058; x_wconf 86' lang='lat' dir='ltr'><strong>est,</strong></span> 
     </span>
     <span class='ocr_line' id='line_1_29' title="bbox 282 3075 1434 3148; baseline 0.006 -15"><span class='ocrx_word' id='word_1_262' title='bbox 282 3087 312 3134; x_wconf 91' lang='lat' dir='ltr'><strong>et</strong></span> <span class='ocrx_word' id='word_1_263' title='bbox 337 3085 433 3133; x_wconf 90' lang='lat' dir='ltr'><strong>mater</strong></span> <span class='ocrx_word' id='word_1_264' title='bbox 451 3077 517 3132; x_wconf 91' lang='lat' dir='ltr'><strong>eius</strong></span> <span class='ocrx_word' id='word_1_265' title='bbox 538 3075 649 3132; x_wconf 86' lang='lat' dir='ltr'><strong>famula</strong></span> <span class='ocrx_word' id='word_1_266' title='bbox 670 3075 782 3133; x_wconf 84' lang='lat' dir='ltr'><strong>Christi</strong></span> <span class='ocrx_word' id='word_1_267' title='bbox 804 3075 974 3148; x_wconf 86' lang='lat' dir='ltr'><strong>religiosam</strong></span> <span class='ocrx_word' id='word_1_268' title='bbox 993 3077 1085 3132; x_wconf 89' lang='lat' dir='ltr'><strong>vitam</strong></span> <span class='ocrx_word' id='word_1_269' title='bbox 1110 3075 1203 3134; x_wconf 83' lang='lat' dir='ltr'><strong>duxit</strong></span> <span class='ocrx_word' id='word_1_270' title='bbox 1239 3077 1434 3140; x_wconf 83' lang='lat' dir='ltr'><strong>Adolescens</strong></span> 
     </span>
     <span class='ocr_line' id='line_1_30' title="bbox 283 3161 1434 3239; baseline 0.003 -19"><span class='ocrx_word' id='word_1_271' title='bbox 283 3172 383 3220; x_wconf 88' lang='lat' dir='ltr'><strong>autern</strong></span> <span class='ocrx_word' id='word_1_272' title='bbox 396 3163 544 3219; x_wconf 87' lang='lat' dir='ltr'><strong>Paternus</strong></span> <span class='ocrx_word' id='word_1_273' title='bbox 560 3161 663 3232; x_wconf 86' lang='lat' dir='ltr'><strong>sactus,</strong></span> <span class='ocrx_word' id='word_1_274' title='bbox 677 3162 872 3236; x_wconf 84' lang='lat' dir='ltr'><strong>interrogauit</strong></span> <span class='ocrx_word' id='word_1_275' title='bbox 886 3172 1013 3219; x_wconf 90' lang='lat' dir='ltr'><strong>matrem</strong></span> <span class='ocrx_word' id='word_1_276' title='bbox 1032 3180 1122 3236; x_wconf 85' lang='lat' dir='ltr'><strong>quent</strong></span> <span class='ocrx_word' id='word_1_277' title='bbox 1136 3173 1252 3236; x_wconf 85' lang='lat' dir='ltr'><strong>patrem</strong></span> <span class='ocrx_word' id='word_1_278' title='bbox 1265 3165 1434 3239; x_wconf 82' lang='lat' dir='ltr'><strong>habuisset,</strong></span> 
     </span>
     <span class='ocr_line' id='line_1_31' title="bbox 281 3249 1435 3320; baseline 0.005 -13"><span class='ocrx_word' id='word_1_279' title='bbox 281 3252 406 3319; x_wconf 87' lang='lat' dir='ltr'><strong>viueret,</strong></span> <span class='ocrx_word' id='word_1_280' title='bbox 431 3267 470 3306; x_wconf 88' lang='lat' dir='ltr'><strong>an</strong></span> <span class='ocrx_word' id='word_1_281' title='bbox 488 3253 572 3306; x_wconf 85' lang='lat' dir='ltr'><strong>non?</strong></span> <span class='ocrx_word' id='word_1_282' title='bbox 596 3259 655 3318; x_wconf 86' lang='lat' dir='ltr'><strong>aut,</strong></span> <span class='ocrx_word' id='word_1_283' title='bbox 675 3250 701 3306; x_wconf 90' lang='lat' dir='ltr'><strong>si</strong></span> <span class='ocrx_word' id='word_1_284' title='bbox 725 3249 849 3320; x_wconf 89' lang='lat' dir='ltr'><strong>viueret,</strong></span> <span class='ocrx_word' id='word_1_285' title='bbox 868 3251 917 3307; x_wconf 93' lang='lat' dir='ltr'><strong>vbi</strong></span> <span class='ocrx_word' id='word_1_286' title='bbox 942 3253 1025 3307; x_wconf 85' lang='lat' dir='ltr'><strong>erat?</strong></span> <span class='ocrx_word' id='word_1_287' title='bbox 1046 3259 1075 3306; x_wconf 89' lang='lat' dir='ltr'><strong>et</strong></span> <span class='ocrx_word' id='word_1_288' title='bbox 1094 3268 1148 3307; x_wconf 90' lang='lat' dir='ltr'><strong>cur</strong></span> <span class='ocrx_word' id='word_1_289' title='bbox 1169 3250 1237 3307; x_wconf 88' lang='lat' dir='ltr'><strong>alibi</strong></span> <span class='ocrx_word' id='word_1_290' title='bbox 1260 3265 1435 3312; x_wconf 88' lang='lat' dir='ltr'><strong>moraretur</strong></span> 
     </span>
     <span class='ocr_line' id='line_1_32' title="bbox 237 3337 1432 3412; baseline 0 -13"><span class='ocrx_word' id='word_1_291' title='bbox 237 3363 269 3412; x_wconf 74' lang='lat'><strong>30</strong></span> <span class='ocrx_word' id='word_1_292' title='bbox 282 3347 312 3395; x_wconf 87' lang='lat' dir='ltr'><strong>et</strong></span> <span class='ocrx_word' id='word_1_293' title='bbox 340 3355 400 3393; x_wconf 92' lang='lat' dir='ltr'><strong>non</strong></span> <span class='ocrx_word' id='word_1_294' title='bbox 430 3338 529 3410; x_wconf 90' lang='lat' dir='ltr'><strong>potius</strong></span> <span class='ocrx_word' id='word_1_295' title='bbox 554 3337 585 3393; x_wconf 92' lang='lat' dir='ltr'><strong>in</strong></span> <span class='ocrx_word' id='word_1_296' title='bbox 610 3337 732 3411; x_wconf 89' lang='lat' dir='ltr'><strong>propria</strong></span> <span class='ocrx_word' id='word_1_297' title='bbox 756 3337 921 3394; x_wconf 87' lang='lat' dir='ltr'><strong>hereditate</strong></span> <span class='ocrx_word' id='word_1_298' title='bbox 946 3339 1104 3394; x_wconf 85' lang='lat' dir='ltr'><strong>maneret?</strong></span> <span class='ocrx_word' id='word_1_299' title='bbox 1141 3337 1196 3395; x_wconf 90' lang='lat' dir='ltr'><strong>Cui</strong></span> <span class='ocrx_word' id='word_1_300' title='bbox 1221 3339 1432 3399; x_wconf 86' lang='lat' dir='ltr'><strong>lachrimando</strong></span> 
     </span>
     <span class='ocr_line' id='line_1_33' title="bbox 281 3424 1431 3502; baseline 0.006 -22"><span class='ocrx_word' id='word_1_301' title='bbox 281 3433 379 3481; x_wconf 90' lang='lat' dir='ltr'><strong>mater</strong></span> <span class='ocrx_word' id='word_1_302' title='bbox 408 3424 582 3498; x_wconf 88' lang='lat' dir='ltr'><strong>respondit:</strong></span> <span class='ocrx_word' id='word_1_303' title='bbox 615 3425 721 3482; x_wconf 88' lang='lat' dir='ltr'><strong>‘Pater</strong></span> <span class='ocrx_word' id='word_1_304' title='bbox 745 3435 814 3482; x_wconf 92' lang='lat' dir='ltr'><strong>tuus</strong></span> <span class='ocrx_word' id='word_1_305' title='bbox 839 3425 961 3499; x_wconf 89' lang='lat' dir='ltr'><strong>quidem</strong></span> <span class='ocrx_word' id='word_1_306' title='bbox 987 3425 1069 3491; x_wconf 90' lang='lat' dir='ltr'><strong>viuit,</strong></span> <span class='ocrx_word' id='word_1_307' title='bbox 1095 3433 1124 3481; x_wconf 92' lang='lat' dir='ltr'><strong>et</strong></span> <span class='ocrx_word' id='word_1_308' title='bbox 1155 3425 1224 3498; x_wconf 91' lang='lat' dir='ltr'><strong>plus</strong></span> <span class='ocrx_word' id='word_1_309' title='bbox 1254 3427 1313 3483; x_wconf 91' lang='lat' dir='ltr'><strong>deo</strong></span> <span class='ocrx_word' id='word_1_310' title='bbox 1337 3446 1431 3502; x_wconf 86' lang='lat' dir='ltr'><strong>quarn</strong></span> 
     </span>
    </p>
   </div>
   <div class='ocr_carea' id='block_1_5' title="bbox 235 3511 1433 4024">
    <p class='ocr_par' dir='ltr' id='par_1_8' title="bbox 235 3511 1433 4024">
     <span class='ocr_line' id='line_1_34' title="bbox 281 3511 1433 3590; baseline 0.005 -22"><span class='ocrx_word' id='word_1_311' title='bbox 281 3514 413 3582; x_wconf 86' lang='lat' dir='ltr'><strong>mund0;</strong></span> <span class='ocrx_word' id='word_1_312' title='bbox 432 3514 566 3584; x_wconf 83' lang='lat' dir='ltr'><strong>perrexit</strong></span> <span class='ocrx_word' id='word_1_313' title='bbox 579 3519 678 3568; x_wconf 89' lang='lat' dir='ltr'><strong>autem</strong></span> <span class='ocrx_word' id='word_1_314' title='bbox 693 3512 762 3568; x_wconf 92' lang='lat' dir='ltr'><strong>hinc</strong></span> <span class='ocrx_word' id='word_1_315' title='bbox 782 3514 820 3569; x_wconf 86' lang='lat' dir='ltr'><strong>ad</strong></span> <span class='ocrx_word' id='word_1_316' title='bbox 834 3511 1022 3580; x_wconf 88' lang='lat' dir='ltr'><strong>Hiberniam,</strong></span> <span class='ocrx_word' id='word_1_317' title='bbox 1034 3513 1084 3569; x_wconf 91' lang='lat' dir='ltr'><strong>vbi</strong></span> <span class='ocrx_word' id='word_1_318' title='bbox 1097 3513 1217 3580; x_wconf 89' lang='lat' dir='ltr'><strong>ieiunat,</strong></span> <span class='ocrx_word' id='word_1_319' title='bbox 1230 3523 1305 3583; x_wconf 87' lang='lat' dir='ltr'><strong>orat,</strong></span> <span class='ocrx_word' id='word_1_320' title='bbox 1317 3515 1433 3590; x_wconf 83' lang='lat' dir='ltr'><strong>vigilat,</strong></span> 
     </span>
     <span class='ocr_line' id='line_1_35' title="bbox 280 3600 1431 3673; baseline 0.008 -17"><span class='ocrx_word' id='word_1_321' title='bbox 280 3601 450 3668; x_wconf 86' lang='lat' dir='ltr'><strong>meditatur,</strong></span> <span class='ocrx_word' id='word_1_322' title='bbox 475 3600 648 3673; x_wconf 86' lang='lat' dir='ltr'><strong>genuflectit</strong></span> <span class='ocrx_word' id='word_1_323' title='bbox 678 3600 823 3657; x_wconf 88' lang='lat' dir='ltr'><strong>altissimo</strong></span> <span class='ocrx_word' id='word_1_324' title='bbox 853 3601 992 3657; x_wconf 71' lang='lat' dir='ltr'><strong>domino!</strong></span> <span class='ocrx_word' id='word_1_325' title='bbox 1040 3600 1127 3657; x_wconf 90' lang='lat' dir='ltr'><strong>Tunc</strong></span> <span class='ocrx_word' id='word_1_326' title='bbox 1157 3601 1336 3660; x_wconf 85' lang='lat' dir='ltr'><strong>adolescens</strong></span> <span class='ocrx_word' id='word_1_327' title='bbox 1369 3606 1431 3664; x_wconf 84' lang='lat' dir='ltr'><strong>ait:</strong></span> 
     </span>
     <span class='ocr_line' id='line_1_36' title="bbox 281 3687 1432 3764; baseline 0 -19"><span class='ocrx_word' id='word_1_328' title='bbox 281 3688 366 3759; x_wconf 80' lang='lat' dir='ltr'><strong>‘Quo</strong></span> <span class='ocrx_word' id='word_1_329' title='bbox 397 3705 468 3762; x_wconf 80' lang='lat' dir='ltr'><strong>ergo</strong></span> <span class='ocrx_word' id='word_1_330' title='bbox 498 3688 615 3744; x_wconf 90' lang='lat' dir='ltr'><strong>meliori</strong></span> <span class='ocrx_word' id='word_1_331' title='bbox 641 3689 729 3744; x_wconf 91' lang='lat' dir='ltr'><strong>modo</strong></span> <span class='ocrx_word' id='word_1_332' title='bbox 754 3696 852 3762; x_wconf 87' lang='lat' dir='ltr'><strong>potest</strong></span> <span class='ocrx_word' id='word_1_333' title='bbox 879 3687 959 3744; x_wconf 87' lang='lat' dir='ltr'><strong>filius</strong></span> <span class='ocrx_word' id='word_1_334' title='bbox 983 3687 1095 3756; x_wconf 90' lang='lat' dir='ltr'><strong>viuere,</strong></span> <span class='ocrx_word' id='word_1_335' title='bbox 1122 3705 1212 3761; x_wconf 87' lang='lat' dir='ltr'><strong>quam</strong></span> <span class='ocrx_word' id='word_1_336' title='bbox 1239 3690 1309 3745; x_wconf 90' lang='lat' dir='ltr'><strong>boni</strong></span> <span class='ocrx_word' id='word_1_337' title='bbox 1334 3695 1432 3764; x_wconf 79' lang='lat' dir='ltr'><strong>patn&#39;s</strong></span> 
     </span>
     <span class='ocr_line' id='line_1_37' title="bbox 235 3774 1432 3849; baseline 0.006 -17"><span class='ocrx_word' id='word_1_338' title='bbox 235 3792 265 3844; x_wconf 84' lang='lat'><strong>35</strong></span> <span class='ocrx_word' id='word_1_339' title='bbox 280 3775 460 3834; x_wconf 77' lang='lat' dir='ltr'><strong>imitatione?</strong></span> <span class='ocrx_word' id='word_1_340' title='bbox 498 3774 575 3832; x_wconf 90' lang='lat' dir='ltr'><strong>Nam</strong></span> <span class='ocrx_word' id='word_1_341' title='bbox 598 3775 625 3832; x_wconf 90' lang='lat' dir='ltr'><strong>si</strong></span> <span class='ocrx_word' id='word_1_342' title='bbox 647 3792 701 3832; x_wconf 86' lang='lat' dir='ltr'><strong>rex</strong></span> <span class='ocrx_word' id='word_1_343' title='bbox 721 3775 759 3832; x_wconf 90' lang='lat' dir='ltr'><strong>sit</strong></span> <span class='ocrx_word' id='word_1_344' title='bbox 780 3784 873 3848; x_wconf 89' lang='lat' dir='ltr'><strong>pater,</strong></span> <span class='ocrx_word' id='word_1_345' title='bbox 894 3775 977 3831; x_wconf 90' lang='lat' dir='ltr'><strong>illum</strong></span> <span class='ocrx_word' id='word_1_346' title='bbox 999 3775 1107 3831; x_wconf 86' lang='lat' dir='ltr'><strong>imitari</strong></span> <span class='ocrx_word' id='word_1_347' title='bbox 1128 3777 1158 3831; x_wconf 89' lang='lat' dir='ltr'><strong>in</strong></span> <span class='ocrx_word' id='word_1_348' title='bbox 1180 3776 1328 3849; x_wconf 82' lang='lat' dir='ltr'><strong>regimine</strong></span> <span class='ocrx_word' id='word_1_349' title='bbox 1349 3780 1432 3839; x_wconf 90' lang='lat' dir='ltr'><strong>filius</strong></span> 
     </span>
     <span class='ocr_line' id='line_1_38' title="bbox 279 3862 1432 3942; baseline 0.002 -19"><span class='ocrx_word' id='word_1_350' title='bbox 279 3863 400 3938; x_wconf 85' lang='lat' dir='ltr'><strong>appetit.</strong></span> <span class='ocrx_word' id='word_1_351' title='bbox 439 3862 543 3935; x_wconf 88' lang='lat' dir='ltr'><strong>ltaque</strong></span> <span class='ocrx_word' id='word_1_352' title='bbox 568 3880 624 3935; x_wconf 82' lang='lat' dir='ltr'><strong>ego</strong></span> <span class='ocrx_word' id='word_1_353' title='bbox 649 3863 767 3931; x_wconf 91' lang='lat' dir='ltr'><strong>moriar,</strong></span> <span class='ocrx_word' id='word_1_354' title='bbox 790 3863 816 3920; x_wconf 90' lang='lat' dir='ltr'><strong>si</strong></span> <span class='ocrx_word' id='word_1_355' title='bbox 841 3881 901 3918; x_wconf 91' lang='lat' dir='ltr'><strong>non</strong></span> <span class='ocrx_word' id='word_1_356' title='bbox 926 3880 1071 3936; x_wconf 88' lang='lat' dir='ltr'><strong>assequar</strong></span> <span class='ocrx_word' id='word_1_357' title='bbox 1095 3871 1212 3935; x_wconf 88' lang='lat' dir='ltr'><strong>patrem</strong></span> <span class='ocrx_word' id='word_1_358' title='bbox 1238 3881 1351 3938; x_wconf 90' lang='lat' dir='ltr'><strong>meum,</strong></span> <span class='ocrx_word' id='word_1_359' title='bbox 1375 3887 1432 3942; x_wconf 85' lang='lat' dir='ltr'><strong>per</strong></span> 
     </span>
     <span class='ocr_line' id='line_1_39' title="bbox 278 3948 1430 4024; baseline 0.004 -14"><span class='ocrx_word' id='word_1_360' title='bbox 278 3954 403 4010; x_wconf 88' lang='lat' dir='ltr'><strong>semitas</strong></span> <span class='ocrx_word' id='word_1_361' title='bbox 427 3968 502 4023; x_wconf 86' lang='lat' dir='ltr'><strong>quas</strong></span> <span class='ocrx_word' id='word_1_362' title='bbox 527 3949 634 4022; x_wconf 63' lang='lat' dir='ltr'><strong>elegit!</strong></span> <span class='ocrx_word' id='word_1_363' title='bbox 671 3948 706 4006; x_wconf 91' lang='lat' dir='ltr'><strong>ln</strong></span> <span class='ocrx_word' id='word_1_364' title='bbox 729 3951 782 4006; x_wconf 91' lang='lat' dir='ltr'><strong>illo</strong></span> <span class='ocrx_word' id='word_1_365' title='bbox 806 3951 886 4007; x_wconf 90' lang='lat' dir='ltr'><strong>enim</strong></span> <span class='ocrx_word' id='word_1_366' title='bbox 911 3959 1048 4024; x_wconf 90' lang='lat' dir='ltr'><strong>ternpore</strong></span> <span class='ocrx_word' id='word_1_367' title='bbox 1072 3951 1182 4008; x_wconf 90' lang='lat' dir='ltr'><strong>chorus</strong></span> <span class='ocrx_word' id='word_1_368' title='bbox 1206 3953 1430 4019; x_wconf 84' lang='lat' dir='ltr'><strong>ecclesiasticus</strong></span> 
     </span>
    </p>
   </div>
   <div class='ocr_carea' id='block_1_6' title="bbox 276 4097 1429 4230">
    <p class='ocr_par' dir='ltr' id='par_1_9' title="bbox 276 4097 1429 4230">
     <span class='ocr_line' id='line_1_40' title="bbox 310 4097 1429 4161; baseline 0.004 -11"><span class='ocrx_word' id='word_1_369' title='bbox 310 4099 375 4150; x_wconf 84' lang='lat' dir='ltr'><strong>²Cl.</strong></span> <span class='ocrx_word' id='word_1_370' title='bbox 389 4099 440 4148; x_wconf 90' lang='lat' dir='ltr'><strong>Vit.</strong></span> <span class='ocrx_word' id='word_1_371' title='bbox 454 4099 522 4149; x_wconf 90' lang='lat' dir='ltr'><strong>Patr.</strong></span> <span class='ocrx_word' id='word_1_372' title='bbox 535 4114 561 4161; x_wconf 86' lang='lat' dir='ltr'><strong>p.</strong></span> <span class='ocrx_word' id='word_1_373' title='bbox 574 4099 632 4159; x_wconf 79' lang='grc'><strong>866,</strong></span> <span class='ocrx_word' id='word_1_374' title='bbox 645 4113 698 4160; x_wconf 80' lang='lat'>742.</span> <span class='ocrx_word' id='word_1_375' title='bbox 735 4098 812 4148; x_wconf 82' lang='lat' dir='ltr'><strong>Same</strong></span> <span class='ocrx_word' id='word_1_376' title='bbox 825 4098 943 4147; x_wconf 77' lang='lat' dir='ltr'><strong>Narnad</strong></span> <span class='ocrx_word' id='word_1_377' title='bbox 957 4097 1054 4148; x_wconf 88' lang='lat' dir='ltr'><strong>lwium.</strong></span> <span class='ocrx_word' id='word_1_378' title='bbox 1215 4097 1348 4154; x_wconf 70' lang='lat' dir='ltr'><strong>’ervit</strong></span> <span class='ocrx_word' id='word_1_379' title='bbox 1361 4104 1429 4154; x_wconf 84' lang='lat' dir='ltr'><strong>Patr.</strong></span> 
     </span>
     <span class='ocr_line' id='line_1_41' title="bbox 276 4162 1427 4230; baseline 0.006 -15"><span class='ocrx_word' id='word_1_380' title='bbox 276 4182 303 4230; x_wconf 89' lang='lat' dir='ltr'><strong>p.</strong></span> <span class='ocrx_word' id='word_1_381' title='bbox 318 4181 389 4228; x_wconf 80' lang='lat'><strong>1030,</strong></span> <span class='ocrx_word' id='word_1_382' title='bbox 404 4179 459 4227; x_wconf 79' lang='lat'><strong>773.</strong></span> <span class='ocrx_word' id='word_1_383' title='bbox 537 4163 593 4212; x_wconf 84' lang='lat' dir='ltr'><strong>⁸T.</strong></span> <span class='ocrx_word' id='word_1_384' title='bbox 607 4170 722 4225; x_wconf 81' lang='lat' dir='ltr'><strong>exurget.</strong></span> <span class='ocrx_word' id='word_1_385' title='bbox 795 4162 1017 4227; x_wconf 71' lang='lat' dir='ltr'><strong>*VRpropriam</strong></span> <span class='ocrx_word' id='word_1_386' title='bbox 1028 4165 1185 4214; x_wconf 82' lang='lat' dir='ltr'><strong>sentenciam</strong></span> <span class='ocrx_word' id='word_1_387' title='bbox 1197 4181 1288 4216; x_wconf 82' lang='lat' dir='ltr'><strong>amans</strong></span> <span class='ocrx_word' id='word_1_388' title='bbox 1301 4169 1427 4222; x_wconf 68' lang='lat' dir='ltr'><strong>ddendit.</strong></span> 
     </span>
    </p>
   </div>
   <div class='ocr_carea' id='block_1_7' title="bbox 275 4227 1499 4292">
    <p class='ocr_par' dir='ltr' id='par_1_10' title="bbox 275 4227 1499 4292">
     <span class='ocr_line' id='line_1_42' title="bbox 275 4227 1499 4292; baseline 0.007 -12"><span class='ocrx_word' id='word_1_389' title='bbox 275 4231 457 4281; x_wconf 73' lang='lat' dir='ltr'><strong>⁵0m.inVP.</strong></span> <span class='ocrx_word' id='word_1_390' title='bbox 545 4227 620 4279; x_wconf 84' lang='lat' dir='ltr'><strong>‘Ed</strong></span> <span class='ocrx_word' id='word_1_391' title='bbox 632 4229 660 4279; x_wconf 89' lang='lat' dir='ltr'><strong>in</strong></span> <span class='ocrx_word' id='word_1_392' title='bbox 670 4230 729 4280; x_wconf 79' lang='lat' dir='ltr'><strong>Act.</strong></span> <span class='ocrx_word' id='word_1_393' title='bbox 741 4229 789 4280; x_wconf 89' lang='lat' dir='ltr'><strong>SS.</strong></span> <span class='ocrx_word' id='word_1_394' title='bbox 803 4229 870 4279; x_wconf 88' lang='lat' dir='ltr'><strong>Boll.</strong></span> <span class='ocrx_word' id='word_1_395' title='bbox 884 4244 914 4291; x_wconf 79' lang='lat'><strong>15</strong></span> <span class='ocrx_word' id='word_1_396' title='bbox 925 4231 988 4292; x_wconf 88' lang='lat' dir='ltr'><strong>Apr.</strong></span> <span class='ocrx_word' id='word_1_397' title='bbox 1003 4230 1037 4279; x_wconf 93' lang='lat' dir='ltr'><strong>ll.</strong></span> <span class='ocrx_word' id='word_1_398' title='bbox 1049 4245 1075 4292; x_wconf 92' lang='lat' dir='ltr'><strong>p.</strong></span> <span class='ocrx_word' id='word_1_399' title='bbox 1087 4245 1143 4292; x_wconf 76' lang='lat'><strong>377.</strong></span> <span class='ocrx_word' id='word_1_400' title='bbox 1176 4231 1239 4280; x_wconf 83' lang='lat' dir='ltr'><strong>Abr.</strong></span> <span class='ocrx_word' id='word_1_401' title='bbox 1253 4233 1321 4284; x_wconf 84' lang='lat' dir='ltr'><strong>t&#39;rom</strong></span> <span class='ocrx_word' id='word_1_402' title='bbox 1332 4235 1427 4286; x_wconf 73' lang='lat' dir='ltr'><strong>Vrtain</strong></span> <span class='ocrx_word' id='word_1_403' title='bbox 1498 4285 1499 4288; x_wconf 76' lang='grc'>,</span> 
     </span>
    </p>
   </div>
   <div class='ocr_carea' id='block_1_8' title="bbox 275 4292 1428 4425">
    <p class='ocr_par' dir='ltr' id='par_1_11' title="bbox 275 4292 1428 4425">
     <span class='ocr_line' id='line_1_43' title="bbox 277 4292 1428 4414; baseline 0.003 -69"><span class='ocrx_word' id='word_1_404' title='bbox 277 4295 354 4414; x_wconf 50' lang='grc' dir='ltr'><strong>148ὶί</strong></span> <span class='ocrx_word' id='word_1_405' title='bbox 346 4295 469 4358; x_wconf 68' lang='grc' dir='ltr'><strong>νοερ.Α</strong></span> <span class='ocrx_word' id='word_1_406' title='bbox 484 4293 555 4346; x_wconf 88' lang='lat' dir='ltr'>XIV.</span> <span class='ocrx_word' id='word_1_407' title='bbox 568 4296 609 4346; x_wconf 87' lang='lat' dir='ltr'><strong>ed.</strong></span> <span class='ocrx_word' id='word_1_408' title='bbox 623 4295 703 4346; x_wconf 76' lang='lat' dir='ltr'><strong>Reos.</strong></span> <span class='ocrx_word' id='word_1_409' title='bbox 781 4292 837 4345; x_wconf 62' lang='lat' dir='ltr'><strong>2T.</strong></span> <span class='ocrx_word' id='word_1_410' title='bbox 852 4296 1058 4346; x_wconf 82' lang='lat' dir='ltr'><strong>Sanetusautem</strong></span> <span class='ocrx_word' id='word_1_411' title='bbox 1071 4296 1124 4346; x_wconf 79' lang='lat' dir='ltr'><strong>Pet</strong></span> <span class='ocrx_word' id='word_1_412' title='bbox 1138 4297 1285 4362; x_wconf 84' lang='lat' dir='ltr'><strong>episcopus.</strong></span> <span class='ocrx_word' id='word_1_413' title='bbox 1372 4303 1428 4356; x_wconf 68' lang='grc' dir='ltr'><strong>Ἐ</strong></span> 
     </span>
     <span class='ocr_line' id='line_1_44' title="bbox 275 4377 327 4425; baseline 0 -14"><span class='ocrx_word' id='word_1_414' title='bbox 275 4377 327 4425; x_wconf 76' lang='lat' dir='ltr'><strong>gen</strong></span> 
     </span>
    </p>
   </div>
   <div class='ocr_carea' id='block_1_9' title="bbox 0 0 1508 4904">
    <p class='ocr_par' dir='ltr' id='par_1_12' title="bbox 0 0 1508 4904">
     <span class='ocr_line' id='line_1_45' title="bbox 0 0 1508 4904; baseline 0 0"><span class='ocrx_word' id='word_1_415' title='bbox 0 0 1508 4904; x_wconf 95' lang='lat' dir='ltr'><strong> </strong></span> 
     </span>
    </p>
   </div>
  </div>
 </body>
</html>
