3054 4904
410 315 495 420 Dc
516 312 678 404 &unctu
704 315 923 428 &alethis
1164 344 1232 417 159

82 511 133 568 vel
153 512 274 570 doceret
291 530 381 571 secus
395 532 485 587 quam
502 516 578 574 ritus
594 517 717 575 haberet
733 517 913 575 vniuersalis
932 517 1067 590 ecclesie,
1082 517 1232 577 Maleum¹

76 598 155 654 adiit
179 603 363 674 episcopum,
386 601 437 674 qui
456 603 556 676 ipsum
581 605 701 677 plenius
725 606 764 662 de
790 607 930 662 omnibus
952 605 1135 664 informaret.
1173 607 1232 664 Hic

74 695 147 741 erat
159 703 255 744 senex
274 689 383 761 plenus
403 689 519 747 dierum
541 700 572 748 et
590 691 741 760 virtutum,
755 701 785 748 et
799 692 946 765 sapientia
968 693 1017 750 dei
1039 703 1102 750 erat
1122 695 1153 750 in
1172 695 1232 752 illo.

78 773 213 832 Natione
230 776 370 848 quidem²
391 778 584 850 Hibernicus,
606 781 660 836 sed
682 781 713 836 in
734 780 845 853 Anglia
866 791 1064 838 conuersatus
1085 781 1181 839 fuerat
1200 785 1231 838 in

74 861 184 917 habitu
204 866 368 920 monastico
391 865 449 938 [in]
468 866 661 924 wintoniensi
680 865 813 938 cenobio,
832 870 870 924 de
889 887 948 941 quo
967 870 1006 925 ad
1024 869 1261 943 episcopatum5

72 947 292 1008 lismorensem
309 963 482 1026 assumptus
499 963 555 1012 est.
593 954 637 1011 Ibi
654 963 737 1010 tanta
753 955 781 1011 ei
798 956 931 1029 desuper
947 956 1054 1013 collata
1068 966 1114 1014 est
1129 959 1231 1030 gratia,

71 1046 109 1092 vt
125 1054 188 1094 non
207 1040 305 1096 solum
323 1040 384 1097 vita
398 1050 429 1098 et
446 1041 589 1112 doctrina,
607 1043 662 1099 sed
679 1051 708 1098 et
725 1042 820 1115 signis
836 1044 982 1101 clareret:
1012 1061 1082 1100 nam
1103 1062 1231 1118 puerum

72 1125 244 1182 lunaticum
269 1127 300 1183 in
325 1129 551 1186 confirmatione
573 1147 659 1186 sacra
679 1131 819 1187 vnctione
841 1131 967 1200 sanauit,
987 1133 1079 1188 surdo
1099 1132 1231 1190 auditum

73 1213 221 1270 restituit.
247 1215 297 1272 Ad
311 1216 390 1272 hunc
403 1233 472 1273 cum
483 1217 619 1274 venisset
633 1217 806 1286 Malachiae,
819 1219 950 1291 benigne
961 1221 999 1276 ab
1013 1238 1049 1276 eo
1062 1229 1231 1293 susceptus,

74 1302 195 1374 aliquot
207 1303 294 1360 annis
307 1321 375 1360 cum
387 1304 443 1360 eo³
455 1305 574 1362 mansit
645 1292 768 1362 Accidit
781 1305 862 1362 enim
879 1305 960 1363 inter
974 1324 1077 1378 regem
1092 1308 1230 1365 australis
1246 1325 1277 1362 ιο

73 1389 260 1462 [Mumonie]
270 1391 281 1423 ⁴
290 1399 320 1446 et
329 1409 507 1465 germanum
519 1392 585 1448 eius
598 1399 661 1448 orta
672 1391 831 1463 simultate,
841 1402 870 1450 et
883 1393 977 1450 fratre
989 1393 1065 1451 lacto
1074 1395 1230 1468 superiori,

72 1495 134 1533 rex
160 1477 267 1549 pulsus
292 1495 388 1551 regno
407 1481 446 1536 ad
466 1481 642 1552 episcopum
663 1479 795 1536 Maleum
816 1481 966 1554 consugit;
986 1491 1017 1539 et
1037 1483 1112 1539 dans
1132 1483 1230 1540 locum

70 1563 131 1634 ire,
163 1565 373 1623 necessitatem
398 1566 428 1622 in
453 1567 596 1624 virtutem
621 1568 778 1638 conuertit,
803 1569 952 1641 priuatam
980 1569 1096 1642 eligens
1121 1572 1231 1628 ducere

70 1651 179 1708 vitam.
217 1652 353 1726 Cumque
368 1655 529 1727 episcopus
547 1671 649 1727 regem
668 1655 824 1728 suscipere
844 1656 945 1713 debito
966 1658 1081 1714 honore
1100 1668 1230 1732 pararet,

70 1740 183 1796 abnuit
199 1741 258 1812 ille,
272 1759 306 1798 se
328 1743 416 1798 malle
433 1742 574 1815 inquiens
591 1751 733 1814 tanquam
753 1760 847 1799 vnum
867 1762 905 1800 ex
924 1744 984 1802 illis
1002 1762 1072 1801 esse
1091 1748 1274 1820 pauperi-15

71 1829 135 1884 bus
144 1827 288 1886 fratribus
296 1829 347 1902 qui
359 1829 401 1886 illi
413 1830 603 1900 adhererent,
614 1832 731 1902 regium
744 1829 854 1887 lastum
868 1832 1021 1904 deponere
1034 1841 1065 1889 et
1078 1834 1230 1890 communi

71 1925 257 1988 paupertate
267 1918 331 1974 sore
341 1926 523 1986 contentum,
533 1926 696 1990 expectare
706 1917 804 1990 potius
816 1919 928 1975 domini
936 1920 1129 1990 voluntatem,
1139 1939 1228 1994 quam

71 2005 202 2076 pervim
211 2007 347 2078 recipere
356 2022 483 2078 regnum
494 2025 501 2076 ;
513 2023 568 2063 nec
578 2005 655 2062 velle
664 2022 720 2078 pro
730 2022 786 2062 suo
796 2006 911 2063 honore
920 2015 1041 2064 terreno
1051 2009 1228 2081 sanguinem

72 2091 263 2148 humanum⁶
276 2093 440 2164 effundere,
459 2094 509 2167 qui
527 2102 630 2150 contra
650 2110 684 2149 se
701 2093 810 2150 clamet
824 2094 862 2151 ad
878 2096 968 2151 deum
986 2096 1024 2152 de
1039 2104 1125 2152 terra
1162 2097 1229 2166 Quo

70 2180 192 2252 audito,
209 2181 369 2254 episcopus
394 2182 516 2250 exultat,
539 2190 570 2238 et
591 2181 783 2238 deuotionem
804 2182 969 2240 admiratus
990 2192 1059 2240 voto
1078 2183 1229 2242 satisfecit.
1244 2197 1275 2233 ²0

70 2268 221 2325 Traditur
232 2270 295 2342 regi
307 2270 415 2327 domus
427 2269 610 2342 paupercula
628 2269 667 2325 ad
683 2269 918 2340 inhabitandum,
932 2279 962 2328 et
975 2273 1062 2344 panis
1079 2290 1148 2329 cum
1166 2273 1230 2330 sale

72 2365 105 2412 et
125 2373 214 2428 aqua,
227 2375 283 2430 per
301 2375 423 2414 manum
445 2355 601 2428 Malachie,
614 2358 651 2413 ad
664 2356 784 2414 victum.
823 2357 882 2414 Per
900 2359 1033 2432 singulas
1053 2369 1156 2416 noctes
1174 2378 1229 2417 rex

70 2443 230 2502 lachrimis
246 2445 310 2502 suis
327 2453 453 2502 stratum
472 2462 561 2501 suum
580 2443 696 2516 rigauit,
710 2446 764 2501 sed
786 2454 816 2501 et
838 2447 1008 2519 quotidiano
1028 2465 1105 2520 aque
1123 2447 1228 2521 frigide

70 2533 185 2590 balneo
207 2534 285 2590 male
307 2533 453 2591 calentem
475 2533 669 2605 extinguebat
687 2532 717 2588 in
737 2550 827 2590 carne
849 2533 1022 2606 libidinem;
1043 2536 1093 2592 etl
1114 2538 1228 2594 orando

70 2621 216 2678 dicebat:
242 2620 337 2678 ‘Vide
362 2621 558 2678 humilitatem
583 2637 683 2677 meam
708 2630 737 2676 et
763 2621 894 2678 laborem
920 2640 1031 2692 meum,
1056 2632 1087 2680 et
1110 2624 1227 2682 dimitte
1242 2639 1272 2690 25

69 2708 219 2765 vniuersa
236 2709 345 2766 delicta
357 2711 440 2766 mea’
480 2707 517 2765 Et
534 2707 674 2766 exaudita
693 2717 740 2766 est
755 2710 848 2765 oratio
860 2711 925 2767 eius
945 2709 1053 2767 secus'
1071 2729 1162 2784 quam
1182 2713 1227 2768 in-

74 2798 221 2854 tenderet
252 2796 326 2870 ipse.
365 2796 528 2854 Suscitauit
553 2795 635 2853 enim
666 2796 742 2852 deus
773 2797 912 2870 spiritum
936 2798 1027 2855 vicini
1051 2799 1150 2872 regis3
1176 2799 1227 2872 qui

69 2886 184 2941 videns
202 2902 262 2956 que
280 2885 356 2941 facta
375 2894 454 2955 sunt,
473 2886 608 2957 repletus
628 2892 676 2940 est
696 2884 770 2956 zelo,
789 2893 820 2941 et
839 2885 988 2943 miserans
1006 2889 1092 2960 regni
1111 2888 1227 2946 desola-

68 2973 198 3040 tionem,
218 2981 248 3029 et
267 2971 348 3045 regis
365 2971 573 3042 deiectionem,
592 2971 749 3029 descendit
769 2973 806 3029 ad
825 2974 932 3030 cellam
951 2975 1101 3048 pauperis,
1122 2975 1227 3032 suadet

69 3062 225 3118 reditum:
253 3061 309 3116 sed
333 3078 394 3116 non
419 3061 591 3134 persuadet.
641 3059 736 3116 Instat
759 3071 869 3130 tamen,
898 3064 1034 3138 spondet·
1055 3080 1166 3136 opem:
1196 3069 1226 3119 et
1240 3081 1273 3130 30

69 3150 239 3206 accedente
258 3149 405 3205 mandato
422 3148 567 3222 episcopi,
586 3157 616 3205 et
639 3148 787 3207 Malachie
808 3151 941 3218 consilio,
960 3151 1011 3208 vix
1030 3167 1085 3208 rex
1103 3151 1225 3208 tandem

69 3236 247 3309 acquiescit.
284 3236 394 3308 Sicque
419 3237 513 3294 multa
536 3237 673 3294 facilitate
693 3236 789 3311 pulsis
810 3238 1004 3310 predonibus,
1023 3238 1176 3296 reducitur
1194 3239 1225 3295 in

71 3342 130 3382 sua
154 3341 224 3380 cum
244 3324 425 3382 exultatione
448 3341 580 3394 suorum,
599 3343 753 3398 regnoque
775 3325 942 3382 restituitur
963 3344 1026 3383 suo.
1100 3315 1226 3384 Mortua

71 3428 181 3469 sorore
205 3411 262 3469 viri
286 3412 344 3483 dei,
369 3429 430 3468 non
455 3414 688 3485 pretereundam
713 3414 751 3469 de
776 3431 812 3470 ea
836 3413 909 3470 vidit
933 3414 1089 3471 visionem.
1127 3413 1226 3472 Huius

72 3501 224 3572 siquidem
244 3509 367 3558 sanctus
387 3500 537 3559 carnalem
557 3501 754 3558 exhorruerat
772 3501 874 3570 vitam,
893 3509 922 3558 et
943 3509 1026 3558 tanto
1047 3503 1122 3573 zelo,
1141 3511 1173 3558 vt
1191 3520 1225 3560 se
1240 3519 1270 3572 35

74 3589 232 3648 deuouerit
245 3607 306 3647 non
318 3589 453 3648 visurum
465 3607 533 3647 eam
546 3590 577 3646 in
591 3606 680 3646 carne
696 3589 858 3647 uiuentem.
895 3590 938 3646 At
949 3590 1000 3646 illa
1013 3607 1104 3648 carne
1121 3591 1225 3659 soluta,

72 3677 205 3734 solutum
218 3686 265 3734 est
278 3686 399 3735 votum:
417 3687 447 3735 et
464 3679 543 3751 cepit
554 3677 657 3734 videre
669 3676 701 3733 in
714 3677 821 3751 spiritu
837 3696 928 3750 quam
945 3677 975 3735 in
995 3696 1084 3737 carne
1101 3679 1196 3735 noluit
1206 3679 1225 3736 ⁸.

74 3764 212 3835 Quadam
226 3774 316 3822 noete
328 3765 441 3822 audiuit
459 3783 515 3839 per
527 3783 689 3839 sompnum
701 3783 807 3822 vocem
821 3765 878 3823 sibi
891 3765 1050 3837 dicentem,
1070 3767 1225 3823 sororem⁸

71 3853 140 3909 eius
162 3862 243 3910 stare
261 3853 340 3911 foras
360 3855 390 3910 in
410 3853 494 3925 atrio,
507 3863 537 3911 et
556 3871 626 3912 esce
636 3852 658 3886 ¹⁰
679 3870 736 3926 per
754 3862 833 3910 totos
852 3853 975 3926 triginta
994 3854 1059 3910 dies
1078 3852 1192 3926 [nichil]
1204 3853 1224 3888 ¹¹

69 3947 222 4013 gustasse.
258 3940 318 4012 Qui
331 3941 487 4015 euigilans,
500 3941 558 3999 cito
570 3941 716 3999 intellexit
729 3942 812 3999 cuius
824 3959 893 3999 esce
902 3943 923 3974 ¹¹
936 3941 1036 3998 inedia
1055 3950 1222 3999 marceret:
1238 3957 1271 4010 4⁰

69 4037 102 4084 et
124 4027 285 4101 diligenter
303 4028 440 4087 discusso
464 4030 580 4086 dierum
605 4044 731 4086 numero
754 4043 845 4103 quem
867 4029 1011 4098 audierat,
1033 4029 1134 4103 ipsum
1154 4047 1224 4088 esse

69 4117 207 4216 repperit
220 4134 259 4174 ex
267 4133 327 4190 quo
337 4134 393 4190 pro
406 4135 443 4174 ea
451 4115 474 4150 ¹⁸
487 4133 597 4190 panem
610 4125 641 4174 et
653 4117 756 4174 vinum
766 4117 789 4150 ¹⁴
801 4135 860 4174 non
873 4117 1038 4175 obtulisset.
1064 4117 1150 4174 Tunc
1163 4117 1223 4190 ille,

104 4254 239 4307 1Ἐλειιιιι.
292 4255 470 4318 'Equidem
517 4254 625 4307 'Rea
665 4253 738 4306 ¹i.e.
752 4256 886 4315 lduuster;
903 4258 932 4308 T.
946 4255 975 4306 E.
989 4257 1116 4307 Numidie.
1167 4256 1223 4309 ⁸E.

69 4323 203 4372 humano.
253 4318 409 4372 'om.iuT.
459 4319 536 4373 'vit
544 4323 594 4372 etsi
603 4337 688 4374 secus.
743 4323 901 4374 ⁸E.voluit.
951 4323 1101 4374 'Esoron
1157 4323 1176 4354 ¹⁰
1193 4324 1223 4376 T.

70 4388 101 4438 E.
115 4403 186 4438 ecce.
229 4385 248 4416 ¹¹
266 4386 295 4438 E
308 4403 377 4449 nou;
395 4387 423 4438 T.
436 4387 524 4439 nichil.
570 4387 588 4418 ¹²
606 4388 634 4439 E.
646 4403 712 4442 esse.
757 4387 775 4418 ¹³
794 4389 876 4440 E.eo.
920 4388 939 4419 ¹⁴
956 4387 1224 4444 Vitdeceloviuum.
