<?xml version="1.0" encoding="UTF-8"?>
<!DOCTYPE html PUBLIC "-//W3C//DTD XHTML 1.0 Transitional//EN"
    "http://www.w3.org/TR/xhtml1/DTD/xhtml1-transitional.dtd">
<html xmlns="http://www.w3.org/1999/xhtml" xml:lang="en" lang="en">
 <head>
  <title>
</title>
<meta http-equiv="Content-Type" content="text/html;charset=utf-8" />
  <meta name='ocr-system' content='tesseract 3.04.00' />
  <meta name='ocr-capabilities' content='ocr_page ocr_carea ocr_par ocr_line ocrx_word'/>
</head>
<body>
  <div class='ocr_page' id='page_1' title='image "./novalegendaangl00wordgoog/novalegendaangl00wordgoog_0471.png"; bbox 0 0 3028 4894; ppageno 0'>
   <div class='ocr_carea' id='block_1_1' title="bbox 275 294 1112 400">
    <p class='ocr_par' dir='ltr' id='par_1_1' title="bbox 275 294 1112 400">
     <span class='ocr_line' id='line_1_1' title="bbox 275 294 1112 400; baseline 0.012 -27"><span class='ocrx_word' id='word_1_1' title='bbox 275 305 347 391; x_wconf 86' lang='lat'>462</span> <span class='ocrx_word' id='word_1_2' title='bbox 588 294 1112 400; x_wconf 61' lang='lat' dir='ltr'>simulacrumque.</span> 
     </span>
    </p>
   </div>
   <div class='ocr_carea' id='block_1_2' title="bbox 224 497 1498 4263">
    <p class='ocr_par' dir='ltr' id='par_1_2' title="bbox 274 497 1434 836">
     <span class='ocr_line' id='line_1_2' title="bbox 275 497 1433 572; baseline 0.002 -17"><span class='ocrx_word' id='word_1_3' title='bbox 275 498 391 568; x_wconf 82' lang='lat' dir='ltr'>stnuit,</span> <span class='ocrx_word' id='word_1_4' title='bbox 415 507 445 556; x_wconf 87' lang='lat' dir='ltr'>et</span> <span class='ocrx_word' id='word_1_5' title='bbox 470 498 589 556; x_wconf 90' lang='lat' dir='ltr'>bortum</span> <span class='ocrx_word' id='word_1_6' title='bbox 616 497 769 572; x_wconf 87' lang='lat' dir='ltr'>plantauit.</span> <span class='ocrx_word' id='word_1_7' title='bbox 807 497 919 572; x_wconf 83' lang='lat' dir='ltr'>Elapso</span> <span class='ocrx_word' id='word_1_8' title='bbox 943 508 1044 556; x_wconf 85' lang='lat' dir='ltr'>autem</span> <span class='ocrx_word' id='word_1_9' title='bbox 1068 498 1208 568; x_wconf 89' lang='lat' dir='ltr'>triennio,</span> <span class='ocrx_word' id='word_1_10' title='bbox 1233 517 1305 556; x_wconf 84' lang='lat' dir='ltr'>curn</span> <span class='ocrx_word' id='word_1_11' title='bbox 1333 501 1433 557; x_wconf 90' lang='lat' dir='ltr'>locum</span> 
     </span>
     <span class='ocr_line' id='line_1_3' title="bbox 274 586 1434 660; baseline 0.001 -16"><span class='ocrx_word' id='word_1_12' title='bbox 274 587 426 659; x_wconf 85' lang='lat' dir='ltr'>quendam</span> <span class='ocrx_word' id='word_1_13' title='bbox 441 587 518 644; x_wconf 87' lang='lat' dir='ltr'>vltra</span> <span class='ocrx_word' id='word_1_14' title='bbox 536 603 620 644; x_wconf 89' lang='lat' dir='ltr'>mare</span> <span class='ocrx_word' id='word_1_15' title='bbox 630 587 647 656; x_wconf 88' lang='lat'>¹,</span> <span class='ocrx_word' id='word_1_16' title='bbox 660 587 709 644; x_wconf 90' lang='lat' dir='ltr'>vbi</span> <span class='ocrx_word' id='word_1_17' title='bbox 722 603 801 643; x_wconf 91' lang='lat' dir='ltr'>nunc</span> <span class='ocrx_word' id='word_1_18' title='bbox 814 603 924 659; x_wconf 89' lang='lat' dir='ltr'>corpus</span> <span class='ocrx_word' id='word_1_19' title='bbox 937 587 1002 644; x_wconf 89' lang='lat' dir='ltr'>eius</span> <span class='ocrx_word' id='word_1_20' title='bbox 1020 586 1189 660; x_wconf 87' lang='lat' dir='ltr'>requiescit,</span> <span class='ocrx_word' id='word_1_21' title='bbox 1206 589 1434 660; x_wconf 78' lang='lat' dir='ltr'>conspexisset,</span> 
     </span>
     <span class='ocr_line' id='line_1_4' title="bbox 275 673 1434 749; baseline 0 -17"><span class='ocrx_word' id='word_1_22' title='bbox 275 692 358 732; x_wconf 89' lang='lat' dir='ltr'>mare</span> <span class='ocrx_word' id='word_1_23' title='bbox 371 693 439 732; x_wconf 90' lang='lat' dir='ltr'>cum</span> <span class='ocrx_word' id='word_1_24' title='bbox 455 675 560 731; x_wconf 90' lang='lat' dir='ltr'>baculo</span> <span class='ocrx_word' id='word_1_25' title='bbox 575 675 723 748; x_wconf 82' lang='lat' dir='ltr'>percussit</span> <span class='ocrx_word' id='word_1_26' title='bbox 743 683 772 732; x_wconf 91' lang='lat' dir='ltr'>et</span> <span class='ocrx_word' id='word_1_27' title='bbox 786 673 874 731; x_wconf 90' lang='lat' dir='ltr'>siccis</span> <span class='ocrx_word' id='word_1_28' title='bbox 887 675 1017 748; x_wconf 89' lang='lat' dir='ltr'>pedibus</span> <span class='ocrx_word' id='word_1_29' title='bbox 1029 693 1098 732; x_wconf 89' lang='lat' dir='ltr'>cum</span> <span class='ocrx_word' id='word_1_30' title='bbox 1111 676 1210 744; x_wconf 88' lang='lat' dir='ltr'>sociis,</span> <span class='ocrx_word' id='word_1_31' title='bbox 1219 677 1332 732; x_wconf 85' lang='lat' dir='ltr'>deum¹</span> <span class='ocrx_word' id='word_1_32' title='bbox 1344 678 1434 749; x_wconf 87' lang='lat' dir='ltr'>glori·</span> 
     </span>
     <span class='ocr_line' id='line_1_5' title="bbox 274 761 1433 836; baseline 0.002 -18"><span class='ocrx_word' id='word_1_33' title='bbox 274 762 376 830; x_wconf 88' lang='lat' dir='ltr'>ficans,</span> <span class='ocrx_word' id='word_1_34' title='bbox 399 761 600 836; x_wconf 89' lang='lat' dir='ltr'>pertransiuit.</span> <span class='ocrx_word' id='word_1_35' title='bbox 637 761 675 818; x_wconf 87' lang='lat' dir='ltr'>Et</span> <span class='ocrx_word' id='word_1_36' title='bbox 693 779 763 818; x_wconf 91' lang='lat' dir='ltr'>cum</span> <span class='ocrx_word' id='word_1_37' title='bbox 781 761 865 818; x_wconf 88' lang='lat' dir='ltr'>locus</span> <span class='ocrx_word' id='word_1_38' title='bbox 886 761 945 818; x_wconf 92' lang='lat' dir='ltr'>illis</span> <span class='ocrx_word' id='word_1_39' title='bbox 966 763 1106 835; x_wconf 84' lang='lat' dir='ltr'>placeret,</span> <span class='ocrx_word' id='word_1_40' title='bbox 1126 762 1211 835; x_wconf 86' lang='lat' dir='ltr'><strong>quasi</strong></span> <span class='ocrx_word' id='word_1_41' title='bbox 1233 763 1386 820; x_wconf 89' lang='lat' dir='ltr'>circulum</span> <span class='ocrx_word' id='word_1_42' title='bbox 1405 765 1433 820; x_wconf 88' lang='lat' dir='ltr'>in</span> 
     </span>
    </p>

    <p class='ocr_par' dir='ltr' id='par_1_3' title="bbox 247 849 1432 1012">
     <span class='ocr_line' id='line_1_6' title="bbox 247 849 1432 925; baseline 0.003 -19"><span class='ocrx_word' id='word_1_43' title='bbox 247 851 398 912; x_wconf 80' lang='lat' dir='ltr'>smodum</span> <span class='ocrx_word' id='word_1_44' title='bbox 417 850 506 907; x_wconf 87' lang='lat' dir='ltr'>sontis</span> <span class='ocrx_word' id='word_1_45' title='bbox 528 852 566 907; x_wconf 90' lang='lat' dir='ltr'>de</span> <span class='ocrx_word' id='word_1_46' title='bbox 585 849 681 906; x_wconf 87' lang='lat' dir='ltr'>baculi</span> <span class='ocrx_word' id='word_1_47' title='bbox 696 849 742 906; x_wconf 92' lang='lat' dir='ltr'>sui</span> <span class='ocrx_word' id='word_1_48' title='bbox 764 849 889 923; x_wconf 88' lang='lat' dir='ltr'>cuspide</span> <span class='ocrx_word' id='word_1_49' title='bbox 911 849 990 921; x_wconf 81' lang='lat' dir='ltr'>iecit,</span> <span class='ocrx_word' id='word_1_50' title='bbox 1008 859 1039 908; x_wconf 90' lang='lat' dir='ltr'>et</span> <span class='ocrx_word' id='word_1_51' title='bbox 1056 851 1143 924; x_wconf 89' lang='lat' dir='ltr'>aquis</span> <span class='ocrx_word' id='word_1_52' title='bbox 1163 867 1237 907; x_wconf 84' lang='lat' dir='ltr'>mox</span> <span class='ocrx_word' id='word_1_53' title='bbox 1256 851 1432 925; x_wconf 85' lang='lat' dir='ltr'>largissime</span> 
     </span>
     <span class='ocr_line' id='line_1_7' title="bbox 273 937 957 1012; baseline -0.003 -16"><span class='ocrx_word' id='word_1_54' title='bbox 273 939 415 1012; x_wconf 80' lang='lat' dir='ltr'>egressis,</span> <span class='ocrx_word' id='word_1_55' title='bbox 429 938 497 995; x_wconf 87' lang='lat' dir='ltr'>sons</span> <span class='ocrx_word' id='word_1_56' title='bbox 510 947 617 1011; x_wconf 91' lang='lat' dir='ltr'>patens</span> <span class='ocrx_word' id='word_1_57' title='bbox 629 937 766 1011; x_wconf 86' lang='lat' dir='ltr'>apparuit</span> <span class='ocrx_word' id='word_1_58' title='bbox 778 947 808 994; x_wconf 87' lang='lat' dir='ltr'>et</span> <span class='ocrx_word' id='word_1_59' title='bbox 821 955 957 994; x_wconf 86' lang='lat' dir='ltr'>amenus.</span> 
     </span>
    </p>

    <p class='ocr_par' dir='ltr' id='par_1_4' title="bbox 274 1015 1433 1277">
     <span class='ocr_line' id='line_1_8' title="bbox 310 1015 1433 1102; baseline 0.001 -19"><span class='ocrx_word' id='word_1_60' title='bbox 310 1015 454 1102; x_wconf 86' lang='lat' dir='ltr'>Quadam</span> <span class='ocrx_word' id='word_1_61' title='bbox 468 1035 563 1094; x_wconf 90' lang='lat' dir='ltr'>nocte,</span> <span class='ocrx_word' id='word_1_62' title='bbox 577 1027 649 1082; x_wconf 91' lang='lat' dir='ltr'>dum</span> <span class='ocrx_word' id='word_1_63' title='bbox 664 1026 747 1082; x_wconf 90' lang='lat' dir='ltr'>solus</span> <span class='ocrx_word' id='word_1_64' title='bbox 764 1027 794 1081; x_wconf 92' lang='lat' dir='ltr'>in</span> <span class='ocrx_word' id='word_1_65' title='bbox 813 1027 942 1082; x_wconf 88' lang='lat' dir='ltr'>oratorio</span> <span class='ocrx_word' id='word_1_66' title='bbox 960 1035 1067 1096; x_wconf 86' lang='lat' dir='ltr'>oraret,</span> <span class='ocrx_word' id='word_1_67' title='bbox 1080 1026 1218 1100; x_wconf 85' lang='lat' dir='ltr'>apparuit</span> <span class='ocrx_word' id='word_1_68' title='bbox 1230 1027 1259 1082; x_wconf 91' lang='lat' dir='ltr'>ei</span> <span class='ocrx_word' id='word_1_69' title='bbox 1275 1030 1433 1100; x_wconf 89' lang='lat' dir='ltr'><strong>quoddam</strong></span> 
     </span>
     <span class='ocr_line' id='line_1_9' title="bbox 274 1114 1433 1190; baseline 0.002 -20"><span class='ocrx_word' id='word_1_70' title='bbox 274 1115 381 1187; x_wconf 89' lang='lat' dir='ltr'>ingens</span> <span class='ocrx_word' id='word_1_71' title='bbox 393 1115 579 1171; x_wconf 86' lang='lat' dir='ltr'>teterrimum</span> <span class='ocrx_word' id='word_1_72' title='bbox 593 1124 683 1186; x_wconf 87' lang='lat' dir='ltr'>atque</span> <span class='ocrx_word' id='word_1_73' title='bbox 696 1114 880 1170; x_wconf 85' lang='lat' dir='ltr'>horrendum</span> <span class='ocrx_word' id='word_1_74' title='bbox 894 1123 1070 1171; x_wconf 86' lang='lat' dir='ltr'>monstrum.</span> <span class='ocrx_word' id='word_1_75' title='bbox 1110 1114 1182 1170; x_wconf 83' lang='lat' dir='ltr'>Erat</span> <span class='ocrx_word' id='word_1_76' title='bbox 1194 1131 1332 1188; x_wconf 84' lang='lat' dir='ltr'>namque</span> <span class='ocrx_word' id='word_1_77' title='bbox 1346 1117 1433 1190; x_wconf 84' lang='lat' dir='ltr'>quasi</span> 
     </span>
     <span class='ocr_line' id='line_1_10' title="bbox 274 1201 1432 1277; baseline -0.001 -17"><span class='ocrx_word' id='word_1_78' title='bbox 274 1204 403 1276; x_wconf 89' lang='lat' dir='ltr'>quedam</span> <span class='ocrx_word' id='word_1_79' title='bbox 421 1221 530 1276; x_wconf 85' lang='lat' dir='ltr'>ymago</span> <span class='ocrx_word' id='word_1_80' title='bbox 546 1203 625 1260; x_wconf 89' lang='lat' dir='ltr'>serro</span> <span class='ocrx_word' id='word_1_81' title='bbox 644 1213 674 1258; x_wconf 87' lang='lat' dir='ltr'>et</span> <span class='ocrx_word' id='word_1_82' title='bbox 691 1201 812 1274; x_wconf 84' lang='lat' dir='ltr'>iuligine</span> <span class='ocrx_word' id='word_1_83' title='bbox 832 1201 966 1272; x_wconf 85' lang='lat' dir='ltr'>conficta,</span> <span class='ocrx_word' id='word_1_84' title='bbox 979 1202 1090 1275; x_wconf 87' lang='lat' dir='ltr'>plumis</span> <span class='ocrx_word' id='word_1_85' title='bbox 1107 1212 1248 1258; x_wconf 86' lang='lat' dir='ltr'>contexta</span> <span class='ocrx_word' id='word_1_86' title='bbox 1265 1202 1432 1277; x_wconf 83' lang='lat' dir='ltr'>fuligineis,</span> 
     </span>
    </p>

    <p class='ocr_par' dir='ltr' id='par_1_5' title="bbox 224 1289 1498 4263">
     <span class='ocr_line' id='line_1_11' title="bbox 231 1289 1432 1364; baseline 0.005 -22"><span class='ocrx_word' id='word_1_87' title='bbox 231 1303 261 1342; x_wconf 85' lang='grc' dir='ltr'>ιο</span> <span class='ocrx_word' id='word_1_88' title='bbox 275 1291 402 1364; x_wconf 90' lang='lat' dir='ltr'>pedibus</span> <span class='ocrx_word' id='word_1_89' title='bbox 429 1300 459 1347; x_wconf 91' lang='lat' dir='ltr'>et</span> <span class='ocrx_word' id='word_1_90' title='bbox 487 1290 543 1346; x_wconf 88' lang='lat' dir='ltr'>alis</span> <span class='ocrx_word' id='word_1_91' title='bbox 569 1289 817 1364; x_wconf 76' lang='lat' dir='ltr'>pernicissima⁸;</span> <span class='ocrx_word' id='word_1_92' title='bbox 848 1291 999 1346; x_wconf 90' lang='lat' dir='ltr'>interdum</span> <span class='ocrx_word' id='word_1_93' title='bbox 1027 1299 1148 1346; x_wconf 89' lang='lat' dir='ltr'>centum</span> <span class='ocrx_word' id='word_1_94' title='bbox 1177 1290 1296 1347; x_wconf 90' lang='lat' dir='ltr'>habens</span> <span class='ocrx_word' id='word_1_95' title='bbox 1326 1293 1432 1348; x_wconf 88' lang='lat' dir='ltr'>oculos</span> 
     </span>
     <span class='ocr_line' id='line_1_12' title="bbox 275 1377 1431 1448; baseline 0.002 -14"><span class='ocrx_word' id='word_1_96' title='bbox 275 1377 440 1446; x_wconf 83' lang='lat' dir='ltr'>flammeos,</span> <span class='ocrx_word' id='word_1_97' title='bbox 454 1395 534 1434; x_wconf 90' lang='lat' dir='ltr'>nunc</span> <span class='ocrx_word' id='word_1_98' title='bbox 546 1395 619 1434; x_wconf 92' lang='lat' dir='ltr'>vero</span> <span class='ocrx_word' id='word_1_99' title='bbox 638 1377 763 1446; x_wconf 90' lang='lat' dir='ltr'>nullum,</span> <span class='ocrx_word' id='word_1_100' title='bbox 776 1377 927 1434; x_wconf 89' lang='lat' dir='ltr'>interdum</span> <span class='ocrx_word' id='word_1_101' title='bbox 941 1394 1035 1434; x_wconf 89' lang='lat' dir='ltr'>vnum</span> <span class='ocrx_word' id='word_1_102' title='bbox 1053 1380 1084 1433; x_wconf 89' lang='lat' dir='ltr'>in</span> <span class='ocrx_word' id='word_1_103' title='bbox 1098 1377 1196 1434; x_wconf 89' lang='lat' dir='ltr'>media</span> <span class='ocrx_word' id='word_1_104' title='bbox 1208 1378 1312 1434; x_wconf 89' lang='lat' dir='ltr'>sronte</span> <span class='ocrx_word' id='word_1_105' title='bbox 1325 1380 1431 1448; x_wconf 84' lang='lat' dir='ltr'>fixum,</span> 
     </span>
     <span class='ocr_line' id='line_1_13' title="bbox 272 1465 1431 1539; baseline 0.003 -19"><span class='ocrx_word' id='word_1_106' title='bbox 272 1465 303 1522; x_wconf 91' lang='lat' dir='ltr'>in</span> <span class='ocrx_word' id='word_1_107' title='bbox 323 1467 444 1522; x_wconf 89' lang='lat' dir='ltr'>modum</span> <span class='ocrx_word' id='word_1_108' title='bbox 464 1465 551 1538; x_wconf 86' lang='lat' dir='ltr'>clipei</span> <span class='ocrx_word' id='word_1_109' title='bbox 569 1465 693 1522; x_wconf 87' lang='lat' dir='ltr'>maximi</span> <span class='ocrx_word' id='word_1_110' title='bbox 713 1474 859 1534; x_wconf 69' lang='lat' dir='ltr'>rotatum</span> <span class='ocrx_word' id='word_1_111' title='bbox 879 1473 1002 1521; x_wconf 89' lang='lat' dir='ltr'>centum</span> <span class='ocrx_word' id='word_1_112' title='bbox 1021 1465 1147 1538; x_wconf 85' lang='lat' dir='ltr'>linguas,</span> <span class='ocrx_word' id='word_1_113' title='bbox 1166 1465 1360 1539; x_wconf 90' lang='lat' dir='ltr'>totidemque</span> <span class='ocrx_word' id='word_1_114' title='bbox 1381 1485 1431 1523; x_wconf 85' lang='lat' dir='ltr'>ora</span> 
     </span>
     <span class='ocr_line' id='line_1_14' title="bbox 273 1553 1430 1628; baseline 0.003 -19"><span class='ocrx_word' id='word_1_115' title='bbox 273 1563 303 1609; x_wconf 88' lang='lat' dir='ltr'>et</span> <span class='ocrx_word' id='word_1_116' title='bbox 324 1569 413 1610; x_wconf 86' lang='lat' dir='ltr'>aures</span> <span class='ocrx_word' id='word_1_117' title='bbox 433 1553 627 1626; x_wconf 85' lang='lat' dir='ltr'>confingens;</span> <span class='ocrx_word' id='word_1_118' title='bbox 656 1569 735 1608; x_wconf 93' lang='lat' dir='ltr'>nunc</span> <span class='ocrx_word' id='word_1_119' title='bbox 757 1553 922 1624; x_wconf 78' lang='lat' dir='ltr'>(sursum)‘</span> <span class='ocrx_word' id='word_1_120' title='bbox 943 1571 1040 1626; x_wconf 88' lang='lat' dir='ltr'>vsque</span> <span class='ocrx_word' id='word_1_121' title='bbox 1060 1554 1099 1609; x_wconf 93' lang='lat' dir='ltr'>ad</span> <span class='ocrx_word' id='word_1_122' title='bbox 1120 1555 1217 1610; x_wconf 84' lang='lat' dir='ltr'>nubes</span> <span class='ocrx_word' id='word_1_123' title='bbox 1239 1572 1275 1610; x_wconf 92' lang='lat' dir='ltr'>se</span> <span class='ocrx_word' id='word_1_124' title='bbox 1295 1559 1430 1628; x_wconf 87' lang='lat' dir='ltr'>erigens,</span> 
     </span>
     <span class='ocr_line' id='line_1_15' title="bbox 274 1641 1498 1714; baseline 0.002 -18"><span class='ocrx_word' id='word_1_125' title='bbox 274 1659 352 1697; x_wconf 91' lang='lat' dir='ltr'>nunc</span> <span class='ocrx_word' id='word_1_126' title='bbox 375 1658 447 1698; x_wconf 90' lang='lat' dir='ltr'>vcro</span> <span class='ocrx_word' id='word_1_127' title='bbox 467 1642 608 1698; x_wconf 89' lang='lat' dir='ltr'>deorsum</span> <span class='ocrx_word' id='word_1_128' title='bbox 633 1641 772 1713; x_wconf 87' lang='lat' dir='ltr'>pendens</span> <span class='ocrx_word' id='word_1_129' title='bbox 796 1648 827 1698; x_wconf 91' lang='lat' dir='ltr'>et</span> <span class='ocrx_word' id='word_1_130' title='bbox 850 1657 919 1697; x_wconf 91' lang='lat' dir='ltr'>cum</span> <span class='ocrx_word' id='word_1_131' title='bbox 940 1641 1062 1712; x_wconf 80' lang='lat' dir='ltr'>(terre)‘</span> <span class='ocrx_word' id='word_1_132' title='bbox 1081 1641 1205 1714; x_wconf 84' lang='lat' dir='ltr'>puluere</span> <span class='ocrx_word' id='word_1_133' title='bbox 1224 1643 1430 1700; x_wconf 84' lang='lat' dir='ltr'>descendens</span> <span class='ocrx_word' id='word_1_134' title='bbox 1497 1679 1498 1690; x_wconf 61' lang='lat'>2</span> 
     </span>
     <span class='ocr_line' id='line_1_16' title="bbox 230 1728 1431 1802; baseline 0.001 -17"><span class='ocrx_word' id='word_1_135' title='bbox 230 1741 259 1792; x_wconf 81' lang='lat'>¹5</span> <span class='ocrx_word' id='word_1_136' title='bbox 276 1728 341 1786; x_wconf 89' lang='lat' dir='ltr'>Hec</span> <span class='ocrx_word' id='word_1_137' title='bbox 366 1737 427 1785; x_wconf 88' lang='lat' dir='ltr'>tam</span> <span class='ocrx_word' id='word_1_138' title='bbox 452 1729 609 1802; x_wconf 88' lang='lat' dir='ltr'>prophana</span> <span class='ocrx_word' id='word_1_139' title='bbox 633 1746 689 1802; x_wconf 88' lang='lat' dir='ltr'>pcr</span> <span class='ocrx_word' id='word_1_140' title='bbox 712 1737 804 1784; x_wconf 85' lang='lat' dir='ltr'>totam</span> <span class='ocrx_word' id='word_1_141' title='bbox 830 1739 949 1784; x_wconf 90' lang='lat' dir='ltr'>noctem</span> <span class='ocrx_word' id='word_1_142' title='bbox 974 1729 1090 1796; x_wconf 88' lang='lat' dir='ltr'>videns,</span> <span class='ocrx_word' id='word_1_143' title='bbox 1114 1729 1236 1786; x_wconf 89' lang='lat' dir='ltr'>demum</span> <span class='ocrx_word' id='word_1_144' title='bbox 1261 1729 1362 1788; x_wconf 86' lang='lat' dir='ltr'>dixit:</span> <span class='ocrx_word' id='word_1_145' title='bbox 1388 1731 1431 1786; x_wconf 85' lang='lat'>‘0</span> 
     </span>
     <span class='ocr_line' id='line_1_17' title="bbox 272 1801 1498 1890; baseline 0.001 -17"><span class='ocrx_word' id='word_1_146' title='bbox 272 1819 408 1884; x_wconf 90' lang='lat' dir='ltr'>demens,</span> <span class='ocrx_word' id='word_1_147' title='bbox 421 1835 440 1872; x_wconf 91' lang='lat'><strong>0</strong></span> <span class='ocrx_word' id='word_1_148' title='bbox 451 1816 616 1889; x_wconf 81' lang='lat' dir='ltr'>prophane,</span> <span class='ocrx_word' id='word_1_149' title='bbox 629 1834 683 1873; x_wconf 91' lang='lat' dir='ltr'>cur</span> <span class='ocrx_word' id='word_1_150' title='bbox 695 1815 750 1872; x_wconf 93' lang='lat' dir='ltr'>hec</span> <span class='ocrx_word' id='word_1_151' title='bbox 763 1801 823 1872; x_wconf 75' lang='lat' dir='ltr'>ta&#39;m</span> <span class='ocrx_word' id='word_1_152' title='bbox 836 1833 913 1872; x_wconf 84' lang='lat' dir='ltr'>vana</span> <span class='ocrx_word' id='word_1_153' title='bbox 926 1815 1040 1873; x_wconf 86' lang='lat' dir='ltr'>iactitas</span> <span class='ocrx_word' id='word_1_154' title='bbox 1053 1827 1156 1873; x_wconf 86' lang='lat' dir='ltr'>contra</span> <span class='ocrx_word' id='word_1_155' title='bbox 1168 1817 1280 1874; x_wconf 87' lang='lat' dir='ltr'>milites</span> <span class='ocrx_word' id='word_1_156' title='bbox 1294 1818 1429 1876; x_wconf 71' lang='lat' dir='ltr'>Christi?</span> <span class='ocrx_word' id='word_1_157' title='bbox 1497 1887 1498 1890; x_wconf 7' lang='grc' dir='ltr'><strong>Ἴ</strong></span> 
     </span>
     <span class='ocr_line' id='line_1_18' title="bbox 272 1903 1429 1977; baseline 0.001 -16"><span class='ocrx_word' id='word_1_158' title='bbox 272 1904 323 1961; x_wconf 88' lang='lat' dir='ltr'>An</span> <span class='ocrx_word' id='word_1_159' title='bbox 347 1912 378 1961; x_wconf 88' lang='lat' dir='ltr'>te</span> <span class='ocrx_word' id='word_1_160' title='bbox 398 1904 468 1960; x_wconf 90' lang='lat' dir='ltr'>latet</span> <span class='ocrx_word' id='word_1_161' title='bbox 490 1903 570 1976; x_wconf 92' lang='lat' dir='ltr'>quod</span> <span class='ocrx_word' id='word_1_162' title='bbox 591 1911 738 1977; x_wconf 89' lang='lat' dir='ltr'>perpetua</span> <span class='ocrx_word' id='word_1_163' title='bbox 761 1903 840 1976; x_wconf 87' lang='lat' dir='ltr'>ignis</span> <span class='ocrx_word' id='word_1_164' title='bbox 864 1905 960 1960; x_wconf 88' lang='lat' dir='ltr'>eterni</span> <span class='ocrx_word' id='word_1_165' title='bbox 981 1913 1131 1960; x_wconf 85' lang='lat' dir='ltr'>tormenta</span> <span class='ocrx_word' id='word_1_166' title='bbox 1152 1915 1182 1960; x_wconf 90' lang='lat' dir='ltr'>te</span> <span class='ocrx_word' id='word_1_167' title='bbox 1207 1917 1336 1964; x_wconf 87' lang='lat' dir='ltr'>manent</span> <span class='ocrx_word' id='word_1_168' title='bbox 1362 1925 1429 1964; x_wconf 91' lang='lat' dir='ltr'>cum</span> 
     </span>
     <span class='ocr_line' id='line_1_19' title="bbox 273 1990 1427 2064; baseline 0.002 -15"><span class='ocrx_word' id='word_1_169' title='bbox 273 1991 446 2050; x_wconf 78' lang='lat' dir='ltr'>sodalibus⁸</span> <span class='ocrx_word' id='word_1_170' title='bbox 459 1991 539 2048; x_wconf 81' lang='lat' dir='ltr'>tuis?</span> <span class='ocrx_word' id='word_1_171' title='bbox 575 1990 721 2061; x_wconf 84' lang='lat' dir='ltr'>Quamuis</span> <span class='ocrx_word' id='word_1_172' title='bbox 734 1991 815 2047; x_wconf 91' lang='lat' dir='ltr'>enim</span> <span class='ocrx_word' id='word_1_173' title='bbox 831 1992 920 2047; x_wconf 92' lang='lat' dir='ltr'>modo</span> <span class='ocrx_word' id='word_1_174' title='bbox 933 1993 1062 2064; x_wconf 91' lang='lat' dir='ltr'>quedam</span> <span class='ocrx_word' id='word_1_175' title='bbox 1075 1991 1179 2064; x_wconf 87' lang='lat' dir='ltr'>grauia</span> <span class='ocrx_word' id='word_1_176' title='bbox 1191 1993 1251 2048; x_wconf 87' lang='lat' dir='ltr'>iam</span> <span class='ocrx_word' id='word_1_177' title='bbox 1266 1995 1427 2063; x_wconf 87' lang='lat' dir='ltr'>sustineas,</span> 
     </span>
     <span class='ocr_line' id='line_1_20' title="bbox 274 2078 1429 2156; baseline 0.003 -20"><span class='ocrx_word' id='word_1_178' title='bbox 274 2080 387 2137; x_wconf 91' lang='lat' dir='ltr'>maiora</span> <span class='ocrx_word' id='word_1_179' title='bbox 408 2089 509 2136; x_wconf 87' lang='lat' dir='ltr'>tamen</span> <span class='ocrx_word' id='word_1_180' title='bbox 534 2078 698 2136; x_wconf 87' lang='lat' dir='ltr'>sustinebis</span> <span class='ocrx_word' id='word_1_181' title='bbox 723 2096 791 2134; x_wconf 91' lang='lat' dir='ltr'>cum</span> <span class='ocrx_word' id='word_1_182' title='bbox 816 2078 953 2135; x_wconf 90' lang='lat' dir='ltr'>Christus</span> <span class='ocrx_word' id='word_1_183' title='bbox 978 2081 1159 2152; x_wconf 85' lang='lat' dir='ltr'>apparuerit,</span> <span class='ocrx_word' id='word_1_184' title='bbox 1180 2083 1241 2137; x_wconf 86' lang='lat' dir='ltr'>vita</span> <span class='ocrx_word' id='word_1_185' title='bbox 1265 2091 1296 2139; x_wconf 89' lang='lat' dir='ltr'>et</span> <span class='ocrx_word' id='word_1_186' title='bbox 1324 2084 1429 2156; x_wconf 77' lang='lat' dir='ltr'>legifer</span> 
     </span>
     <span class='ocr_line' id='line_1_21' title="bbox 229 2165 1426 2238; baseline -0.001 -12"><span class='ocrx_word' id='word_1_187' title='bbox 229 2191 261 2228; x_wconf 81' lang='lat' dir='ltr'>ao</span> <span class='ocrx_word' id='word_1_188' title='bbox 274 2169 394 2225; x_wconf 68' lang='lat' dir='ltr'>noster!</span> <span class='ocrx_word' id='word_1_189' title='bbox 431 2167 547 2238; x_wconf 84' lang='lat' dir='ltr'>Quibus</span> <span class='ocrx_word' id='word_1_190' title='bbox 571 2165 667 2234; x_wconf 89' lang='lat' dir='ltr'>dictis,</span> <span class='ocrx_word' id='word_1_191' title='bbox 694 2166 787 2223; x_wconf 89' lang='lat' dir='ltr'>miser</span> <span class='ocrx_word' id='word_1_192' title='bbox 810 2167 860 2222; x_wconf 92' lang='lat' dir='ltr'>ille</span> <span class='ocrx_word' id='word_1_193' title='bbox 885 2183 954 2223; x_wconf 91' lang='lat' dir='ltr'>cum</span> <span class='ocrx_word' id='word_1_194' title='bbox 985 2169 1048 2224; x_wconf 91' lang='lat' dir='ltr'>suis</span> <span class='ocrx_word' id='word_1_195' title='bbox 1073 2167 1263 2225; x_wconf 91' lang='lat' dir='ltr'>illusionibus</span> <span class='ocrx_word' id='word_1_196' title='bbox 1294 2172 1426 2228; x_wconf 85' lang='lat' dir='ltr'>euanuit.</span> 
     </span>
     <span class='ocr_line' id='line_1_22' title="bbox 273 2245 1498 2332; baseline 0.002 -18"><span class='ocrx_word' id='word_1_197' title='bbox 273 2245 308 2314; x_wconf 88' lang='lat' dir='ltr'>A</span> <span class='ocrx_word' id='word_1_198' title='bbox 319 2253 463 2313; x_wconf 88' lang='lat' dir='ltr'>vicesimo</span> <span class='ocrx_word' id='word_1_199' title='bbox 479 2255 577 2328; x_wconf 89' lang='lat' dir='ltr'>primo</span> <span class='ocrx_word' id='word_1_200' title='bbox 592 2255 678 2311; x_wconf 88' lang='lat' dir='ltr'>etatis</span> <span class='ocrx_word' id='word_1_201' title='bbox 694 2271 749 2311; x_wconf 89' lang='lat' dir='ltr'>sue</span> <span class='ocrx_word' id='word_1_202' title='bbox 767 2272 846 2311; x_wconf 91' lang='lat' dir='ltr'>anno</span> <span class='ocrx_word' id='word_1_203' title='bbox 859 2271 955 2328; x_wconf 91' lang='lat' dir='ltr'>vsque</span> <span class='ocrx_word' id='word_1_204' title='bbox 972 2255 1010 2311; x_wconf 92' lang='lat' dir='ltr'>ad</span> <span class='ocrx_word' id='word_1_205' title='bbox 1028 2255 1140 2313; x_wconf 89' lang='lat' dir='ltr'>obitum</span> <span class='ocrx_word' id='word_1_206' title='bbox 1157 2273 1255 2324; x_wconf 91' lang='lat' dir='ltr'>suum,</span> <span class='ocrx_word' id='word_1_207' title='bbox 1269 2275 1427 2332; x_wconf 87' lang='lat' dir='ltr'>uunquam</span> <span class='ocrx_word' id='word_1_208' title='bbox 1497 2315 1498 2320; x_wconf 71' lang='grc'>,</span> 
     </span>
     <span class='ocr_line' id='line_1_23' title="bbox 273 2341 1427 2416; baseline 0.002 -16"><span class='ocrx_word' id='word_1_209' title='bbox 273 2345 304 2400; x_wconf 95' lang='lat' dir='ltr'>in</span> <span class='ocrx_word' id='word_1_210' title='bbox 324 2343 449 2401; x_wconf 90' lang='lat' dir='ltr'>ecclesia</span> <span class='ocrx_word' id='word_1_211' title='bbox 466 2341 550 2400; x_wconf 90' lang='lat' dir='ltr'>visus</span> <span class='ocrx_word' id='word_1_212' title='bbox 568 2351 615 2399; x_wconf 88' lang='lat' dir='ltr'>est</span> <span class='ocrx_word' id='word_1_213' title='bbox 634 2345 758 2412; x_wconf 89' lang='lat' dir='ltr'>sedere;</span> <span class='ocrx_word' id='word_1_214' title='bbox 777 2360 931 2416; x_wconf 89' lang='lat' dir='ltr'>nunquam</span> <span class='ocrx_word' id='word_1_215' title='bbox 952 2343 1076 2399; x_wconf 83' lang='lat' dir='ltr'>tristicia</span> <span class='ocrx_word' id='word_1_216' title='bbox 1095 2345 1230 2401; x_wconf 88' lang='lat' dir='ltr'>deiectus</span> <span class='ocrx_word' id='word_1_217' title='bbox 1252 2363 1309 2402; x_wconf 91' lang='lat' dir='ltr'>nec</span> <span class='ocrx_word' id='word_1_218' title='bbox 1330 2346 1427 2404; x_wconf 85' lang='lat' dir='ltr'>leticia</span> 
     </span>
     <span class='ocr_line' id='line_1_24' title="bbox 273 2429 1426 2506; baseline 0.003 -18"><span class='ocrx_word' id='word_1_219' title='bbox 273 2431 397 2500; x_wconf 91' lang='lat' dir='ltr'>solutus,</span> <span class='ocrx_word' id='word_1_220' title='bbox 418 2447 571 2504; x_wconf 89' lang='lat' dir='ltr'>nunquam</span> <span class='ocrx_word' id='word_1_221' title='bbox 593 2429 808 2487; x_wconf 87' lang='lat' dir='ltr'>moderationis</span> <span class='ocrx_word' id='word_1_222' title='bbox 826 2439 937 2487; x_wconf 88' lang='lat' dir='ltr'>metam</span> <span class='ocrx_word' id='word_1_223' title='bbox 957 2432 1119 2498; x_wconf 86' lang='lat' dir='ltr'>excedens,</span> <span class='ocrx_word' id='word_1_224' title='bbox 1138 2433 1192 2487; x_wconf 92' lang='lat' dir='ltr'>sed</span> <span class='ocrx_word' id='word_1_225' title='bbox 1212 2450 1313 2506; x_wconf 88' lang='lat' dir='ltr'>neque</span> <span class='ocrx_word' id='word_1_226' title='bbox 1334 2435 1426 2492; x_wconf 89' lang='lat' dir='ltr'>iratus</span> 
     </span>
     <span class='ocr_line' id='line_1_25' title="bbox 272 2517 1426 2595; baseline 0.003 -20"><span class='ocrx_word' id='word_1_227' title='bbox 272 2528 322 2576; x_wconf 90' lang='lat' dir='ltr'>aut</span> <span class='ocrx_word' id='word_1_228' title='bbox 331 2519 530 2586; x_wconf 91' lang='lat' dir='ltr'>turbulentus,</span> <span class='ocrx_word' id='word_1_229' title='bbox 536 2519 675 2574; x_wconf 91' lang='lat' dir='ltr'>omnibus</span> <span class='ocrx_word' id='word_1_230' title='bbox 687 2517 811 2574; x_wconf 82' lang='lat' dir='ltr'>affabilis</span> <span class='ocrx_word' id='word_1_231' title='bbox 824 2527 855 2574; x_wconf 85' lang='lat' dir='ltr'>et</span> <span class='ocrx_word' id='word_1_232' title='bbox 864 2517 1020 2575; x_wconf 88' lang='lat' dir='ltr'>beniuolus</span> <span class='ocrx_word' id='word_1_233' title='bbox 1033 2527 1104 2575; x_wconf 86' lang='lat' dir='ltr'>erat.</span> <span class='ocrx_word' id='word_1_234' title='bbox 1127 2517 1188 2575; x_wconf 90' lang='lat' dir='ltr'>Ter</span> <span class='ocrx_word' id='word_1_235' title='bbox 1196 2520 1426 2595; x_wconf 86' lang='lat' dir='ltr'>quinquagenos</span> 
     </span>
     <span class='ocr_line' id='line_1_26' title="bbox 228 2591 1426 2680; baseline 0 -14"><span class='ocrx_word' id='word_1_236' title='bbox 228 2631 257 2680; x_wconf 77' lang='lat'>²5</span> <span class='ocrx_word' id='word_1_237' title='bbox 272 2607 404 2678; x_wconf 89' lang='lat' dir='ltr'>quotidie</span> <span class='ocrx_word' id='word_1_238' title='bbox 428 2606 562 2679; x_wconf 89' lang='lat' dir='ltr'>psalmos</span> <span class='ocrx_word' id='word_1_239' title='bbox 586 2591 742 2678; x_wconf 71' lang='lat' dir='ltr'>psallebat,</span> <span class='ocrx_word' id='word_1_240' title='bbox 766 2605 897 2663; x_wconf 91' lang='lat' dir='ltr'>nuncin</span> <span class='ocrx_word' id='word_1_241' title='bbox 922 2606 1020 2663; x_wconf 90' lang='lat' dir='ltr'>crucis</span> <span class='ocrx_word' id='word_1_242' title='bbox 1041 2607 1140 2676; x_wconf 89' lang='lat' dir='ltr'>modo,</span> <span class='ocrx_word' id='word_1_243' title='bbox 1160 2625 1241 2665; x_wconf 91' lang='lat' dir='ltr'>nunc</span> <span class='ocrx_word' id='word_1_244' title='bbox 1261 2609 1426 2666; x_wconf 86' lang='lat' dir='ltr'>immobilis</span> 
     </span>
     <span class='ocr_line' id='line_1_27' title="bbox 273 2689 1496 2768; baseline 0.003 -17"><span class='ocrx_word' id='word_1_245' title='bbox 273 2695 351 2752; x_wconf 82' lang='lat' dir='ltr'>fixus</span> <span class='ocrx_word' id='word_1_246' title='bbox 376 2703 497 2764; x_wconf 86' lang='lat' dir='ltr'>statura,</span> <span class='ocrx_word' id='word_1_247' title='bbox 522 2711 602 2750; x_wconf 92' lang='lat' dir='ltr'>nunc</span> <span class='ocrx_word' id='word_1_248' title='bbox 626 2693 753 2766; x_wconf 84' lang='lat' dir='ltr'>genibus</span> <span class='ocrx_word' id='word_1_249' title='bbox 777 2694 961 2767; x_wconf 90' lang='lat' dir='ltr'>prouolutus.</span> <span class='ocrx_word' id='word_1_250' title='bbox 1000 2693 1046 2750; x_wconf 85' lang='lat' dir='ltr'>Ex</span> <span class='ocrx_word' id='word_1_251' title='bbox 1069 2693 1119 2751; x_wconf 92' lang='lat' dir='ltr'>die</span> <span class='ocrx_word' id='word_1_252' title='bbox 1140 2712 1214 2752; x_wconf 89' lang='lat' dir='ltr'>vero</span> <span class='ocrx_word' id='word_1_253' title='bbox 1239 2713 1300 2768; x_wconf 88' lang='lat' dir='ltr'>qua</span> <span class='ocrx_word' id='word_1_254' title='bbox 1325 2698 1424 2755; x_wconf 87' lang='lat' dir='ltr'>locum</span> <span class='ocrx_word' id='word_1_255' title='bbox 1495 2689 1496 2700; x_wconf 46' lang='lat'>¹</span> 
     </span>
     <span class='ocr_line' id='line_1_28' title="bbox 273 2781 1424 2855; baseline 0 -15"><span class='ocrx_word' id='word_1_256' title='bbox 273 2799 360 2840; x_wconf 88' lang='lat' dir='ltr'>suum</span> <span class='ocrx_word' id='word_1_257' title='bbox 385 2791 560 2840; x_wconf 89' lang='lat' dir='ltr'>construere</span> <span class='ocrx_word' id='word_1_258' title='bbox 585 2781 672 2855; x_wconf 87' lang='lat' dir='ltr'>cepit,</span> <span class='ocrx_word' id='word_1_259' title='bbox 691 2798 843 2854; x_wconf 88' lang='lat' dir='ltr'>nunquam</span> <span class='ocrx_word' id='word_1_260' title='bbox 862 2781 1039 2838; x_wconf 90' lang='lat' dir='ltr'>indumento</span> <span class='ocrx_word' id='word_1_261' title='bbox 1056 2781 1144 2838; x_wconf 87' lang='lat' dir='ltr'>laneo</span> <span class='ocrx_word' id='word_1_262' title='bbox 1162 2784 1292 2841; x_wconf 88' lang='lat' dir='ltr'>vestitus</span> <span class='ocrx_word' id='word_1_263' title='bbox 1310 2795 1360 2842; x_wconf 87' lang='lat' dir='ltr'>est</span> <span class='ocrx_word' id='word_1_264' title='bbox 1378 2794 1424 2842; x_wconf 90' lang='lat' dir='ltr'>aut</span> 
     </span>
     <span class='ocr_line' id='line_1_29' title="bbox 273 2869 1424 2946; baseline 0.002 -19"><span class='ocrx_word' id='word_1_265' title='bbox 273 2871 360 2939; x_wconf 89' lang='lat' dir='ltr'>linco,</span> <span class='ocrx_word' id='word_1_266' title='bbox 379 2871 435 2927; x_wconf 91' lang='lat' dir='ltr'>sed</span> <span class='ocrx_word' id='word_1_267' title='bbox 456 2869 586 2942; x_wconf 88' lang='lat' dir='ltr'>caprinis</span> <span class='ocrx_word' id='word_1_268' title='bbox 607 2869 785 2926; x_wconf 89' lang='lat' dir='ltr'>induebatur</span> <span class='ocrx_word' id='word_1_269' title='bbox 802 2869 938 2941; x_wconf 88' lang='lat' dir='ltr'>pellibus.</span> <span class='ocrx_word' id='word_1_270' title='bbox 984 2869 1022 2926; x_wconf 84' lang='lat' dir='ltr'>Et</span> <span class='ocrx_word' id='word_1_271' title='bbox 1040 2887 1139 2942; x_wconf 88' lang='lat' dir='ltr'>neque</span> <span class='ocrx_word' id='word_1_272' title='bbox 1161 2869 1191 2926; x_wconf 92' lang='lat' dir='ltr'>in</span> <span class='ocrx_word' id='word_1_273' title='bbox 1213 2871 1293 2928; x_wconf 88' lang='lat' dir='ltr'>lecto</span> <span class='ocrx_word' id='word_1_274' title='bbox 1311 2873 1424 2946; x_wconf 88' lang='lat' dir='ltr'>plumis</span> 
     </span>
     <span class='ocr_line' id='line_1_30' title="bbox 271 2955 1423 3031; baseline 0.001 -16"><span class='ocrx_word' id='word_1_275' title='bbox 271 2960 318 3017; x_wconf 88' lang='lat' dir='ltr'>vel</span> <span class='ocrx_word' id='word_1_276' title='bbox 332 2959 467 3016; x_wconf 90' lang='lat' dir='ltr'>vestibus</span> <span class='ocrx_word' id='word_1_277' title='bbox 486 2974 540 3014; x_wconf 89' lang='lat' dir='ltr'>seu</span> <span class='ocrx_word' id='word_1_278' title='bbox 560 2957 649 3014; x_wconf 87' lang='lat' dir='ltr'>etiarn</span> <span class='ocrx_word' id='word_1_279' title='bbox 668 2955 764 3031; x_wconf 86' lang='lat' dir='ltr'>paleis</span> <span class='ocrx_word' id='word_1_280' title='bbox 782 2966 884 3027; x_wconf 88' lang='lat' dir='ltr'>strato,</span> <span class='ocrx_word' id='word_1_281' title='bbox 896 2956 1001 3014; x_wconf 86' lang='lat' dir='ltr'>iacuit:</span> <span class='ocrx_word' id='word_1_282' title='bbox 1021 2957 1190 3014; x_wconf 88' lang='lat' dir='ltr'>durissimis</span> <span class='ocrx_word' id='word_1_283' title='bbox 1203 2975 1317 3016; x_wconf 89' lang='lat' dir='ltr'>nucum</span> <span class='ocrx_word' id='word_1_284' title='bbox 1338 2960 1423 3018; x_wconf 86' lang='lat' dir='ltr'>corti-</span> 
     </span>
     <span class='ocr_line' id='line_1_31' title="bbox 227 3044 1498 3122; baseline 0 -18"><span class='ocrx_word' id='word_1_285' title='bbox 227 3074 259 3122; x_wconf 79' lang='lat'>30</span> <span class='ocrx_word' id='word_1_286' title='bbox 272 3049 356 3104; x_wconf 92' lang='lat' dir='ltr'>cibus</span> <span class='ocrx_word' id='word_1_287' title='bbox 379 3045 421 3103; x_wconf 85' lang='lat' dir='ltr'>vti</span> <span class='ocrx_word' id='word_1_288' title='bbox 446 3045 602 3102; x_wconf 88' lang='lat' dir='ltr'>consueuit</span> <span class='ocrx_word' id='word_1_289' title='bbox 627 3062 682 3117; x_wconf 91' lang='lat' dir='ltr'>pro</span> <span class='ocrx_word' id='word_1_290' title='bbox 706 3044 833 3118; x_wconf 89' lang='lat' dir='ltr'>plumis;</span> <span class='ocrx_word' id='word_1_291' title='bbox 866 3062 921 3117; x_wconf 93' lang='lat' dir='ltr'>pro</span> <span class='ocrx_word' id='word_1_292' title='bbox 945 3044 1115 3117; x_wconf 87' lang='lat' dir='ltr'>peregrinis</span> <span class='ocrx_word' id='word_1_293' title='bbox 1144 3054 1246 3102; x_wconf 87' lang='lat' dir='ltr'>autem</span> <span class='ocrx_word' id='word_1_294' title='bbox 1273 3049 1422 3120; x_wconf 87' lang='lat' dir='ltr'>tapetibus</span> <span class='ocrx_word' id='word_1_295' title='bbox 1497 3083 1498 3088; x_wconf 23' lang='grc' dir='ltr'><strong><em>κ</em></strong></span> 
     </span>
     <span class='ocr_line' id='line_1_32' title="bbox 272 3133 1421 3209; baseline 0 -17"><span class='ocrx_word' id='word_1_296' title='bbox 272 3135 367 3209; x_wconf 89' lang='lat' dir='ltr'>pictis,</span> <span class='ocrx_word' id='word_1_297' title='bbox 385 3133 487 3190; x_wconf 88' lang='lat' dir='ltr'>arenis</span> <span class='ocrx_word' id='word_1_298' title='bbox 505 3150 573 3189; x_wconf 91' lang='lat' dir='ltr'>curn</span> <span class='ocrx_word' id='word_1_299' title='bbox 594 3133 703 3206; x_wconf 89' lang='lat' dir='ltr'>lapillis</span> <span class='ocrx_word' id='word_1_300' title='bbox 725 3133 927 3190; x_wconf 86' lang='lat' dir='ltr'>delectabatur</span> <span class='ocrx_word' id='word_1_301' title='bbox 946 3133 1106 3204; x_wconf 84' lang='lat' dir='ltr'>admixtis;</span> <span class='ocrx_word' id='word_1_302' title='bbox 1134 3134 1251 3190; x_wconf 92' lang='lat' dir='ltr'>duobus</span> <span class='ocrx_word' id='word_1_303' title='bbox 1273 3135 1421 3208; x_wconf 84' lang='lat' dir='ltr'>lapidibus</span> 
     </span>
     <span class='ocr_line' id='line_1_33' title="bbox 272 3221 1421 3296; baseline 0.003 -19"><span class='ocrx_word' id='word_1_304' title='bbox 272 3221 359 3296; x_wconf 88' lang='lat' dir='ltr'>capiti</span> <span class='ocrx_word' id='word_1_305' title='bbox 377 3221 451 3279; x_wconf 83' lang='lat' dir='ltr'>suo⁸</span> <span class='ocrx_word' id='word_1_306' title='bbox 468 3221 641 3295; x_wconf 88' lang='lat' dir='ltr'>suppositis.</span> <span class='ocrx_word' id='word_1_307' title='bbox 678 3221 765 3292; x_wconf 85' lang='lat' dir='ltr'>Quali</span> <span class='ocrx_word' id='word_1_308' title='bbox 782 3221 957 3278; x_wconf 89' lang='lat' dir='ltr'>indumento</span> <span class='ocrx_word' id='word_1_309' title='bbox 971 3221 1001 3277; x_wconf 94' lang='lat' dir='ltr'>in</span> <span class='ocrx_word' id='word_1_310' title='bbox 1017 3221 1074 3288; x_wconf 92' lang='lat' dir='ltr'>die,</span> <span class='ocrx_word' id='word_1_311' title='bbox 1087 3221 1137 3278; x_wconf 89' lang='lat' dir='ltr'>tali</span> <span class='ocrx_word' id='word_1_312' title='bbox 1150 3229 1180 3277; x_wconf 91' lang='lat' dir='ltr'>et</span> <span class='ocrx_word' id='word_1_313' title='bbox 1195 3223 1306 3279; x_wconf 89' lang='lat' dir='ltr'>eodem</span> <span class='ocrx_word' id='word_1_314' title='bbox 1319 3225 1421 3280; x_wconf 89' lang='lat' dir='ltr'>indue-</span> 
     </span>
     <span class='ocr_line' id='line_1_34' title="bbox 271 3307 1422 3380; baseline 0.002 -14"><span class='ocrx_word' id='word_1_315' title='bbox 271 3311 358 3367; x_wconf 88' lang='lat' dir='ltr'>batur</span> <span class='ocrx_word' id='word_1_316' title='bbox 370 3309 400 3366; x_wconf 90' lang='lat' dir='ltr'>in</span> <span class='ocrx_word' id='word_1_317' title='bbox 413 3319 509 3366; x_wconf 92' lang='lat' dir='ltr'>nocte.</span> <span class='ocrx_word' id='word_1_318' title='bbox 535 3307 648 3365; x_wconf 87' lang='lat' dir='ltr'>Panem</span> <span class='ocrx_word' id='word_1_319' title='bbox 662 3309 809 3366; x_wconf 85' lang='lat' dir='ltr'>triticeum</span> <span class='ocrx_word' id='word_1_320' title='bbox 827 3327 887 3366; x_wconf 89' lang='lat' dir='ltr'>non</span> <span class='ocrx_word' id='word_1_321' title='bbox 901 3310 1037 3380; x_wconf 88' lang='lat' dir='ltr'>comedit,</span> <span class='ocrx_word' id='word_1_322' title='bbox 1046 3311 1101 3366; x_wconf 88' lang='lat' dir='ltr'>sed</span> <span class='ocrx_word' id='word_1_323' title='bbox 1114 3309 1231 3366; x_wconf 90' lang='lat' dir='ltr'>modico</span> <span class='ocrx_word' id='word_1_324' title='bbox 1244 3313 1422 3368; x_wconf 87' lang='lat' dir='ltr'>vescebatur</span> 
     </span>
     <span class='ocr_line' id='line_1_35' title="bbox 271 3397 1420 3471; baseline 0 -17"><span class='ocrx_word' id='word_1_325' title='bbox 271 3415 349 3471; x_wconf 89' lang='lat' dir='ltr'>pane</span> <span class='ocrx_word' id='word_1_326' title='bbox 362 3399 517 3467; x_wconf 86' lang='lat' dir='ltr'>ordeaceo,</span> <span class='ocrx_word' id='word_1_327' title='bbox 526 3397 628 3454; x_wconf 89' lang='lat' dir='ltr'>cinere</span> <span class='ocrx_word' id='word_1_328' title='bbox 641 3397 781 3466; x_wconf 88' lang='lat' dir='ltr'>admixto,</span> <span class='ocrx_word' id='word_1_329' title='bbox 793 3397 892 3470; x_wconf 89' lang='lat' dir='ltr'>equali</span> <span class='ocrx_word' id='word_1_330' title='bbox 905 3397 1039 3470; x_wconf 86' lang='lat' dir='ltr'>pondere</span> <span class='ocrx_word' id='word_1_331' title='bbox 1052 3397 1164 3452; x_wconf 86' lang='lat' dir='ltr'>librato.</span> <span class='ocrx_word' id='word_1_332' title='bbox 1188 3397 1321 3470; x_wconf 86' lang='lat' dir='ltr'>Semper</span> <span class='ocrx_word' id='word_1_333' title='bbox 1331 3401 1420 3456; x_wconf 91' lang='lat' dir='ltr'>biduo</span> 
     </span>
     <span class='ocr_line' id='line_1_36' title="bbox 226 3483 1421 3562; baseline 0 -21"><span class='ocrx_word' id='word_1_334' title='bbox 226 3509 257 3562; x_wconf 73' lang='lat'>35</span> <span class='ocrx_word' id='word_1_335' title='bbox 271 3495 321 3542; x_wconf 88' lang='lat' dir='ltr'>aut</span> <span class='ocrx_word' id='word_1_336' title='bbox 338 3487 437 3542; x_wconf 88' lang='lat' dir='ltr'>triduo</span> <span class='ocrx_word' id='word_1_337' title='bbox 450 3485 545 3542; x_wconf 88' lang='lat' dir='ltr'>semel</span> <span class='ocrx_word' id='word_1_338' title='bbox 558 3483 657 3542; x_wconf 90' lang='lat' dir='ltr'>cibum</span> <span class='ocrx_word' id='word_1_339' title='bbox 674 3484 812 3557; x_wconf 88' lang='lat' dir='ltr'>sumpsit.</span> <span class='ocrx_word' id='word_1_340' title='bbox 850 3484 1041 3542; x_wconf 88' lang='lat' dir='ltr'>Pulmentum</span> <span class='ocrx_word' id='word_1_341' title='bbox 1054 3485 1136 3541; x_wconf 89' lang='lat' dir='ltr'>enirn</span> <span class='ocrx_word' id='word_1_342' title='bbox 1149 3494 1212 3541; x_wconf 89' lang='lat' dir='ltr'>crat</span> <span class='ocrx_word' id='word_1_343' title='bbox 1225 3503 1266 3540; x_wconf 86' lang='lat' dir='ltr'>ex</span> <span class='ocrx_word' id='word_1_344' title='bbox 1278 3485 1378 3544; x_wconf 87' lang='lat' dir='ltr'>sarina</span> <span class='ocrx_word' id='word_1_345' title='bbox 1394 3496 1421 3542; x_wconf 90' lang='lat' dir='ltr'>et</span> 
     </span>
     <span class='ocr_line' id='line_1_37' title="bbox 271 3571 1419 3646; baseline 0 -16"><span class='ocrx_word' id='word_1_346' title='bbox 271 3574 402 3631; x_wconf 88' lang='lat' dir='ltr'>oleribus</span> <span class='ocrx_word' id='word_1_347' title='bbox 414 3573 591 3640; x_wconf 87' lang='lat' dir='ltr'>consectum,</span> <span class='ocrx_word' id='word_1_348' title='bbox 604 3572 686 3628; x_wconf 89' lang='lat' dir='ltr'>nulla</span> <span class='ocrx_word' id='word_1_349' title='bbox 698 3571 820 3628; x_wconf 90' lang='lat' dir='ltr'>omnino</span> <span class='ocrx_word' id='word_1_350' title='bbox 833 3572 1016 3646; x_wconf 85' lang='lat' dir='ltr'>pinguedine</span> <span class='ocrx_word' id='word_1_351' title='bbox 1029 3573 1255 3645; x_wconf 88' lang='lat' dir='ltr'>impinguatum.</span> <span class='ocrx_word' id='word_1_352' title='bbox 1287 3575 1419 3632; x_wconf 80' lang='lat' dir='ltr'>Sabbata</span> 
     </span>
     <span class='ocr_line' id='line_1_38' title="bbox 270 3661 1419 3733; baseline 0.002 -15"><span class='ocrx_word' id='word_1_353' title='bbox 270 3671 300 3718; x_wconf 92' lang='lat' dir='ltr'>et</span> <span class='ocrx_word' id='word_1_354' title='bbox 319 3662 468 3718; x_wconf 89' lang='lat' dir='ltr'>dominico</span> <span class='ocrx_word' id='word_1_355' title='bbox 487 3661 536 3717; x_wconf 87' lang='lat' dir='ltr'>die</span> <span class='ocrx_word' id='word_1_356' title='bbox 555 3677 643 3717; x_wconf 88' lang='lat' dir='ltr'>caseo</span> <span class='ocrx_word' id='word_1_357' title='bbox 661 3677 739 3732; x_wconf 90' lang='lat' dir='ltr'>aqua</span> <span class='ocrx_word' id='word_1_358' title='bbox 757 3662 879 3717; x_wconf 88' lang='lat' dir='ltr'>decocto</span> <span class='ocrx_word' id='word_1_359' title='bbox 892 3662 1035 3730; x_wconf 84' lang='lat' dir='ltr'>utebatur,</span> <span class='ocrx_word' id='word_1_360' title='bbox 1049 3669 1080 3716; x_wconf 89' lang='lat' dir='ltr'>et</span> <span class='ocrx_word' id='word_1_361' title='bbox 1098 3677 1210 3733; x_wconf 90' lang='lat' dir='ltr'>paucos</span> <span class='ocrx_word' id='word_1_362' title='bbox 1222 3663 1254 3716; x_wconf 90' lang='lat' dir='ltr'>in</span> <span class='ocrx_word' id='word_1_363' title='bbox 1267 3678 1419 3720; x_wconf 80' lang='lat' dir='ltr'>resurrec-</span> 
     </span>
     <span class='ocr_line' id='line_1_39' title="bbox 270 3748 1418 3822; baseline -0.001 -16"><span class='ocrx_word' id='word_1_364' title='bbox 270 3751 351 3807; x_wconf 88' lang='lat' dir='ltr'>tione</span> <span class='ocrx_word' id='word_1_365' title='bbox 376 3749 489 3807; x_wconf 91' lang='lat' dir='ltr'>domini</span> <span class='ocrx_word' id='word_1_366' title='bbox 512 3748 670 3822; x_wconf 90' lang='lat' dir='ltr'>pisciculos</span> <span class='ocrx_word' id='word_1_367' title='bbox 694 3749 840 3806; x_wconf 90' lang='lat' dir='ltr'>sumebat.</span> <span class='ocrx_word' id='word_1_368' title='bbox 878 3749 970 3806; x_wconf 91' lang='lat' dir='ltr'>Potus</span> <span class='ocrx_word' id='word_1_369' title='bbox 996 3758 1096 3806; x_wconf 88' lang='lat' dir='ltr'>autern</span> <span class='ocrx_word' id='word_1_370' title='bbox 1126 3749 1193 3805; x_wconf 90' lang='lat' dir='ltr'>eius</span> <span class='ocrx_word' id='word_1_371' title='bbox 1223 3767 1263 3804; x_wconf 88' lang='lat' dir='ltr'>ex</span> <span class='ocrx_word' id='word_1_372' title='bbox 1290 3767 1371 3822; x_wconf 84' lang='lat' dir='ltr'>aqua</span> <span class='ocrx_word' id='word_1_373' title='bbox 1392 3759 1418 3808; x_wconf 89' lang='lat' dir='ltr'>ct</span> 
     </span>
     <span class='ocr_line' id='line_1_40' title="bbox 270 3835 1418 3908; baseline 0.001 -14"><span class='ocrx_word' id='word_1_374' title='bbox 270 3839 412 3894; x_wconf 90' lang='lat' dir='ltr'>arborum</span> <span class='ocrx_word' id='word_1_375' title='bbox 432 3837 529 3893; x_wconf 91' lang='lat' dir='ltr'>succis</span> <span class='ocrx_word' id='word_1_376' title='bbox 551 3836 737 3893; x_wconf 87' lang='lat' dir='ltr'>malorumve</span> <span class='ocrx_word' id='word_1_377' title='bbox 758 3835 942 3892; x_wconf 89' lang='lat' dir='ltr'>siluestrium</span> <span class='ocrx_word' id='word_1_378' title='bbox 965 3846 1037 3893; x_wconf 91' lang='lat' dir='ltr'>erat.</span> <span class='ocrx_word' id='word_1_379' title='bbox 1076 3836 1237 3908; x_wconf 90' lang='lat' dir='ltr'>Nunquam</span> <span class='ocrx_word' id='word_1_380' title='bbox 1256 3854 1292 3894; x_wconf 89' lang='lat' dir='ltr'>os</span> <span class='ocrx_word' id='word_1_381' title='bbox 1315 3838 1418 3895; x_wconf 84' lang='lat' dir='ltr'>eiusa</span> 
     </span>
     <span class='ocr_line' id='line_1_41' title="bbox 224 3922 1417 4002; baseline -0.002 -20"><span class='ocrx_word' id='word_1_382' title='bbox 224 3953 258 4002; x_wconf 83' lang='lat'>40</span> <span class='ocrx_word' id='word_1_383' title='bbox 271 3925 474 3999; x_wconf 89' lang='lat' dir='ltr'>spiritualibus</span> <span class='ocrx_word' id='word_1_384' title='bbox 487 3927 620 3981; x_wconf 90' lang='lat' dir='ltr'>ociosum</span> <span class='ocrx_word' id='word_1_385' title='bbox 638 3923 740 3981; x_wconf 86' lang='lat' dir='ltr'>visum·</span> <span class='ocrx_word' id='word_1_386' title='bbox 750 3933 797 3980; x_wconf 88' lang='lat' dir='ltr'>est</span> <span class='ocrx_word' id='word_1_387' title='bbox 809 3925 858 3980; x_wconf 90' lang='lat' dir='ltr'>vel</span> <span class='ocrx_word' id='word_1_388' title='bbox 870 3941 1005 3981; x_wconf 87' lang='lat' dir='ltr'>vacuum.</span> <span class='ocrx_word' id='word_1_389' title='bbox 1043 3922 1128 3979; x_wconf 88' lang='lat' dir='ltr'>Multi</span> <span class='ocrx_word' id='word_1_390' title='bbox 1146 3923 1226 3980; x_wconf 88' lang='lat' dir='ltr'>enirn</span> <span class='ocrx_word' id='word_1_391' title='bbox 1242 3924 1314 3992; x_wconf 89' lang='lat' dir='ltr'>ceci,</span> <span class='ocrx_word' id='word_1_392' title='bbox 1328 3927 1417 3994; x_wconf 92' lang='lat' dir='ltr'>surdi,</span> 
     </span>
     <span class='ocr_line' id='line_1_42' title="bbox 271 4010 1438 4088; baseline -0.002 -18"><span class='ocrx_word' id='word_1_393' title='bbox 271 4024 359 4086; x_wconf 89' lang='lat' dir='ltr'>atque</span> <span class='ocrx_word' id='word_1_394' title='bbox 381 4011 556 4082; x_wconf 86' lang='lat' dir='ltr'>demoniaci,</span> <span class='ocrx_word' id='word_1_395' title='bbox 579 4019 609 4068; x_wconf 93' lang='lat' dir='ltr'>et</span> <span class='ocrx_word' id='word_1_396' title='bbox 633 4013 733 4068; x_wconf 90' lang='lat' dir='ltr'>omnia</span> <span class='ocrx_word' id='word_1_397' title='bbox 757 4011 963 4068; x_wconf 85' lang='lat' dir='ltr'>infirmitatum</span> <span class='ocrx_word' id='word_1_398' title='bbox 984 4029 1097 4084; x_wconf 88' lang='lat' dir='ltr'>genera</span> <span class='ocrx_word' id='word_1_399' title='bbox 1118 4010 1265 4067; x_wconf 88' lang='lat' dir='ltr'>babentes</span> <span class='ocrx_word' id='word_1_400' title='bbox 1286 4014 1325 4068; x_wconf 86' lang='lat' dir='ltr'>ad</span> <span class='ocrx_word' id='word_1_401' title='bbox 1351 4029 1438 4088; x_wconf 40' lang='lat' dir='ltr'>eum·</span> 
     </span>
     <span class='ocr_line' id='line_1_43' title="bbox 270 4089 1415 4176; baseline 0.001 -18"><span class='ocrx_word' id='word_1_402' title='bbox 270 4101 398 4171; x_wconf 88' lang='lat' dir='ltr'>adducti,</span> <span class='ocrx_word' id='word_1_403' title='bbox 415 4102 473 4157; x_wconf 90' lang='lat' dir='ltr'>deo</span> <span class='ocrx_word' id='word_1_404' title='bbox 493 4098 603 4174; x_wconf 87' lang='lat' dir='ltr'>gratias</span> <span class='ocrx_word' id='word_1_405' title='bbox 621 4107 744 4172; x_wconf 87' lang='lat' dir='ltr'>agentes</span> <span class='ocrx_word' id='word_1_406' title='bbox 763 4099 922 4156; x_wconf 89' lang='lat' dir='ltr'>sanitatem</span> <span class='ocrx_word' id='word_1_407' title='bbox 942 4100 1119 4172; x_wconf 91' lang='lat' dir='ltr'>consequuti</span> <span class='ocrx_word' id='word_1_408' title='bbox 1137 4109 1217 4156; x_wconf 92' lang='lat' dir='ltr'>sunt.</span> <span class='ocrx_word' id='word_1_409' title='bbox 1282 4089 1415 4176; x_wconf 85' lang='lat' dir='ltr'>Quidam</span> 
     </span>
     <span class='ocr_line' id='line_1_44' title="bbox 269 4188 1415 4263; baseline 0.002 -17"><span class='ocrx_word' id='word_1_410' title='bbox 269 4189 434 4263; x_wconf 89' lang='lat' dir='ltr'>discipulus</span> <span class='ocrx_word' id='word_1_411' title='bbox 452 4206 526 4245; x_wconf 88' lang='lat' dir='ltr'>suus</span> <span class='ocrx_word' id='word_1_412' title='bbox 534 4188 555 4259; x_wconf 82' lang='lat'>⁷,</span> <span class='ocrx_word' id='word_1_413' title='bbox 575 4197 692 4244; x_wconf 90' lang='lat' dir='ltr'>mortua</span> <span class='ocrx_word' id='word_1_414' title='bbox 711 4195 806 4246; x_wconf 86' lang='lat' dir='ltr'>matre</span> <span class='ocrx_word' id='word_1_415' title='bbox 825 4205 888 4259; x_wconf 88' lang='lat' dir='ltr'>sua,</span> <span class='ocrx_word' id='word_1_416' title='bbox 908 4205 977 4245; x_wconf 90' lang='lat' dir='ltr'>cum</span> <span class='ocrx_word' id='word_1_417' title='bbox 996 4189 1035 4245; x_wconf 90' lang='lat' dir='ltr'>ad</span> <span class='ocrx_word' id='word_1_418' title='bbox 1057 4189 1155 4244; x_wconf 92' lang='lat' dir='ltr'>locum</span> <span class='ocrx_word' id='word_1_419' title='bbox 1173 4189 1205 4244; x_wconf 90' lang='lat' dir='ltr'>in</span> <span class='ocrx_word' id='word_1_420' title='bbox 1223 4205 1285 4260; x_wconf 91' lang='lat' dir='ltr'>quo</span> <span class='ocrx_word' id='word_1_421' title='bbox 1303 4201 1415 4248; x_wconf 78' lang='lat' dir='ltr'>mortua</span> 
     </span>
    </p>
   </div>
   <div class='ocr_carea' id='block_1_3' title="bbox 269 4299 1415 4431">
    <p class='ocr_par' dir='ltr' id='par_1_6' title="bbox 269 4299 1415 4431">
     <span class='ocr_line' id='line_1_45' title="bbox 303 4299 1414 4364; baseline 0.001 -12"><span class='ocrx_word' id='word_1_422' title='bbox 303 4305 365 4352; x_wconf 89' lang='lat' dir='ltr'>¹sc.</span> <span class='ocrx_word' id='word_1_423' title='bbox 379 4303 577 4360; x_wconf 79' lang='lat' dir='ltr'>Landevennec,</span> <span class='ocrx_word' id='word_1_424' title='bbox 590 4317 654 4351; x_wconf 80' lang='lat' dir='ltr'>near</span> <span class='ocrx_word' id='word_1_425' title='bbox 666 4301 751 4352; x_wconf 84' lang='lat' dir='ltr'>Brest.</span> <span class='ocrx_word' id='word_1_426' title='bbox 828 4301 885 4351; x_wconf 76' lang='lat'>¹13.</span> <span class='ocrx_word' id='word_1_427' title='bbox 898 4302 1004 4351; x_wconf 84' lang='lat' dir='ltr'>domini.</span> <span class='ocrx_word' id='word_1_428' title='bbox 1083 4299 1138 4352; x_wconf 83' lang='lat' dir='ltr'>⁸T.</span> <span class='ocrx_word' id='word_1_429' title='bbox 1151 4301 1180 4350; x_wconf 84' lang='lat' dir='ltr'>E.</span> <span class='ocrx_word' id='word_1_430' title='bbox 1192 4301 1414 4364; x_wconf 74' lang='lat' dir='ltr'>perniciosissima</span> 
     </span>
     <span class='ocr_line' id='line_1_46' title="bbox 269 4365 1415 4431; baseline 0.003 -15"><span class='ocrx_word' id='word_1_431' title='bbox 269 4371 339 4418; x_wconf 79' lang='lat' dir='ltr'>⁰om.</span> <span class='ocrx_word' id='word_1_432' title='bbox 357 4368 493 4418; x_wconf 88' lang='lat' dir='ltr'>nT.Bodl.</span> <span class='ocrx_word' id='word_1_433' title='bbox 552 4368 767 4418; x_wconf 62' lang='lat' dir='ltr'>tasateuiubus.</span> <span class='ocrx_word' id='word_1_434' title='bbox 825 4366 896 4418; x_wconf 72' lang='lat' dir='ltr'>‘vie</span> <span class='ocrx_word' id='word_1_435' title='bbox 905 4368 971 4418; x_wconf 84' lang='lat' dir='ltr'>adds</span> <span class='ocrx_word' id='word_1_436' title='bbox 979 4374 1006 4418; x_wconf 90' lang='lat' dir='ltr'>et</span> <span class='ocrx_word' id='word_1_437' title='bbox 1014 4367 1131 4431; x_wconf 85' lang='lat' dir='ltr'>pedibus.</span> <span class='ocrx_word' id='word_1_438' title='bbox 1191 4365 1415 4421; x_wconf 66' lang='lat' dir='ltr'>&#39;sessiacum</span> 
     </span>
    </p>
   </div>
   <div class='ocr_carea' id='block_1_4' title="bbox 0 0 1518 4894">
    <p class='ocr_par' dir='ltr' id='par_1_7' title="bbox 0 0 1518 4894">
     <span class='ocr_line' id='line_1_47' title="bbox 0 0 1518 4894; baseline 0 6"><span class='ocrx_word' id='word_1_439' title='bbox 0 0 1518 4894; x_wconf 95' lang='lat' dir='ltr'> </span> 
     </span>
    </p>
   </div>
  </div>
 </body>
</html>
