3064 4882
389 317 465 412 Di
488 316 652 408 &unctu
677 317 895 430 Qubba.
1158 325 1222 396 161

84 513 243 573 cedendum
255 518 396 592 turpiter,
409 529 459 576 aut
471 519 640 594 periculose
652 521 838 578 certandum.
874 519 936 577 Sed
952 517 1004 593 qui
1021 536 1056 577 se
1072 525 1225 592 pastorem

83 610 109 656 et
126 619 184 660 non
201 606 428 666 mercenarium
446 609 636 679 agnoscebat,
654 607 743 680 elegit
762 616 842 665 stare
863 625 953 682 quam
973 606 1086 681 lugere,
1105 614 1227 680 paratus

83 688 205 747 animam
229 709 322 751 suam
348 695 421 752 dare
440 711 495 768 pro
516 695 641 752 ouibus¹
660 695 731 753 suis.
770 695 808 752 Et
828 713 1010 769 quamquam
1029 713 1136 752 omnes
1155 693 1227 767 lupi,

83 783 110 831 et
126 795 197 835 oues
209 781 313 852 nulle;
334 782 416 840 stetit
433 782 465 840 in
483 783 584 840 medio
599 791 700 841 tamen
718 783 857 856 luporum
867 784 878 816 ¹
890 792 993 857 pastor
1006 782 1184 856 intrepidus,
1197 791 1227 838 et

81 864 174 935 cepit³
187 885 320 928 monere
328 871 339 902 ⁴
348 871 555 940 communiter,
565 879 682 928 secreto
694 888 831 944 arguere,
841 870 915 929 flere
927 888 985 945 per
992 870 1136 943 singulos,
1147 885 1226 926 nune
1241 883 1255 936 5

82 965 182 1024 aspere
208 973 293 1014 nunc
319 958 428 1015 leniter
453 957 638 1030 [conuenire]
647 957 666 1029 ⁵,
691 967 780 1032 prout
803 958 910 1032 cuique
936 958 1079 1031 expedire
1098 958 1226 1015 videbat.

83 1037 234 1113 inquibus
247 1063 320 1102 cum
334 1047 434 1103 minus
447 1063 503 1119 per
519 1046 596 1102 hoc⁸
610 1046 795 1119 profecisset,
808 1063 860 1102 cor
872 1046 1032 1104 contritum
1044 1053 1074 1102 et
1090 1045 1227 1102 humilia·

82 1135 140 1184 tum
169 1131 320 1189 offerebat
351 1150 406 1206 pro
436 1133 489 1202 eis,
514 1143 618 1191 noctes
647 1142 726 1190 totas
757 1133 918 1206 peruigiles
943 1133 1038 1204 duxit,
1063 1149 1170 1189 manus
1195 1133 1226 1188 in

82 1216 207 1274 oratione
227 1221 409 1278 extendens.
447 1221 570 1278 Etcum
585 1220 692 1278 venire
709 1221 748 1278 ad
766 1220 923 1278 ecclesiam
942 1221 1063 1288 nollent,
1076 1237 1133 1294 per
1143 1219 1227 1276 vicos

82 1313 108 1356 et
130 1304 245 1376 plateas
271 1311 457 1377 occurrebat,
477 1308 624 1366 anelans⁷
647 1325 739 1384 quem
760 1307 880 1366 Christo
902 1309 1078 1382 acquireret.
1115 1307 1177 1365 Sed
1197 1317 1226 1365 et
1246 1329 1274 1365 10

82 1387 148 1447 loris
165 1410 237 1450 rura
256 1395 452 1452 nibilominus
471 1404 501 1453 et
517 1395 608 1470 opida
631 1396 735 1469 sepius
755 1397 956 1468 percurrebat,
970 1412 1037 1452 cum
1054 1404 1158 1452 sancto
1177 1395 1228 1451 illo

83 1479 216 1538 comitatu
241 1483 460 1556 discipulorum
485 1501 609 1542 suorum
634 1484 685 1557 qui
709 1500 862 1557 nunquam
889 1484 1013 1540 deerant
1040 1483 1125 1540 lateri
1154 1483 1229 1540 eius.

84 1563 142 1623 Ibat
171 1579 202 1626 et
233 1571 396 1644 errogabat
425 1571 474 1630 vel
504 1571 630 1644 ingratis
659 1571 780 1628 celestis
810 1570 898 1628 tritici
930 1587 1113 1628 mensuram.
1164 1571 1227 1628 Nec

83 1654 245 1714 vehebatur
275 1675 364 1732 equo,
394 1660 450 1716 sed
479 1660 575 1732 pedes
602 1659 671 1727 ibat,
695 1676 729 1716 se
757 1658 787 1715 in
818 1658 875 1715 hoc
898 1657 997 1715 virum
1028 1657 1226 1731 apostolicum

84 1743 218 1812 probans.
272 1745 505 1819 Blasphematus
535 1747 721 1816 obsecrabat,
750 1745 908 1802 iniuriatus
935 1755 1054 1802 scutum
1085 1745 1229 1818 patientie
1245 1765 1273 1816 ¹5

84 1834 263 1915 opponebat,
282 1843 314 1890 et
329 1833 466 1892 vincebat
488 1835 518 1891 in
542 1836 622 1891 bono
638 1834 760 1891 malum.
797 1833 954 1891 Cessauit⁸
969 1833 1092 1890 tandem
1110 1831 1229 1904 duritia,

84 1916 190 1988 quieuit
216 1921 392 1979 barbaries:
418 1921 603 1996 recipiuntur
626 1922 738 1994 vbique
766 1920 967 1978 ecclesiastice
987 1920 1229 1990 consuetudines,

85 2007 230 2064 contrarie
249 2007 431 2079 reficiuntur,
444 2009 656 2067 reedificantur
671 2008 804 2073 basilice,
819 2007 975 2064 ordinatur
994 2007 1095 2064 clerus
1114 2007 1144 2064 in
1163 2007 1230 2076 illis,

84 2105 339 2154 sacramentorum
363 2097 532 2170 solempnia
555 2097 612 2154 rite
636 2098 834 2164 celebrantur,
853 2095 1058 2152 consessiones
1083 2095 1166 2164 fiunt,
1191 2096 1230 2152 ad

85 2181 242 2239 ecclesiam
262 2183 445 2241 conueniunt
462 2184 588 2258 plebes;
609 2193 762 2256 postremo
780 2183 823 2241 sic
843 2191 955 2241 mutata
976 2191 1046 2240 sunt
1068 2182 1099 2239 in
1121 2182 1229 2239 melius
1245 2198 1277 2236 so

86 2270 190 2338 onnia,
206 2280 241 2327 vt
259 2271 349 2328 hodie
367 2271 409 2327 illi
428 2271 511 2345 genti
529 2271 688 2328 conueniat
702 2272 782 2344 quod
801 2271 942 2328 dominus
959 2288 1015 2344 per
1033 2269 1232 2344 prophetam⁹

86 2354 172 2414 dixit:
193 2357 274 2428 ‘Qui
291 2367 362 2416 ante
380 2375 441 2416 non
460 2359 589 2432 populus
607 2375 703 2429 meus,
723 2377 803 2415 nunc
821 2359 950 2431 populus
971 2360 1073 2415 meus!
1145 2344 1231 2416 Con·

85 2441 146 2514 tigit
165 2454 235 2516 post
255 2462 352 2502 annos
371 2445 482 2519 aliquot
502 2446 617 2503 destrui
638 2445 789 2503 ciuitatem
808 2463 827 2502 a
844 2463 916 2518 rege
937 2444 1118 2519 aquilonaris
1137 2445 1230 2518 partis

87 2527 253 2589 Hibernis:
283 2543 315 2590 et
346 2532 517 2604 Malachias,
549 2533 728 2592 necessitate
758 2535 941 2606 compulsus,
965 2549 1034 2590 eum
1059 2533 1146 2589 turba
1170 2532 1232 2589 dis-

85 2616 250 2689 cipulorum
269 2637 394 2678 suorum
411 2621 492 2692 exiit,
505 2638 632 2678 numero
651 2629 771 2678 centum
789 2621 894 2695 viginti
913 2620 1048 2690 fratrum,
1064 2630 1093 2677 et
1110 2637 1231 2677 monas·
1245 2635 1275 2686 ²5

86 2706 192 2763 terium
213 2707 390 2766 Ybracense
414 2707 589 2766 construxit.
627 2707 672 2765 lbi
697 2707 825 2766 occurrit
843 2708 870 2766 ei
890 2707 1069 2766 Cormarcus
1088 2706 1230 2780 rex-qui

86 2793 152 2850 olim
171 2812 269 2869 regno
287 2795 393 2868 pulsus
415 2796 471 2854 sub
491 2813 563 2854 cura
584 2795 731 2852 Malachie
750 2797 789 2853 de
807 2795 1011 2852 misericordia
1029 2794 1077 2851 dei
1096 2794 1232 2851 consola-

88 2880 197 2940 tionem
219 2883 406 2956 accepit-se
427 2893 457 2940 et
480 2901 537 2941 sua
559 2885 660 2940 omnia
681 2901 839 2957 exponens
855 2883 899 2955 ei;
929 2892 959 2940 et
980 2882 1120 2939 animalia
1139 2883 1232 2938 multa

88 2969 123 3024 ad
143 2987 218 3028 vsus
244 2971 565 3045 innumerarumque
584 2981 616 3028 et
637 2981 795 3045 argentum
819 2973 857 3029 ad
882 2979 1020 3045 sumptus
1045 2969 1231 3028 edificiorum

89 3057 166 3128 regia
185 3058 364 3117 liberalitate
380 3059 513 3128 contulit,
526 3059 650 3116 sedulus
668 3067 699 3116 et
720 3058 874 3116 officiosus
891 3058 1008 3115 intrans
1027 3075 1095 3114 curn
1114 3057 1159 3114 eis
1170 3057 1190 3090 ¹⁰
1202 3065 1232 3114 et
1247 3075 1279 3125 30

89 3143 200 3215 exiens,
222 3145 325 3204 habitu
334 3145 353 3178 ¹¹
371 3147 493 3220 quidem
517 3163 581 3214 rex,
606 3147 661 3202 sed
684 3145 784 3202 animo
809 3145 973 3219 discipulus
994 3143 1148 3202 Malachie.
1186 3143 1231 3201 Ibi

88 3247 156 3288 vero
173 3233 223 3290 vir
240 3233 290 3290 dei
310 3235 342 3290 in
364 3233 470 3291 ordine
489 3233 562 3290 vicis
581 3251 645 3304 sue,
658 3233 785 3306 coquine
807 3233 973 3291 ministerio
991 3231 1183 3300 inseruiebat,
1202 3240 1233 3289 et

89 3315 228 3378 iratribus
248 3339 317 3378 cum
339 3321 551 3380 recumberent
574 3320 778 3396 ministrabat3
804 3327 834 3378 et
858 3321 889 3377 in
909 3319 1045 3390 ecclesia,
1067 3320 1145 3378 inter
1165 3338 1232 3378 suc-

87 3407 229 3465 cedentes
250 3407 308 3466 sibi
329 3409 459 3466 inuicem
481 3407 588 3466 iratres
606 3409 644 3465 ad
663 3409 844 3465 cantandum
862 3408 912 3466 vel
929 3409 1099 3481 legendum,
1118 3426 1178 3465 non
1197 3425 1232 3465 se

88 3495 226 3564 preteriri
250 3496 427 3569 patiebanu,
451 3505 575 3553 strenue
598 3495 729 3569 implens
753 3494 884 3552 officium
911 3496 978 3552 loco
1008 3513 1063 3552 suo
1090 3505 1231 3569 tanquam
1245 3513 1276 3563 35

87 3599 162 3640 vnus
192 3601 234 3642 ex
262 3583 337 3653 illis;
364 3591 468 3640 sancte
491 3583 676 3656 paupertatis
700 3599 761 3640 non
786 3584 885 3642 solum
912 3583 1098 3656 participem,
1123 3583 1177 3640 sed
1203 3592 1232 3640 et

88 3669 254 3744 principem
268 3671 314 3744 [se
334 3671 355 3704 ¹²
366 3670 536 3728 exhibebat.
574 3657 712 3743 Contigit
724 3679 824 3727 autem
838 3671 1097 3744 archiepiscopum
1110 3671 1232 3727 Celsum

89 3755 239 3828 infirmari,
261 3767 292 3815 et
316 3757 454 3832 cognouit
475 3757 546 3831 quia
566 3766 753 3816 moreretur:
779 3766 809 3815 et
827 3757 896 3815 iecit
915 3757 1000 3831 quasi
1018 3766 1232 3815 testamentum

89 3853 118 3899 vt
148 3843 314 3904 Malachias
343 3845 400 3903 sibi
429 3846 615 3914 succederet,
640 3863 676 3902 eo
700 3847 780 3918 quod
805 3845 904 3902 nullus
928 3845 1047 3919 dignior
1071 3845 1231 3902 videretur.

91 3929 155 3990 Hoc
171 3933 365 4006 presentibus
382 3931 497 4004 indixit,
511 3933 567 3989 hoc
585 3933 759 3990 absentibus
777 3931 938 4002 mandauit,
956 3941 986 3990 et
1003 3932 1098 3989 sancti
1114 3929 1233 3989 Patricii
1246 3947 1280 3999 4ο

89 4021 259 4078 auctoritate
268 4020 413 4094 precepit.
438 4018 552 4078 Verum
563 4037 630 4077 mos
639 4020 791 4094 pessimus
799 4020 962 4077 inoleuerat
974 4020 1161 4093 quorundam
1171 4019 1233 4076 dia·

89 4105 180 4166 bolica
192 4107 353 4166 ambitione
365 4107 582 4182 potentlumP',
594 4109 700 4165 sedem
709 4118 842 4165 sanctam
853 4107 1033 4166 hereditaria
1042 4107 1233 4166 successione

120 4263 172 4314 Ἐ
187 4265 314 4315 omnibus.
355 4263 547 4326 ’elopem
586 4263 646 4315 ἀἱ
659 4279 710 4316 om.
750 4263 805 4311 *Β
818 4279 931 4312 mouere.
973 4264 1029 4313 *so
1040 4263 1084 4323 T.;
1101 4279 1150 4314 om.
1165 4263 1192 4314 in
1204 4263 1233 4314 E.

88 4327 213 4380 ‘athee
256 4329 334 4382 'vie
348 4337 374 4379 et
387 4330 552 4392 perquirebat
562 4330 671 4378 anbelus
723 4329 780 4380 'al
794 4329 888 4378 Cessit.
939 4328 1036 4378 ’Osee
1048 4329 1074 4380 ii.
1086 4345 1126 4391 ²4·
1178 4330 1196 4360 ¹⁰
1213 4347 1232 4382 r.

89 4397 193 4447 cumeis
206 4396 311 4447 intrans.
346 4395 364 4426 ¹¹
382 4395 411 4446 E.
424 4395 517 4446 babitu.
551 4393 570 4425 ¹¹
587 4410 636 4444 om.
649 4393 719 4448 ins.
757 4395 777 4426 ¹³
793 4395 823 4444 T.
836 4395 866 4444 E.
877 4397 1232 4460 potenter..oocupsntium.

123 4496 188 4536 V01.
202 4495 234 4535 11.
644 4493 666 4534 ll
