3012 4898
280 315 355 411 De
379 314 543 406 &uncto
569 315 736 415 diona
760 318 1061 424 scutulatum.
1173 327 1245 420 '375

84 535 169 576 vero
188 518 313 576 Gilberti
332 519 461 578 famulus
480 521 566 594 quasi
584 523 622 579 ad
641 523 844 595 spectaculum
863 542 932 582 cum
951 524 1059 582 ceteris
1076 541 1247 598 accurrens,

86 624 163 664 cum
176 607 303 681 propius
315 610 462 666 accedens
472 627 540 666 eam
551 619 755 682 cognosceret,
764 629 832 668 cum
842 611 1032 669 festinatione
1044 615 1082 670 ad
1092 613 1247 670 dominum

86 712 183 752 suum
207 695 303 766 rediit,
325 706 355 752 et
376 697 533 754 admiraldi
555 697 647 755 filiam
667 697 837 769 aduenisse,
857 716 947 772 quam
968 701 1066 757 cuncti
1086 711 1248 774 sequentes

85 783 327 852 admirabantur,
346 783 513 841 nunciauit.
556 785 644 856 Quod
669 802 738 842 cum
762 786 815 842 vix
838 787 959 844 tandem
985 789 1109 844 credere
1134 798 1246 861 posset,

89 870 247 929 Richardo
264 872 351 929 iussit
366 873 404 928 ad
418 873 568 945 quandam
585 882 752 930 matronam
765 872 793 931 ei
805 875 933 930 vicinam
949 875 1079 948 puellam
1096 876 1246 933 adducere
1260 885 1275 938 ε

87 969 126 1016 et
150 960 315 1018 honorilice
337 960 364 1017 ei
389 960 420 1016 in
445 961 584 1018 omnibus
608 960 787 1018 ministrare.
831 961 908 1018 Cum
933 971 1033 1019 autem
1060 962 1246 1020 Richardum

85 1048 194 1120 puella
210 1047 326 1105 videret
342 1057 374 1105 et
391 1065 461 1104 eum
478 1057 664 1121 agnosceret,
681 1065 752 1106 mox
771 1049 856 1123 quasi
876 1059 993 1107 mortua
1011 1052 1125 1120 cecidit,
1143 1051 1246 1108 iacens

87 1135 125 1192 in
139 1135 235 1193 extasi
252 1135 404 1208 resupina.
440 1137 491 1192 Ab
503 1135 552 1192 illa
565 1136 674 1194 mentis
688 1137 868 1194 alienatione
879 1139 1002 1194 tandem
1015 1140 1053 1195 ad
1066 1155 1100 1195 se
1113 1154 1245 1209 reuersa,

86 1225 257 1280 addictam
275 1233 451 1292 matronam,
468 1224 545 1281 sicut
561 1225 678 1281 iussum
695 1225 799 1294 iuerat,
812 1225 977 1282 adducitur.
1014 1225 1144 1299 Contigit
1162 1225 1245 1282 enim

87 1323 230 1384 tempore
245 1312 295 1368 illo
311 1312 342 1367 in
355 1312 482 1369 ecclesia
501 1312 596 1369 saneti
610 1310 692 1368 Pauli
711 1329 767 1369 sex
785 1312 945 1385 episcopos
963 1313 1048 1386 regni
1068 1323 1098 1370 et
1117 1314 1245 1371 ecclesie
1261 1333 1292 1370 ro

90 1399 214 1471 negotia
237 1415 298 1454 non
323 1415 429 1471 parum
455 1399 548 1455 ardua
573 1407 775 1471 pertractare:
802 1399 911 1471 quibus
933 1399 1087 1456 Gilbertus
1112 1417 1180 1456 cum
1202 1401 1245 1458 rei

87 1493 178 1556 geste
195 1481 334 1540 ordinem
352 1481 486 1539 seriatim
505 1483 705 1555 exposuisset,
718 1499 791 1539 mox
809 1482 1001 1539 cicestrensis
1020 1483 1182 1556 episcopus
1200 1483 1245 1540 in·

90 1569 264 1628 dubitanter
275 1569 414 1640 asseruit,
428 1570 504 1626 hanc
516 1571 702 1627 vocationem
715 1587 776 1626 non
789 1570 952 1627 humanam
971 1572 1026 1627 sed
1039 1570 1139 1644 potius
1151 1571 1246 1629 fuisse

90 1656 236 1726 diuinam,
258 1667 288 1715 et
312 1657 463 1730 magnifici
486 1658 587 1731 operis
612 1657 728 1730 prolem
748 1657 905 1726 edituram,
925 1657 1011 1715 cuius
1035 1659 1192 1716 sanctitate
1214 1668 1245 1716 ct

90 1747 195 1802 labore
219 1745 398 1802 uniuersalis
429 1755 511 1803 esset
541 1744 669 1803 ecclesia
696 1746 735 1801 ad
760 1745 871 1802 Christi
896 1745 1023 1816 gloriam
1047 1745 1244 1804 sublimanda.
1260 1763 1289 1814 ¹5

90 1833 230 1907 Cumque
245 1834 373 1889 adducta
389 1831 489 1905 puella
506 1832 742 1906 interrogaretur
758 1850 814 1906 per
827 1832 1021 1902 Richardum,
1034 1849 1139 1892 eorum
1153 1833 1245 1890 inter-

89 1930 220 1994 pretem,
240 1921 267 1976 si
286 1919 376 1977 vellet
397 1919 549 1993 baptizari,
568 1920 741 1992 respondit:
768 1919 885 1977 ‘Huius
905 1921 948 1977 rei
969 1937 1059 1977 causa
1081 1937 1099 1976 a
1120 1921 1244 1979 remotis

90 2007 256 2082 prouinciis
274 2008 332 2065 huc
350 2008 468 2078 adueni,
482 2009 645 2064 dummodo
658 2007 809 2065 Gilbertus
820 2007 946 2065 voluerit
964 2007 1038 2064 mihi
1053 2008 1244 2065 matrimonio

89 2094 242 2168 copulari.’
279 2095 434 2167 Baptizata
454 2097 553 2168 itaque
574 2096 683 2169 puella,
703 2094 835 2152 Matildis
852 2102 984 2166 vocatur,
1004 2104 1035 2152 et
1056 2095 1190 2152 Gilberto
1212 2095 1243 2152 in

89 2183 264 2257 coniugium
280 2183 412 2253 traditur,
426 2183 558 2241 breuiter
575 2192 676 2240 tamen
695 2183 733 2240 de
751 2183 811 2240 fide
830 2181 974 2240 catholica
992 2183 1076 2255 prius
1094 2183 1244 2240 instructa
1259 2202 1290 2240 ιο

91 2271 195 2328 Prima
210 2271 291 2328 enim
307 2271 434 2328 carnalis
451 2271 556 2344 copule
574 2279 660 2328 nocte
677 2279 814 2327 sanctum
827 2271 985 2339 Thomam,
999 2271 1131 2328 futurum
1150 2271 1244 2328 archi·

89 2358 269 2432 episcopum
288 2368 317 2415 et
339 2358 499 2428 martirem,
518 2367 695 2432 genuerunt.
732 2357 768 2414 ln
787 2359 917 2415 crastino
938 2376 1010 2416 vero
1031 2359 1182 2416 Gilbertus
1205 2361 1243 2416 ad

89 2457 203 2504 terram
217 2455 350 2503 sanctam
363 2455 444 2502 tanto
457 2446 607 2503 desiderio
620 2446 791 2502 reuertendi
807 2447 997 2517 afficiebatur,
1011 2448 1091 2520 quod
1104 2445 1244 2520 suspiriis

88 2533 218 2608 agitatus
230 2534 345 2591 vultum
366 2533 453 2590 solito
466 2535 658 2606 pretenderet
671 2531 840 2592 tristiorem.
877 2534 1032 2608 Cogitabat
1048 2534 1128 2592 enim
1140 2534 1243 2592 vxoris

89 2639 200 2680 sexum
217 2621 362 2694 fragilem,
375 2629 485 2678 etatem
498 2630 641 2689 teneram,
655 2620 786 2694 linguam
804 2621 945 2694 ignotam,
957 2631 987 2678 et
1005 2639 1060 2695 per
1076 2623 1244 2679 absentiam
1258 2639 1288 2690 ²5

88 2727 179 2768 suam
196 2708 327 2783 pericula
346 2709 473 2782 proinde
491 2725 551 2765 non
570 2725 664 2781 parua
683 2709 781 2765 eidem
803 2711 841 2766 de
862 2708 939 2767 sacili
961 2709 1121 2782 prouenire
1144 2727 1243 2782 posse.

88 2798 264 2854 Aduertens
277 2805 376 2853 autem
388 2813 465 2853 vxor
476 2795 591 2852 vultum
603 2794 700 2851 mariti
715 2797 746 2851 in
760 2795 888 2852 diuersis
901 2805 1055 2865 mutatum,
1068 2813 1137 2853 cum
1151 2797 1244 2854 multa

87 2901 217 2960 precum
235 2882 375 2942 instantia
393 2882 515 2940 tristicie
533 2899 655 2940 causam
674 2885 712 2940 ab
731 2901 768 2939 eo
786 2885 907 2940 tandem
925 2884 1057 2940 extorsit
1095 2883 1161 2955 Que
1173 2894 1243 2941 voto

87 2989 147 3030 suo
160 2989 221 3028 non
238 2973 336 3029 solum
352 2971 463 3041 annuit,
477 2971 569 3027 immo
586 2970 701 3044 rogauit
713 2979 752 3038 vt,
766 2988 942 3044 quocunque
954 2972 1042 3028 modo
1056 2987 1110 3028 suo
1123 2971 1243 3044 placere

89 3069 195 3134 posset
219 3057 370 3127 conditori,
395 3059 476 3116 nulla
499 3059 538 3114 de
563 3075 599 3114 ea
622 3057 723 3114 habita
746 3057 992 3128 consideratione,
1014 3067 1075 3114 tam
1099 3068 1241 3132 prompte
1258 3084 1289 3134 ³0

87 3148 324 3220 exsequeretur¹
337 3163 427 3220 quam
444 3148 562 3202 deuote.
599 3145 722 3218 ‘Spera
736 3144 839 3218 inquit,
853 3145 979 3202 firmiter
995 3155 1025 3202 et
1042 3147 1080 3202 de
1098 3147 1156 3202 deo
1176 3163 1244 3203 meo

87 3245 207 3294 tantum
225 3234 343 3291 confido
361 3234 412 3308 qui
430 3236 468 3290 ad
487 3232 667 3306 agnitionem
684 3231 814 3288 nominis
832 3232 878 3289 sui
896 3249 946 3289 me
964 3232 1089 3302 uocauit,
1104 3234 1195 3305 quod,
1212 3241 1243 3292 te

87 3323 181 3382 etiam
203 3323 336 3392 absente,
356 3321 430 3394 [me]
454 3338 514 3378 non
533 3322 661 3390 deseret,
681 3321 744 3389 sed,
763 3321 838 3377 sicut
860 3319 944 3394 prius
965 3321 1037 3377 dum
1059 3319 1159 3393 ipsum
1182 3337 1242 3378 non

87 3426 296 3483 agnoscerem,
316 3409 456 3466 intactam
477 3411 515 3464 ab
540 3407 622 3464 omni
644 3407 777 3480 periculo
799 3408 997 3465 conseruabit
1034 3407 1164 3466 Tantum
1186 3425 1243 3482 pro

88 3497 196 3556 solatio
216 3496 421 3554 Richardum²
439 3495 511 3552 mihi
530 3494 675 3567 relinque,
695 3494 746 3568 qui
765 3494 865 3568 lingua
885 3511 952 3551 mea
971 3495 1116 3565 eruditus,
1134 3494 1242 3554 ceteris
1257 3520 1288 3572 35

88 3585 200 3643 melius
213 3583 286 3641 mihi
299 3583 416 3641 nouerit
430 3583 615 3640 ministrare!
654 3581 805 3640 Gilbertus
818 3581 908 3656 igitur
917 3583 994 3639 lctus
1007 3583 1141 3654 effectus,
1151 3600 1242 3658 quam

89 3674 180 3731 citius
201 3680 320 3746 poterat
339 3671 573 3728 Hierosolimam
591 3669 744 3743 profectus
762 3679 818 3728 est.
862 3669 933 3726 Post
951 3679 1013 3727 tres
1032 3687 1128 3728 annos
1146 3681 1177 3728 et
1197 3671 1242 3729 di-

88 3760 214 3818 midium
227 3758 356 3829 rediens,
365 3767 396 3816 et
407 3758 502 3816 filium
516 3775 604 3815 suum
611 3757 759 3814 Thomam
772 3757 886 3814 cunctis
898 3757 1062 3830 gratiosum
1075 3759 1243 3829 inueniens,

88 3865 159 3907 cum
172 3865 267 3905 vxore
285 3864 340 3905 sua
355 3863 413 3920 per
429 3846 541 3920 aliquot
558 3862 654 3902 annos
673 3844 861 3903 laudabiliter
871 3844 953 3915 vixit,
966 3854 996 3902 et
1008 3844 1099 3901 vitam
1117 3844 1243 3902 feliciter

88 3934 319 3994 consummauit.
380 3921 517 3992 ⁸Beatus
530 3931 619 4006 igitur
629 3932 770 4003 Thomas,
779 3931 983 3990 londoniensis
995 3931 1078 3988 vrbis
1091 3931 1240 4005 indigena,
1254 3949 1288 3999 40

88 4031 249 4098 parentum
272 4021 466 4080 mediocrium
487 4021 589 4094 proles
609 4020 742 4090 illustris,
763 4037 782 4076 a
802 4019 910 4093 primis
931 4019 1131 4077 adolescentie
1153 4019 1241 4077 annis

87 4111 185 4186 vatia
206 4109 364 4184 multiplici
383 4109 493 4167 ditatus
514 4118 568 4166 est
610 4107 682 4165 Erat
703 4107 784 4165 enim
806 4116 919 4164 statura
940 4124 1093 4180 procerus,
1113 4108 1240 4164 decorus

89 4201 194 4268 forma,
207 4197 328 4270 ingenio
340 4197 508 4270 perspicax,
521 4194 617 4254 dulcis
633 4204 664 4253 et
680 4195 825 4252 iucundus
837 4194 954 4268 eloquio
965 4213 973 4264 ;
992 4193 1189 4268 morigeratus
1201 4195 1240 4250 ad

88 4285 275 4360 exemplum,
286 4287 421 4359 prudens
439 4285 477 4342 ad
496 4283 682 4359 sapientiam,
695 4282 858 4341 iuuenilem
872 4289 1060 4341 venustatem
1079 4281 1155 4340 facie
1171 4298 1241 4354 pre·

189 4399 198 4429 ¹
215 4399 245 4452 T.
259 4399 288 4450 E.
299 4408 491 4464 assequeretur.
556 4397 567 4428 ²
582 4398 612 4450 T.
624 4397 758 4449 ricardum.
823 4396 834 4427 ⁸
850 4396 891 4450 ct.
902 4395 953 4447 Vit.
965 4395 1001 4460 by
1011 4395 1072 4457 Joh.
1084 4395 1138 4448 Sal.
