3044 4894
446 284 523 378 Ut
546 282 710 373 &sotto
734 284 918 386 buitim.
1208 313 1254 382 23

103 484 177 543 bant
195 485 261 542 loca
278 485 411 544 solitaria
428 485 572 542 nonnulla
586 503 620 542 ac
638 486 759 543 deserta
776 485 808 542 in
826 494 907 543 terra
925 503 980 544 sua
996 486 1093 557 magis
1105 493 1181 558 apta,
1195 505 1254 561 que

102 573 250 630 voluntati
263 573 328 632 eius
341 574 477 647 exposita
486 575 649 630 aduentum
658 573 723 631 eius
732 576 938 647 expectabant.
966 574 1019 631 Ille
1032 574 1113 632 enim
1126 575 1253 631 naturali

103 677 207 718 amore
226 670 307 718 terre
326 679 381 718 sue
399 661 516 718 illectus
534 662 651 718 nunciis
666 661 846 720 fauorabiles
861 678 950 719 aures
968 662 1124 730 inclinans,
1141 671 1171 719 et
1190 679 1253 720 mo·

103 747 175 805 nitis
199 748 264 806 fere
285 749 490 822 acquiescens,
509 748 541 805 in
564 749 727 806 crastinum
752 759 852 806 tamen
877 750 957 822 quod
982 751 1039 806 deo
1063 750 1195 823 placeret
1219 767 1253 807 se

103 835 251 892 facturum
264 836 410 910 promisit
442 835 477 892 ln
490 845 578 894 nocte
586 854 658 893 vero
671 837 809 910 sequenti
822 837 914 894 multa
925 837 956 893 in
970 840 1070 894 animo
1083 838 1252 907 reuoluens,
1266 853 1281 906 5

102 931 134 979 et
146 923 218 997 quid
231 923 289 980 sibi
300 924 403 981 utilius
415 924 491 980 soret
506 923 659 996 ignorans,
672 925 709 980 ad
726 941 846 980 crucem
858 924 889 980 in
903 924 967 980 eius
980 925 1109 981 oratorio
1122 933 1253 982 erectam

103 1027 271 1068 conuersus
283 1028 352 1067 cum
366 1011 529 1085 lachrymis
541 1029 628 1068 orare
641 1011 720 1085 cepit
732 1012 855 1068 dicens:
874 1011 1020 1069 ‘Domine
1032 1011 1122 1069 lhesu
1132 1012 1253 1070 Christe

103 1098 146 1154 fili
162 1098 212 1155 dei
230 1098 299 1169 viui,
318 1099 369 1172 qui
387 1099 476 1172 primi
496 1098 627 1154 hominis
646 1097 762 1155 minam
780 1098 902 1171 gloriosi
922 1099 1076 1172 sanguinis
1091 1098 1133 1156 tui
1151 1099 1252 1171 precio

103 1203 259 1258 reparans,
280 1203 298 1242 a
318 1185 573 1260 supercelestibus
594 1187 632 1242 ad
654 1195 767 1242 terram
789 1186 976 1243 descendere
1000 1186 1138 1260 dignatus
1158 1203 1201 1255 es,
1222 1196 1252 1244 et

101 1289 227 1329 carnem
240 1290 364 1330 sumens
377 1275 415 1330 de
428 1273 554 1345 virgine,
564 1273 693 1330 hostiam
706 1290 762 1345 pro
776 1273 983 1346 redemptione
995 1274 1116 1346 generis
1129 1273 1252 1331 humani
1267 1291 1298 1326 ιο

101 1360 244 1428 obtulisti,
264 1369 295 1417 te
316 1362 416 1430 adoro,
436 1370 466 1418 te
490 1361 606 1431 inuoco,
632 1360 773 1433 quatinus
798 1359 888 1416 michi
912 1361 1061 1434 peccatori
1086 1371 1117 1418 et
1141 1361 1252 1418 misero

101 1447 223 1521 pietatis
245 1457 275 1505 et
294 1447 495 1506 miserationis
517 1456 568 1504 tue
586 1463 647 1504 non
667 1448 744 1504 desit
764 1447 956 1521 suffragium
980 1457 1009 1505 et
1028 1449 1107 1521 quod
1127 1447 1251 1504 bonitati

100 1543 154 1592 tue
173 1535 261 1592 fuerit
280 1544 445 1609 acceptum,
458 1534 618 1592 temeritati
635 1551 703 1592 mee
721 1534 845 1609 spiritus
862 1544 932 1592 tuus
949 1536 1084 1608 aspirare
1096 1536 1251 1608 dignetur!

101 1622 171 1680 Hec
191 1633 221 1680 et
239 1624 296 1680 alia
314 1624 364 1680 illo
382 1639 451 1680 cum
466 1623 580 1696 gemitu
598 1631 628 1679 et
644 1622 808 1696 lachrymis
820 1632 1031 1695 prosequente,
1044 1623 1141 1680 crucis
1153 1623 1252 1695 imago

99 1711 132 1767 in
146 1727 238 1768 voces
250 1712 382 1768 resoluta
394 1711 541 1767 humanas
553 1710 708 1784 respondit
720 1709 825 1767 dicens
837 1730 843 1767 :
857 1710 990 1768 ‘Dilecte
1000 1711 1051 1780 mi,
1060 1710 1120 1766 iam
1133 1711 1250 1784 pridem
1266 1727 1296 1780 ¹5

98 1799 132 1855 in
146 1807 228 1855 terra
241 1797 402 1856 natiuitatis
415 1807 474 1868 tue,
487 1813 555 1855 cum
568 1798 659 1854 decor
672 1797 807 1854 mulieris
824 1805 854 1853 et
871 1797 1009 1854 nobilitas
1023 1807 1105 1854 tuam
1118 1807 1251 1855 mentem

98 1885 244 1955 alliceret,
263 1885 529 1943 misericorditera
547 1884 660 1958 nuptiis
678 1884 824 1952 reuocaui,
842 1885 953 1942 celeste
970 1885 1152 1942 desiderium
1169 1885 1251 1942 cordi

97 1983 153 2030 tuo
170 1973 291 2030 inserui.
328 1974 377 2030 Ab
396 1973 446 2029 illa
463 1973 544 2030 enim
561 1972 611 2028 die
628 1973 666 2028 ad
683 1973 896 2029 beatitudinem
909 1971 970 2029 vite
982 1973 1204 2045 predestinatus
1216 1990 1251 2030 es

98 2071 215 2132 eterne,
226 2071 256 2117 et
266 2061 298 2117 in
308 2061 384 2118 libro
393 2061 454 2118 vite
463 2077 574 2118 nornen
584 2069 669 2117 tuum
680 2059 824 2132 scriptum
837 2077 898 2116 non
911 2059 1060 2116 delebitur
1067 2059 1098 2116 in
1107 2061 1250 2116 seculum.

98 2148 236 2206 Vin'liter
247 2167 303 2222 age
316 2159 346 2206 et
358 2147 543 2205 confortetur
555 2165 606 2205 cor
618 2157 719 2217 tuum;
741 2146 773 2204 in
786 2147 833 2203 his
846 2165 904 2220 que
919 2147 1025 2220 cepisti
1038 2164 1210 2220 perseuera,
1220 2157 1250 2205 et
1265 2167 1296 2203 ao

98 2235 159 2292 loci
172 2236 260 2294 huius
273 2235 465 2293 solitudinem
476 2253 572 2308 usque
581 2235 619 2292 ad
629 2235 721 2292 linem
730 2234 790 2292 vite
800 2244 850 2290 tue
861 2235 1032 2292 nullatenus
1042 2234 1250 2307 derelinquas.¹

98 2323 178 2380 Cum
198 2323 280 2380 enim
303 2324 359 2380 hec
384 2323 533 2397 proferret
557 2323 666 2396 imago,
684 2331 826 2395 tanquam
854 2321 1004 2395 loquentis
1021 2321 1151 2379 hominis
1172 2321 1250 2379 labia

97 2411 219 2468 moueri
242 2411 429 2468 videbantur.
476 2409 531 2467 Vir
554 2419 655 2467 autem
679 2409 730 2466 dei
754 2426 822 2466 cum
847 2408 1009 2483 lachrymis
1032 2419 1062 2467 et
1087 2410 1249 2482 gratiarum

97 2497 218 2556 actione
231 2498 297 2556 solo
309 2507 486 2572 prostratus,
496 2498 602 2554 iterato
612 2496 691 2571 cepit
704 2497 845 2554 inuocare
858 2497 980 2555 dicens:
1000 2497 1147 2555 ‘Domine
1158 2497 1249 2556 lhesu

98 2587 222 2644 Christe
240 2587 323 2644 salus
342 2595 372 2643 et
391 2585 560 2658 redemptio
579 2601 654 2654 mea,
674 2601 746 2658 spes
764 2584 851 2642 vnica
869 2602 945 2654 mea,
958 2584 1026 2642 iube
1043 2585 1133 2642 etiam
1146 2595 1178 2642 vt
1193 2603 1249 2642 nec
1265 2603 1294 2654 ²5

97 2675 207 2732 voleus
220 2675 258 2731 ab
271 2675 327 2730 hac
344 2673 442 2731 insula
457 2673 626 2730 discedam!
664 2672 727 2729 Nec
745 2689 839 2742 mora,
851 2672 1017 2745 vigiliarum
1035 2683 1064 2730 et
1082 2673 1249 2730 orationum

98 2761 243 2820 instantia
260 2761 400 2834 fatigatus
417 2778 485 2818 cum
504 2760 606 2834 sopori
624 2761 761 2818 membra
779 2761 872 2826 daret,
885 2759 1042 2817 confestim
1056 2761 1141 2834 quasi
1159 2761 1250 2834 gladii

98 2851 227 2908 horrore
250 2866 421 2923 percussus,
442 2848 494 2905 vix
514 2848 686 2904 inchoatum
707 2863 870 2921 sompnum
891 2848 1110 2920 interrumpere
1129 2857 1249 2906 coactus

97 2947 155 2995 est
194 2937 335 2994 Manibus
347 2953 419 2994 vero
432 2937 470 2992 ad
487 2952 566 3010 genu
584 2935 711 3005 iniectis,
723 2935 902 3008 grauissima
917 2935 1093 3008 egritudinis
1112 2935 1250 2993 molestia

98 3025 139 3082 ibi
152 3043 187 3082 se
198 3033 309 3082 tactum
322 3025 469 3082 aduertit:
489 3041 548 3098 que
561 3026 599 3081 de
611 3024 660 3081 die
677 3024 708 3080 in
721 3024 800 3081 diem
814 3025 1003 3081 inualescens
1014 3023 1046 3080 in
1058 3025 1142 3098 ulcus
1154 3024 1249 3081 maxi-
1263 3040 1295 3089 30

97 3129 183 3170 mum
197 3113 340 3184 excreuit,
350 3122 381 3170 et
393 3112 494 3170 sanies
504 3112 636 3185 quotidie
648 3111 719 3169 inde
732 3129 791 3168 nou
805 3111 923 3169 modica
935 3111 1103 3182 emanauit3
1122 3111 1249 3170 interius

97 3203 223 3259 demum
248 3209 493 3274 computrescens
517 3201 644 3258 fetorem
670 3199 898 3257 intollerabilem
929 3199 1075 3257 exalabat.
1124 3199 1249 3273 Proprio

96 3299 201 3346 tamen
222 3289 326 3346 labore
346 3287 462 3358 vinens,
482 3298 512 3346 et
533 3287 705 3361 quotidiano
726 3287 811 3360 operi
833 3286 987 3356 insistens,
1008 3286 1138 3360 agellum
1160 3305 1249 3344 suum

97 3375 238 3445 excoluit,
262 3385 375 3432 terram
400 3393 461 3432 non
487 3375 553 3432 sine
577 3375 683 3432 baculo
706 3383 893 3432 sustentatus
915 3373 1064 3448 aperiens.
1113 3374 1249 3446 Cumque

98 3465 201 3538 operis
229 3463 371 3520 instantia
398 3461 536 3537 fatigatus
565 3463 780 3537 aliquantulum
809 3463 958 3536 respirare
982 3462 1072 3520 vellet
1096 3479 1114 3518 a
1138 3463 1248 3534 labore,
1262 3481 1295 3533 3⁵

100 3551 194 3624 lapidi
206 3550 353 3620 insidens,
365 3567 446 3624 genu
458 3551 627 3608 morbidum
645 3560 749 3608 contra
763 3551 859 3608 solem
877 3551 1056 3624 exponebat.
1092 3550 1176 3607 Tunc
1193 3569 1249 3624 pu·

96 3639 225 3696 tredinis
244 3638 421 3696 sublatentis
437 3639 591 3712 generatio
607 3655 708 3712 praua,
721 3639 869 3696 vermium
881 3638 1019 3695 videlieet
1036 3638 1130 3711 copia,
1146 3649 1250 3696 contra

98 3727 173 3783 solis
191 3727 331 3783 ardorem
350 3727 387 3782 ad
406 3726 556 3784 exteriora
574 3727 719 3784 scaturire
738 3725 825 3799 cepit.
864 3726 986 3783 Etcum
1003 3725 1162 3783 interram
1179 3743 1250 3799 pro-

97 3823 243 3888 repentes
268 3815 420 3884 caderent,
445 3813 624 3887 recolligens
648 3831 702 3870 cos
726 3813 817 3871 dixit:
850 3813 987 3884 ‘Redite
1012 3813 1116 3883 redite,
1139 3823 1170 3871 et
1194 3814 1248 3871 im·

97 3903 243 3958 mundam
265 3911 372 3958 nature
392 3909 493 3960 vestre
514 3901 670 3975 originem,
695 3919 755 3975 que
775 3919 831 3960 vos
851 3901 1038 3974 hereditabit,
1063 3902 1248 3960 consumite?
1261 3917 1294 3967 40

98 3989 191 4046 Dedit
210 3998 310 4046 autem
330 3989 471 4046 domiuus
486 3989 665 4062 agriculture
681 4007 737 4046 sue
753 3991 784 4046 in
796 3999 878 4047 terra
890 3990 983 4047 sterili
995 3989 1108 4046 snrctus
1121 3990 1249 4047 incredi-

97 4077 168 4134 bilis
186 4075 425 4147 incrementum
452 4084 482 4135 et
501 4085 612 4151 quanto
630 4077 728 4134 acrius
746 4086 776 4134 et
794 4077 993 4135 miserabilius
1010 4078 1055 4134 vis
1072 4076 1248 4150 egritudinis

97 4163 328 4222 inualitudinem
348 4163 484 4238 corporis
496 4166 687 4239 perurgebat,
701 4165 803 4222 hilaris
822 4173 924 4221 umen
937 4175 967 4222 et
986 4165 1017 4221 in
1031 4165 1113 4221 omni
1126 4165 1249 4222 tribula-

97 4252 189 4309 tionis
207 4251 346 4326 augustia
363 4253 421 4309 deo
439 4251 550 4326 gratias
568 4270 663 4326 agens
681 4269 805 4327 semper
820 4253 1024 4326 permanebat.
1095 4241 1155 4309 Vir
1166 4253 1248 4310 enim

98 4339 157 4398 iste
169 4355 231 4398 non
244 4341 342 4398 solum
355 4339 509 4414 presentia
521 4349 551 4398 et
562 4357 659 4415 prope
671 4339 776 4415 posita,
790 4342 844 4399 sed
856 4340 947 4398 etiam
960 4339 1058 4398 sutura
1070 4347 1101 4399 et
1112 4341 1249 4400 absentia
