3036 4878
82 303 371 379 manamaur]
408 286 607 387 intentio
632 284 942 390 &138ssssssstss
1173 307 1240 382 73Ι

88 489 203 548 Christi
216 509 300 546 uoces
312 501 412 547 tonant
424 509 475 562 per
486 493 590 548 nubila
621 494 778 548 Edwardus
790 509 839 547 rex
851 491 912 562 ipse
922 501 948 547 et
962 507 1060 561 regum
1069 489 1246 556 iustissimus,

86 587 176 631 tanta
200 575 334 630 uirtutum
359 575 503 631 celestium
527 577 653 632 nouitate
673 588 824 647 pennotus,
846 577 938 630 locum
960 575 1037 630 illum
1057 573 1246 644 multipliciter

87 659 254 724 honorauit‚
267 670 296 714 et
309 658 429 714 diuersis
441 659 630 715 oblationibus
643 660 752 715 ditauit.
790 661 834 714 Ita
846 660 987 729 gaudente
1000 669 1081 723 terra,
1094 658 1246 712 resultante

89 744 172 814 polo,
183 743 214 798 fit
226 742 291 797 cleri
306 754 333 797 et
347 743 436 813 plebis
449 760 601 798 concursus
613 743 709 809 maior,
719 743 830 798 diuersa
842 742 946 797 martiri
960 742 1111 797 offeruntur
1120 741 1245 808 donaria,

91 827 158 881 auri
185 826 349 896 argentique
372 821 484 882 necno'n
506 837 533 881 et
557 827 675 881 aliarum
696 827 851 897 specierum
873 825 1002 894 ingentes
1024 825 1126 880 cumuli
1146 842 1275 896 conge-5

91 920 213 978 runtur;
233 921 376 979 gestorum
387 911 463 965 fama
475 911 546 964 fines
559 909 637 980 regni
654 920 790 980 penetrat,
808 920 837 965 et
856 926 905 979 per
921 918 1011 962 totum
1026 925 1127 979 corpus
1144 909 1246 979 anglici

92 993 176 1050 orbis
186 995 221 1048 de
231 1011 305 1048 noua
315 993 476 1049 inuentione
485 994 606 1048 martiris
615 991 710 1048 suauis
720 995 791 1048 odor
799 992 904 1048 Christi
914 991 1084 1046 diffunditur.
1115 993 1247 1063 Denique

92 1095 155 1134 non
168 1079 260 1132 solum
273 1077 309 1132 de
326 1077 396 1132 locis
414 1076 441 1132 ei
458 1077 607 1146 contiguis,
622 1076 672 1131 sed
685 1087 713 1131 et
725 1077 761 1131 de
773 1076 887 1132 remotis
903 1074 1007 1144 Anglie
1025 1075 1151 1145 partibus
1170 1077 1247 1130 omni

94 1179 175 1216 anno
196 1161 271 1216 circa
294 1160 397 1215 festum
421 1162 613 1230 apostolorum
633 1160 707 1215 Petri
732 1170 760 1215 et
780 1160 858 1214 Pauli
881 1157 1016 1228 languidi,
1038 1159 1198 1214 moribundi
1219 1170 1247 1214 et

96 1244 208 1299 debiles
224 1243 361 1298 innumeri
374 1238 459 1298 carris
476 1243 599 1314 impositi
615 1244 652 1298 ad
668 1246 762 1298 locum
774 1241 894 1298 martiris
907 1241 1126 1310 adducebantur,
1139 1253 1167 1297 et
1182 1259 1247 1296 mox
1264 1261 1294 1295 10

97 1326 162 1383 sani
175 1335 259 1398 atque
272 1327 427 1381 incolut'nes
438 1327 645 1382 reddebantur:
659 1328 741 1397 Quia,
754 1327 890 1396 largiente
904 1325 1024 1392 Christo,
1036 1325 1137 1380 ‘uirtus
1150 1325 1186 1380 de
1201 1324 1248 1380 illo

96 1410 204 1476 exibat,
213 1420 241 1465 et
254 1411 373 1464 sanabat
383 1410 498 1465 omnes!
523 1409 649 1480 Aelsgiua
659 1427 770 1481 quoque
783 1410 830 1465 illa
842 1427 926 1480 quam
935 1409 1063 1480 primitus
1076 1408 1113 1463 ad
1122 1410 1248 1464 tumbam

99 1493 191 1550 sancti
202 1492 369 1564 prediximus
378 1493 464 1568 fuisse
473 1503 607 1562 curatam,
616 1503 680 1564 post
689 1494 862 1564 aliquantum
870 1493 1003 1563 temporis
1012 1492 1127 1548 robusta
1135 1509 1250 1563 corpore

99 1589 129 1634 et
149 1577 252 1632 nobilis
270 1577 369 1632 effecta
388 1586 431 1631 est
450 1586 594 1632 matrona:
614 1587 814 1647 assumptoque
829 1575 970 1644 religionis
987 1577 1085 1630 habitu
1103 1575 1132 1630 in
1151 1577 1250 1631 eodem

99 1663 164 1716 loco
177 1660 254 1729 uirgo
267 1658 429 1730 permansit,
442 1660 471 1713 in
490 1670 587 1714 sancta
603 1659 817 1715 conuersatione
832 1658 988 1725 consenuit,
1001 1669 1028 1712 et
1046 1675 1135 1728 usque
1152 1660 1188 1714 ad
1201 1660 1250 1714 de·
1265 1675 1295 1725 15

101 1743 239 1815 crepitam
257 1752 361 1798 etatem
380 1743 456 1797 uixit.
493 1745 585 1798 Tante
603 1760 669 1798 uero
687 1741 843 1798 sanctitatis
865 1745 893 1797 'et
913 1741 989 1812 apud
1008 1742 1084 1811 ipsas
1103 1743 1251 1812 populares

101 1830 177 1884 bone
193 1825 331 1898 opinionis
350 1837 418 1894 erat,
431 1837 461 1881 ut
479 1827 565 1882 etiam
582 1828 664 1897 uulgo
678 1828 790 1882 ‘sancta
808 1826 917 1880 nonna'
930 1835 1083 1880 uocaretur.
1121 1826 1251 1881 Tandem

102 1928 179 1982 ergo,
199 1911 276 1966 iussu
293 1910 406 1979 gloriosi
425 1909 506 1980 regis,
525 1928 559 1966 ex
580 1911 704 1966 maxima
725 1911 772 1965 illa
789 1909 963 1965 oblationum
982 1909 1064 1978 copia
1081 1909 1186 1964 iactum
1208 1919 1251 1962 est

102 1997 235 2050 feretrum
256 1993 397 2064 quoddam
421 2011 554 2064 magnum
573 2005 601 2050 et
622 1995 768 2066 pulchrum
789 1993 873 2048 ualde
893 1993 929 2048 de
947 2009 1015 2046 auro
1037 2003 1066 2046 et
1086 2002 1203 2061 argento
1222 2001 1252 2046 et

103 2078 244 2150 lapidibus
262 2077 404 2148 preciosis,
417 2077 444 2131 in
457 2095 513 2148 quo
526 2079 597 2132 sacri
610 2077 730 2132 martiris
742 2094 806 2132 cum
818 2093 921 2146 magna
933 2076 1093 2131 reuerencia
1105 2075 1253 2144 diligenter
1267 2098 1298 2132 20

104 2173 132 2218 et
164 2163 316 2217 honorifice
345 2161 459 2232 reliquie
490 2161 625 2216 collocate
650 2171 724 2228 sunt,
750 2163 897 2230 Regnante
922 2159 1036 2214 domino
1060 2170 1156 2214 nostro
1188 2159 1253 2214 lesu

107 2246 219 2303 Christo
233 2263 296 2300 curn
307 2255 385 2314 patre
398 2255 427 2299 et
439 2243 536 2314 spiritu
550 2254 657 2312 sancto,
667 2244 695 2298 in
708 2245 802 2298 secula
815 2245 979 2308 seculorum,
992 2245 1094 2298 Amen.
1115 2246 1126 2307 ΙΙ
1149 2245 1252 2296 Passus

106 2341 149 2386 est
165 2339 259 2385 autem
276 2329 468 2384 sanctissimus
484 2327 591 2400 deoque
608 2339 740 2398 acceptus
753 2327 940 2382 Eadmundus
956 2345 1004 2382 rex
1021 2344 1095 2381 anno
1111 2325 1253 2380 dominice

107 2412 306 2470 incarnationis
329 2409 587 2480 octinge[nte]sim0
608 2411 824 2480 septuagesimo,
841 2411 953 2481 quando
972 2411 1058 2465 etiam
1081 2408 1253 2479 Ragenerius

106 2507 220 2553 sanctus
244 2495 428 2566 supradictus,
447 2511 535 2565 nepos
560 2495 627 2562 eius,
652 2494 749 2549 martir
774 2494 878 2549 Christi
902 2493 1044 2565 preciosus
1068 2511 1169 2564 passus
1192 2510 1253 2548 esse
1269 2511 1298 2560 25

108 2580 250 2636 conicitur.
287 2579 414 2648 Septimo
432 2579 535 2633 deinde
553 2596 629 2633 anno
649 2579 752 2648 Inguar
770 2587 931 2648 persecutor
948 2578 1015 2645 eius,
1034 2595 1099 2632 cum
1115 2577 1170 2632 alio
1188 2593 1253 2645 rege

108 2679 219 2734 pagano
244 2662 352 2718 occisus
376 2671 427 2717 est.
472 2663 559 2717 Porro
587 2664 648 2717 Rex
677 2662 764 2716 iustus
790 2661 956 2727 Edwardus,
981 2659 1059 2716 cuius
1083 2659 1254 2731 temporibus

108 2746 240 2803 reuelatio
252 2747 328 2801 facta
339 2755 391 2813 est,
404 2745 474 2800 obiit
486 2761 560 2800 anno
574 2745 678 2800 Christi
691 2744 839 2800 millesimo
852 2743 1026 2812 sexagesimo
1039 2753 1124 2798 sexto.

274 2897 395 2969 Explicit
408 2895 532 2953 inuentio
545 2894 634 2950 sancti
647 2894 799 2964 Ragenerii
812 2893 907 2949 militis
920 2902 948 2949 et
961 2892 1090 2949 martiris.

582 3204 817 3282 ,ptsshttip

661 3278 769 3316 OFl'llE
868 3285 892 3330 x¹

586 3353 853 3416 uuiusustrr
881 3317 897 3353 Χ
