3012 4898
275 324 349 420 ma
373 323 536 414 santa
563 319 729 420 diuma
754 317 1053 424 archicantore.
1165 342 1237 418 377

83 523 205 582 delictis
220 525 251 583 in
268 527 360 584 missa
375 535 482 597 oraret,
494 527 569 583 adeo
585 524 771 582 humiliatum
788 534 852 582 erat
868 541 921 582 cor
937 525 1001 582 eius
1018 534 1048 582 et
1066 523 1236 594 contritum,

83 623 118 670 vt
138 615 236 688 magis
254 632 323 672 cum
342 615 494 672 lachrimis
508 615 656 687 singultus
674 613 829 688 prodirent
846 631 937 687 quam
949 615 1048 670 verba.
1086 613 1134 669 Ob
1145 627 1237 685 vagas

84 703 179 760 etiam
198 704 298 761 cordis
316 704 509 777 cogitationes
527 703 753 777 reprimendas¹
768 702 898 775 aliquem
917 702 1050 759 libellum
1069 701 1237 758 orationum

84 791 117 846 in
138 791 232 848 missa
248 800 350 849 tenere
369 801 400 849 et
416 792 518 866 legere
534 789 705 860 consueuit;
724 790 906 864 missamque
925 789 1099 848 festinanter
1117 805 1239 862 semper

85 879 309 936 consummauit
331 889 455 953 propter
473 878 676 936 immissiones
698 893 754 952 per
771 879 895 951 angelos
913 878 1016 948 malos,
1036 876 1236 952 perniciosum
1251 887 1265 942 5

85 983 206 1022 necnon
226 967 414 1038 [uanarum]¹
433 967 642 1040 cogitationum
661 975 885 1040 superuentum.
924 965 1030 1022 Manus
1049 975 1148 1022 autem
1168 981 1238 1021 suas

85 1053 258 1111 excutiebat
276 1055 314 1110 ab
333 1053 415 1111 omni
434 1072 567 1123 munere,
581 1060 610 1111 et
629 1071 647 1110 a
663 1055 753 1110 domo
770 1070 825 1111 sua
843 1054 948 1110 sordes
966 1053 1095 1110 auaricie
1111 1067 1237 1125 prorsus

85 1141 270 1198 eliminabat.
306 1142 394 1199 Vnde
412 1142 461 1199 et⁸
473 1142 576 1200 accidit
595 1151 627 1198 vt
645 1143 738 1198 abbas
756 1141 887 1214 quidam,
901 1142 1052 1214 negotium
1072 1141 1187 1197 habens
1204 1140 1235 1195 in

85 1230 171 1286 curia
189 1229 264 1298 eius,
283 1229 395 1303 aliquot
412 1247 519 1288 aureos
539 1248 618 1287 nunc
637 1229 695 1286 hiis
719 1247 797 1287 nunc
815 1229 873 1286 illis
892 1229 943 1302 qui
962 1229 1077 1285 iudiciis
1096 1237 1236 1301 preerant

86 1317 231 1374 offerret:
265 1319 319 1375 sed
342 1336 410 1375 curn
436 1335 542 1374 omnes
566 1326 753 1390 respuerent,
775 1319 867 1374 abbas
892 1318 1043 1390 negotium
1068 1316 1182 1389 peregit
1206 1324 1237 1372 et
1253 1331 1284 1367 ιο

84 1423 195 1461 aurum
218 1405 324 1474 retulit,
344 1415 374 1461 et
396 1407 540 1463 recedens
561 1405 652 1463 dixit:
680 1404 816 1464 ‘Curiam
837 1405 958 1477 repperi
979 1421 1038 1478 que
1058 1421 1118 1460 non
1140 1403 1237 1460 solum

85 1500 159 1565 post
176 1509 282 1548 aurum
302 1511 362 1550 non
381 1494 460 1564 abiit,
476 1495 530 1551 sed
550 1510 655 1550 aurum
673 1492 779 1563 abiicit,
794 1492 909 1565 spernit
928 1501 958 1548 et
975 1493 1085 1548 calcat?
1161 1479 1239 1548 Erat

85 1579 170 1636 enirn
199 1581 344 1653 prouidus
373 1581 404 1638 in
435 1581 574 1652 consiliis,
600 1581 629 1637 in
654 1580 844 1637 ventilatione
868 1596 1024 1637 causarum
1049 1578 1177 1651 diligens
1206 1589 1238 1635 et

86 1669 246 1724 modestus
276 1669 400 1739 auditor,
424 1669 455 1725 in
483 1668 761 1742 interrogationibus
785 1667 911 1736 subtilis,
936 1668 966 1723 in
990 1667 1237 1739 responsionibus

87 1765 257 1828 promptus,
277 1756 307 1812 in
332 1756 447 1814 iudiciis
466 1757 570 1828 iustus,
590 1756 655 1813 sine
673 1772 871 1829 personarum
890 1755 1062 1828 acceptione
1081 1755 1154 1811 iuris
1172 1772 1236 1812 rec·
1252 1768 1282 1822 15

86 1843 224 1899 tissimus
236 1854 384 1902 executor.
424 1845 531 1902 Nullus
543 1862 659 1918 pauper
670 1845 707 1901 ab
720 1844 785 1901 eius
801 1843 897 1900 ianuis
908 1860 1020 1900 vacuus
1037 1842 1139 1911 rediit;
1159 1843 1237 1900 lares

86 1949 230 2004 egrotum
249 1940 279 1988 et
301 1932 441 1989 debilium
460 1951 515 2006 per
533 1950 604 1990 suos
623 1932 780 2006 diligenter
801 1931 1013 2000 scrutabatur⁴,
1032 1940 1062 1987 et
1083 1930 1237 1986 beneficiis

86 2019 236 2076 visitabat.
275 2019 444 2094 Religiosos
453 2021 534 2078 viros
546 2029 627 2077 tanta
640 2019 808 2077 reuerentia
817 2019 993 2092 excipiebat,
1002 2027 1033 2074 vt
1042 2017 1125 2075 credi
1136 2028 1237 2091 posset

88 2108 121 2162 in
134 2107 178 2163 eis
192 2107 324 2164 diuinam
337 2109 522 2182 presentiam
535 2118 586 2166 aut
602 2109 724 2182 angelos
736 2109 882 2165 venerari.
958 2094 995 2163 In
1009 2123 1115 2162 mensa
1126 2105 1207 2163 enim
1219 2123 1237 2163 a

87 2195 205 2252 dextris
217 2195 348 2252 eruditos
366 2213 445 2267 suos,
459 2198 621 2254 monachos
633 2215 705 2255 vero
719 2206 749 2254 et
765 2196 922 2269 religiosos
939 2213 957 2252 a
973 2195 1102 2251 sinistris
1119 2194 1236 2265 statuit3
1252 2209 1284 2245 ao

87 2281 199 2338 milites
211 2299 283 2338 vero
296 2284 446 2357 ceterique
461 2293 599 2357 potentes
616 2284 775 2358 separatim
792 2301 914 2357 semper
930 2292 959 2339 et
976 2299 1033 2355 per
1049 2301 1083 2339 se
1100 2299 1236 2339 seorsum

87 2369 325 2441 discumbebant,
339 2389 377 2428 ne
389 2371 474 2444 ipsos
486 2373 657 2429 molestaret
674 2372 760 2429 lectio
773 2390 831 2444 que
841 2371 982 2429 'continue
999 2371 1030 2426 in
1047 2387 1152 2426 mensa
1168 2387 1237 2442 per-

87 2459 222 2515 sonabat.
260 2457 294 2514 ln
316 2475 422 2516 mensa
443 2459 508 2517 eius
527 2478 587 2516 non
606 2459 802 2516 audiebantur
820 2459 995 2529 cornicines,
1014 2476 1074 2514 non
1094 2458 1157 2526 lira,
1177 2475 1236 2514 non

87 2545 198 2620 phiala,
221 2563 281 2602 uon
300 2547 359 2603 vlla
381 2549 562 2606 musicorum
584 2565 713 2621 genera;
742 2547 822 2603 nulla
845 2548 915 2620 gule
936 2547 984 2603 vel
1007 2545 1136 2614 lasciuie,
1157 2547 1238 2602 nulla

88 2634 210 2707 penitus
229 2634 418 2692 incitamenta
437 2635 555 2693 luxurie
566 2637 750 2692 videbantur.
788 2634 869 2691 Inter
888 2634 981 2691 multa
998 2632 1098 2690 enim⁶
1110 2643 1140 2690 et
1155 2634 1237 2690 varia
1253 2651 1282 2700 25

88 2739 150 2795 que
163 2724 388 2794 apponebantur
401 2723 431 2780 in
447 2741 561 2793 mensa,
575 2725 612 2780 ad
628 2723 733 2781 esum⁸
745 2723 900 2796 proprium
917 2739 1020 2795 pauca,
1034 2723 1087 2779 sed
1102 2721 1238 2794 preciosa

89 2809 245 2867 retinebat
282 2809 370 2867 Vnde
383 2829 450 2868 curn
464 2811 585 2885 quidam
602 2811 696 2868 semel
709 2809 794 2884 quasi
810 2810 992 2866 subridendo
1008 2818 1124 2866 notaret
1140 2809 1238 2882 ponti-

89 2898 189 2967 ficem,
202 2897 414 2972 aliquantisper
426 2909 525 2956 motus
538 2900 698 2974 episcopus
712 2899 754 2956 sic
767 2898 923 2972 respondit
936 2898 981 2955 ei:
1007 2898 1121 2966 ‘Certe,
1133 2896 1237 2970 inquit,

89 2985 192 3055 frater,
209 2984 239 3041 ni
258 2985 349 3055 fallor,
364 3004 432 3043 cum
454 2987 594 3045 auiditate
616 2987 720 3044 maiori
739 2996 771 3044 tu
790 2995 871 3043 tuam
891 2987 985 3043 sumis
1003 2985 1102 3041 fabam
1110 2983 1130 3056 ²,
1147 3001 1237 3058 quam

89 3089 149 3146 ego
163 3073 330 3146 appositam
340 3073 413 3130 mihi
425 3075 582 3147 phasidem
595 3079 700 3133 auem!
739 3075 809 3132 Erat
821 3084 891 3132 tunc
904 3074 968 3131 auis
981 3074 1036 3130 hec
1049 3082 1118 3129 ante
1131 3090 1236 3146 presu·
1251 3089 1283 3138 30

90 3163 152 3218 lem
165 3160 195 3216 in
208 3162 377 3234 parapside.
399 3162 537 3220 Pontifex
548 3163 630 3220 enim
645 3165 757 3237 [quia]⁸
768 3164 918 3237 grossiora
929 3180 989 3219 non
999 3170 1124 3235 poterat,
1134 3171 1237 3234 vtpote

89 3260 196 3306 tenere
221 3250 358 3320 nutritus,
377 3249 518 3308 deliciosa
535 3251 667 3324 quidem,
689 3254 743 3311 sed
762 3270 851 3326 parce
870 3252 1030 3309 admodum
1050 3253 1187 3308 sumebat
1207 3259 1236 3309 et

90 3337 240 3407 sobrie,vt
249 3355 308 3394 non
322 3339 417 3411 magis
426 3338 540 3395 cibatus
548 3357 638 3412 quam
647 3340 774 3410 ieiunus,
783 3358 843 3396 non
854 3349 922 3415 post
936 3339 1137 3412 ieiuniatplus
1147 3356 1236 3412 quam

88 3433 168 3496 ante,
192 3425 283 3482 vllam
307 3425 358 3483 vix
383 3425 508 3483 sentiret
535 3429 634 3485 carnis
662 3429 865 3486 rebellionem.
911 3428 1019 3484 Ocium
1044 3443 1237 3499 summopere

90 3513 240 3586 fugiebat:
261 3515 339 3585 quod
358 3522 457 3570 autem
476 3523 622 3571 nocturno
641 3533 769 3588 sompno
787 3515 853 3573 sine
871 3515 975 3590 grandi
994 3515 1153 3588 dispendio
1172 3531 1237 3571 cor·
1251 3535 1282 3585 35
1359 3567 1361 3572 .

90 3601 173 3675 poris
186 3610 365 3674 extorquere
377 3601 480 3675 potuit,
494 3602 646 3659 lachrimis
658 3613 687 3660 et
700 3605 883 3661 orationibus
895 3605 1077 3676 indulgebat.
1150 3590 1237 3661 Con·

91 3698 197 3747 uocato
214 3689 313 3762 itaque
330 3691 368 3745 ab
380 3690 557 3746 Alexandro
569 3708 648 3763 papa
659 3691 789 3748 Turonis
802 3691 926 3749 concilio
934 3691 964 3759 ¹⁰,
972 3699 1094 3747 sanctus
1103 3689 1236 3746 Thomas

89 3793 147 3852 per
169 3786 262 3834 totam
285 3777 498 3834 Normanniam
524 3786 554 3834 et
578 3777 814 3836 Cenomanniam
839 3779 997 3846 transiens,
1016 3787 1158 3850 tanquam
1182 3792 1237 3833 rex

91 3866 259 3938 Anglorum
277 3866 315 3922 ab
333 3865 472 3922 omnibus
490 3875 635 3939 exceptus
654 3875 708 3924 est.
745 3867 876 3924 Turonis
892 3883 965 3923 vero
983 3865 1237 3938 appropinquans,

91 3971 161 4010 mox
183 3952 287 4010 ciuitas
305 3953 444 4010 uniuersa
464 3963 676 4025 commonetur,
696 3963 725 4012 et
744 3955 864 4011 obuiam
884 3961 996 4010 exeunt
1013 3951 1156 4019 uniuersi,
1176 3968 1236 4006 non
1250 3972 1283 4024 40

91 4043 188 4100 solum
207 4041 289 4099 ciues
307 4041 384 4114 [sed]
395 4040 413 4074 ¹¹
432 4051 462 4097 et
487 4041 621 4116 episcopi
642 4049 672 4099 et
691 4041 906 4114 archiepiscopi
925 4039 976 4113 qui
994 4038 1031 4096 ad
1050 4039 1207 4096 concilium
1217 4037 1238 4072 ¹⁰

91 4135 293 4188 conuenerant
313 4127 377 4188 fere
385 4128 405 4163 ¹²
431 4146 556 4200 omnes;
581 4131 747 4188 cardinales
765 4147 884 4203 quoque
908 4145 1023 4198 omnes,
1043 4136 1236 4201 preterquam

123 4269 179 4319 ιΙί.
191 4269 376 4332 reprimendas.
461 4268 516 4321 Ἐ
531 4270 668 4329 malarum
685 4270 714 4322 T.
727 4284 857 4322 uenarum.
942 4268 1018 4318 ’om
1031 4268 1057 4318 in
1068 4268 1098 4319 T.
1181 4267 1237 4318 ⁴T.

90 4336 272 4387 scrutabantur.
339 4335 478 4386 mann
489 4336 575 4384 multa
647 4331 703 4386 ⁸T.
714 4350 801 4398 esuum
819 4335 848 4385 E.
859 4349 940 4385 usum.
1010 4333 1235 4392 ⁷T.tua..faba,

91 4403 167 4452 'om
232 4401 371 4464 ’Quina
438 4402 458 4434 ¹⁰
475 4401 633 4454 E.consilio.
700 4401 718 4432 ²¹
736 4417 786 4454 om.
854 4400 874 4432 ¹¹
888 4401 919 4453 E.
932 4401 979 4451 sed
991 4400 1008 4452 f.
