3048 4884
447 249 522 342 Dr
546 245 710 338 &aaut
735 248 947 337 tumim
1198 273 1272 344 429

116 451 281 526 paschalis,
307 449 381 508 nihil
406 467 514 508 curans
538 451 638 509 vtrum
661 451 717 509 hec
742 451 876 522 sabbato,
894 451 934 510 a'n
959 451 1015 508 alia
1039 451 1170 526 qualibet
1199 451 1273 510 feria

117 539 305 613 proueniret.
352 539 393 596 At
416 557 490 598 vero
513 539 628 610 Petrus,
647 558 716 598 cum
737 540 834 598 Rome
859 541 1036 615 predicaret,
1061 558 1179 598 memor
1203 541 1273 614 quia

117 628 264 684 dominus
277 627 376 702 prima
388 627 505 685 sabbati
518 627 650 685 surrexit
667 645 685 684 a
703 627 830 686 mortuis
842 646 877 686 ac
892 630 1004 686 mundo
1022 645 1110 702 spem
1122 645 1272 686 resurrec-

117 715 212 772 tionis
224 715 357 784 contulit,
370 715 411 773 ita
424 715 538 790 pascha
550 716 720 773 laciendum
733 716 879 774 intellexit
890 726 923 774 vt
935 718 1100 774 secundum
1113 725 1272 774 eonsuetu-

118 801 225 860 dinem
238 819 272 860 ac
285 814 428 876 precepta
440 802 525 877 legis,
537 803 821 878 quartamdecimam
834 805 936 860 lunam
951 804 1040 878 primi
1057 804 1181 876 mensis,
1194 823 1272 878 eque
1286 811 1300 862 ⁵

120 891 200 947 sicut
221 890 380 959 lohannes,
399 890 546 948 orientem
565 893 603 948 ad
621 909 782 964 vesperam
803 908 925 965 semper
942 902 1136 966 expectaret:
1161 901 1190 949 et
1216 893 1272 950 hac

120 986 239 1046 exorta,
252 977 278 1036 si
290 979 439 1035 dominica
452 978 525 1050 dies,
538 995 598 1052 que
610 988 681 1036 tunc
694 978 792 1053 pn‘ma
804 979 919 1037 sabbati
930 981 1099 1052 vocabatur,
1107 989 1171 1038 erat
1183 996 1273 1037 mane

118 1075 258 1136 ventura,
279 1067 310 1122 in
335 1067 402 1140 ipsa
425 1083 557 1140 vespera
581 1067 694 1140 pascha
718 1067 900 1124 dominicum
924 1067 1077 1124 celebrare
1101 1067 1272 1141 incipiebat,

119 1154 275 1225 quomodo
287 1170 344 1210 nos
356 1170 463 1210 omnes
475 1153 565 1212 hodie
584 1153 682 1211 iacere
702 1154 844 1213 solemus.
880 1154 1038 1212 Sinautem
1050 1154 1199 1212 dominica
1211 1171 1272 1212 non

120 1241 261 1314 proximo
274 1258 363 1298 mane
376 1249 444 1314 post
456 1241 558 1298 lunam
573 1243 869 1315 quartamdecimam,
882 1243 937 1300 sed
955 1241 987 1298 in
1005 1244 1208 1299 sextadecima
1221 1254 1272 1301 aut
1289 1253 1319 1290 ¹0

120 1327 371 1400 septimadecima
392 1337 443 1386 aut
463 1328 521 1385 alia
541 1329 675 1402 qualibet
696 1329 767 1387 luna
788 1346 884 1404 vsque
907 1331 946 1386 ad
971 1329 1271 1404 vicesimamprimam

120 1423 206 1472 esset
217 1424 353 1486 ventura,
367 1416 544 1488 expectabat
563 1433 639 1486 eam,
652 1425 682 1473 et
700 1417 881 1490 precedente
896 1416 1021 1474 sabbato
1032 1435 1161 1491 vespere
1173 1435 1273 1475 sacro·

122 1512 229 1560 sancta
246 1503 359 1576 pasche
377 1502 523 1560 solemnia
535 1503 693 1561 inchoabat
704 1523 712 1576 ;
731 1505 836 1578 sicque
847 1505 939 1562 fiebat
950 1513 982 1562 vt
994 1505 1144 1563 dominica
1157 1505 1270 1578 pasche

122 1589 190 1646 dies
202 1608 263 1648 non
276 1590 334 1647 nisi
346 1609 364 1648 a
376 1591 599 1664 quintadecima
612 1591 683 1648 luna
691 1609 786 1665 vsque
799 1593 837 1649 ad
846 1592 1020 1649 vicesimam
1030 1591 1158 1666 primam
1169 1610 1272 1650 serua·

123 1687 216 1735 retur.
254 1678 360 1751 Neque
379 1678 435 1735 hec
454 1679 628 1752 euangelica
644 1687 675 1736 et
692 1680 854 1752 apostolica
864 1680 983 1736 traditio
995 1679 1094 1752 legem
1107 1679 1205 1750 soluit,
1218 1679 1271 1736 sed
1288 1691 1317 1739 15

123 1765 225 1838 potius
247 1765 392 1840 adimplet
402 1773 419 1837 ¹,
440 1767 470 1822 in
499 1767 603 1840 [qua]²
627 1766 850 1824 obseruandum
874 1767 987 1841 pascha
1010 1783 1028 1824 a
1052 1768 1273 1840 quartadecima

123 1853 195 1910 luna
214 1854 304 1927 primi
322 1854 437 1911 mensis
456 1855 494 1910 ad
507 1871 668 1927 vesperam
679 1872 775 1928 vsque
793 1855 830 1911 ad
849 1854 1153 1928 vicesimamprimam
1170 1855 1272 1911 lunam

124 1941 262 1998 eiusdem
287 1945 403 1999 mensis
426 1941 487 2000 ad³
510 1959 671 2016 vesperam
696 1951 874 2016 preceptum
904 1949 969 2012 est;
999 1943 1031 1999 in
1055 1959 1145 2016 quam
1169 1943 1273 2000 obser·

124 2030 257 2086 uantiam
278 2029 451 2087 imitandam
470 2047 578 2088 omnes
597 2031 676 2088 beati
697 2028 840 2086 iohannis
859 2045 1050 2087 successores
1068 2030 1098 2086 in
1111 2029 1186 2086 Asia
1204 2040 1273 2103 post

123 2117 239 2174 obitum
251 2117 326 2188 eius,
339 2127 368 2174 et
380 2119 479 2176 omnis
491 2136 549 2192 per
559 2118 664 2176 orbem
677 2116 804 2174 ecclesia
815 2134 963 2175 conuersa
977 2127 1032 2174 est.
1071 2117 1109 2174 Et
1128 2117 1184 2174 hoc
1202 2135 1273 2175 esse
1288 2129 1320 2166 ²0

122 2221 231 2262 verum
244 2205 363 2278 pascha,
377 2205 434 2263 hoc
447 2207 544 2264 solum
562 2206 701 2263 fidelibus
720 2205 943 2274 celebrandum,
955 2205 986 2261 in
1004 2203 1111 2262 niceno
1128 2204 1274 2262 concilio⁴

125 2309 188 2349 non
210 2301 351 2351 statutum
372 2295 498 2366 nouiter,
518 2295 573 2352 sed
594 2294 802 2351 confirmatum
825 2301 882 2364 est,
901 2301 933 2350 vt
954 2292 1163 2350 Ecclesiastica
1186 2295 1274 2350 docet

125 2379 262 2439 historia.
292 2379 381 2439 Vnde
394 2391 511 2439 constat
523 2400 586 2452 vos,
600 2382 753 2451 colmane,
766 2398 865 2454 neque
885 2380 1035 2452 lobannis,
1047 2389 1079 2438 vt
1098 2380 1244 2438 estimatis
1253 2379 1274 2450 ⁸,

124 2469 268 2542 exempla
285 2469 402 2541 sectari,
422 2487 521 2544 neque
541 2469 629 2540 Petri,
642 2469 727 2527 cuius
745 2469 896 2526 traditioni
914 2468 1045 2526 scientes
1063 2469 1273 2540 contradicitis,

125 2573 227 2629 neque
239 2557 307 2630 legi,
319 2574 417 2631 neque
427 2557 583 2630 euangelio
594 2557 625 2613 in
636 2555 846 2614 obseruatione
857 2556 966 2614 vestri⁸
975 2557 1088 2630 pasche
1100 2573 1272 2630 congruere.
1289 2568 1319 2618 ²5

127 2643 280 2702 lohannes
293 2644 374 2702 enim
388 2647 426 2702 ad
439 2645 515 2718 legis
528 2647 658 2702 mosaice
671 2646 792 2703 decreta
803 2653 924 2718 tempus
937 2645 1079 2718 paschale
1091 2645 1274 2713 custodiens,

125 2730 200 2788 nihil
219 2733 257 2789 de
275 2734 374 2806 prima
391 2733 507 2790 sabbati
528 2732 668 2791 curabat:
690 2733 771 2806 quod
789 2749 844 2790 vos
862 2749 922 2789 non
945 2731 1049 2801 facitis,
1068 2733 1119 2806 qui
1137 2750 1197 2789 non
1216 2732 1275 2789 nisi

124 2819 225 2894 prima
237 2821 352 2878 sabbati
369 2820 481 2894 pascha
497 2821 664 2879 celebratis.
703 2821 812 2878 Petrus
826 2837 844 2876 a
862 2819 1082 2893 quintadecima
1096 2820 1166 2877 luna
1179 2836 1274 2893 vsque

125 2910 166 2965 ad
180 2906 354 2965 vicesimam
378 2907 507 2982 primam
529 2909 609 2966 diem
631 2907 745 2982 pasche
769 2906 952 2964 dominicum
977 2907 1167 2964 celebrabat:
1194 2908 1273 2981 quod

125 3009 179 3048 vos
204 3009 264 3049 non
287 2990 393 3062 facitis,
415 2992 465 3066 qui
496 3009 514 3049 a
542 2993 767 3066 quartadecima
789 3008 884 3064 vsque
906 2991 945 3047 ad
968 2990 1141 3048 vicesimam
1172 2991 1273 3047 lunam
1288 3006 1321 3056 30

125 3078 208 3138 diem
221 3079 404 3136 dominicum
422 3079 535 3152 pasche
547 3079 732 3149 obseruatis;
752 3079 793 3136 ita
804 3088 837 3136 vt
855 3077 1060 3136 tertiadecima
1072 3078 1143 3135 luna
1157 3079 1196 3134 ad
1208 3095 1274 3136 ves-

124 3183 232 3242 peram
251 3169 354 3240 sepius
373 3167 486 3240 pascha
507 3167 663 3242 incipiatis,
683 3168 768 3224 cuius
793 3183 892 3239 neque
913 3167 963 3223 lex
981 3166 1071 3223 vllam
1096 3164 1165 3222 iecit
1189 3181 1275 3222 men·

124 3255 248 3324 tionem,
274 3273 371 3328 neque
400 3264 502 3312 auctor
527 3273 562 3312 ac
587 3256 673 3312 dator
697 3253 847 3328 euangelii
874 3255 1014 3311 dominus
1038 3253 1069 3309 in
1093 3269 1140 3325 ea,
1165 3252 1275 3311 sedin

125 3343 349 3417 quartadecima
366 3343 415 3401 vel
434 3353 521 3402 vetus
542 3342 657 3418 pascha
680 3341 871 3399 manducauit
892 3343 931 3398 ad
949 3357 1119 3415 vesperam,
1137 3341 1186 3398 vel
1205 3341 1275 3399 noui

125 3431 298 3488 testamenti
315 3439 504 3488 sacramenta
522 3431 553 3488 in
572 3431 890 3488 commemorationem
906 3445 961 3486 sue
979 3429 1129 3502 passionis
1148 3429 1275 3488 ecclesie
1288 3445 1319 3496 ³5

125 3518 308 3575 celebranda
330 3519 459 3576 tradidit.
497 3517 614 3576 Lunam
635 3515 737 3575 enim⁷
757 3516 931 3574 vicesimam
952 3517 1090 3590 primam,
1115 3535 1205 3591 quam
1225 3517 1275 3576 lex

128 3605 261 3664 maxime
285 3605 496 3664 celebrandam
525 3604 756 3676 commendauit,
776 3621 794 3661 a
820 3604 1020 3662 celebratione
1044 3605 1138 3662 vestri
1163 3605 1276 3678 pasche

125 3693 260 3751 funditus
279 3692 446 3751 eliminatis.
492 3693 612 3767 Sicque,
629 3701 661 3750 vt
678 3691 750 3764 dixi,
764 3691 795 3750 in
812 3692 1013 3750 celebratione
1027 3709 1146 3750 summe
1165 3691 1276 3750 lestini-

126 3781 198 3838 tatis
218 3796 317 3854 neque
344 3780 470 3838 iohanni
489 3797 587 3854 neque
607 3777 697 3838 Petro
717 3797 816 3853 neque
835 3779 894 3853 legi
912 3796 1011 3853 neque
1030 3778 1186 3853 euangelio
1204 3797 1276 3837 con·

126 3869 274 3926 cordatis’
310 3868 395 3925 Tunc
409 3869 573 3926 Colmanus
584 3870 642 3926 ait:
662 3867 823 3942 ‘Nunquid
833 3867 1032 3925 Anatholius⁸
1043 3867 1089 3924 vir
1101 3876 1232 3938 sanctus,
1245 3876 1276 3924 et
1288 3889 1321 3939 40

126 3956 157 4014 in
170 3955 287 4030 prelata
301 3954 510 4014 Ecclesiastica
527 3955 650 4014 historia
666 3954 794 4013 multum
809 3955 974 4026 laudatus·,
986 3954 1044 4027 legi
1056 3955 1106 4012 vel
1118 3953 1276 4027 euangelio

126 4045 275 4102 cornaria
287 4043 395 4118 sapuit,
405 4043 455 4118 qui
468 4044 718 4118 aquartadecima
729 4060 825 4118 vsque
838 4043 875 4102 ad
888 4041 1062 4102 vicesimam
1072 4042 1185 4116 pascha
1197 4042 1276 4100 cele·

159 4175 216 4226 1Ε.
230 4174 389 4240 adimpleuit.
454 4173 531 4228 ’om
604 4174 850 4238 ¹T.E.vsquead.
923 4173 978 4225 ¹13.
990 4173 1108 4226 consilio.
1182 4173 1274 4226 *neu

126 4242 271 4359 ffffiztis.
346 4240 402 4294 lli.
416 4243 506 4293 nostri.
580 4237 672 4292 'Red
687 4240 752 4292 item
764 4241 858 4291 lunam.
931 4238 1146 4292 'athoatolim
1218 4240 1275 4292 *Β
