3054 4904
285 301 352 395 158
596 298 726 386 mota
752 293 942 400 liutmun
965 293 1118 399 flama.

280 513 348 553 sum
361 498 398 554 ab
410 497 492 554 omni
505 496 631 554 virtute!
666 497 751 554 Tunc
765 498 850 554 duxit
863 515 932 555 eum
950 497 1094 571 epicopus
1107 498 1145 554 ad
1157 514 1248 554 vnam
1261 499 1303 554 de
1317 499 1445 556 cellulis

279 585 387 641 domus
412 594 443 642 et
466 585 541 642 dixit
565 585 610 643 ei:
631 585 744 658 ‘Aperi
763 585 837 642 mihi
856 585 983 642 ostium!
1019 585 1167 656 Quicum
1189 585 1282 642 nollet
1303 588 1446 659 aperire,

280 672 385 729 dicens
404 671 576 730 necessaria
594 673 703 730 domus
721 673 752 730 in
774 673 849 730 cella
867 673 916 728 illa
935 689 1021 743 esse;
1041 673 1201 746 episcopus
1219 675 1341 745 aperuit
1365 675 1444 731 illud

280 777 439 817 sermone:
466 769 496 818 et
520 761 681 818 inueniens
706 761 747 817 ibi
771 761 927 833 leprosum
957 761 1092 834 pluribus
1124 760 1259 833 corporis
1284 764 1447 818 membris

253 847 444 916 sdessuxum,
476 848 569 906 dixit:
597 847 651 904 ‘Et
675 847 792 906 voluisti
823 848 970 905 occultare
997 848 1172 906 thesaurum
1196 856 1282 904 tuum
1309 849 1446 906 illum?’

281 935 338 1004 Qui
353 935 525 1008 respondit:
547 935 642 992 ‘Vere
660 935 790 993 furiosus
807 945 854 992 est
869 945 899 993 et
914 935 1091 994 iniuriosus:
1111 935 1178 992 ideo
1194 935 1279 992 timui
1297 955 1339 993 ne
1358 938 1446 994 forte

280 1022 432 1080 laberetur
453 1023 484 1080 in
507 1025 696 1080 sermonem!
733 1023 788 1080 Cui
809 1023 990 1097 episcopus:
1011 1023 1112 1080 ‘Bene
1131 1025 1162 1080 in
1182 1024 1266 1080 illum
1288 1027 1446 1094 certasti;

281 1112 335 1168 sed
355 1110 420 1167 sine
433 1128 481 1168 me
496 1120 583 1168 nocte
597 1112 651 1169 hac
665 1111 837 1168 ministrare
850 1111 887 1182 ei,
900 1121 931 1169 vt
946 1111 999 1184 [et]
1013 1131 1071 1184 ego
1084 1113 1256 1168 mercedem
1270 1113 1446 1186 accipiam¹

280 1198 365 1255 Tunc
391 1198 575 1272 reliquerunt
601 1209 738 1256 anctum
763 1199 812 1256 dei
836 1199 867 1256 in
890 1200 996 1257 cellula
1024 1217 1092 1256 cum
1119 1200 1241 1272 leproso
1263 1209 1293 1256 et
1321 1201 1443 1258 ostium

238 1298 268 1335 10
280 1286 462 1344 clauserunt.
499 1286 558 1357 Qui
578 1296 640 1343 tota
657 1296 746 1344 nocte
767 1305 948 1360 supereum
968 1286 1100 1344 iaciens¹
1119 1289 1294 1358 orationem,
1315 1289 1445 1346 sanauit

280 1391 360 1444 eum,
373 1383 403 1432 et
416 1375 558 1445 educens,
571 1391 714 1432 reuersus
726 1384 773 1431 est
785 1375 816 1430 in
829 1375 988 1432 ciuitatem.

412 1577 437 1640 ll
458 1565 513 1634 Dr
531 1593 646 1634 snucro
667 1565 844 1634 Mauricum
863 1593 1007 1634 rrrscoro
1026 1593 1064 1634 ετ
1082 1577 1296 1634 coru-ressone.¹

336 1689 454 1747 Anctus
471 1689 644 1760 Malachias,
660 1689 745 1746 cuius
763 1688 855 1746 vitam
873 1689 993 1763 scripsit
1010 1698 1132 1748 sanctus
1148 1689 1326 1748 Bernardus
1343 1692 1443 1748 clare-

371 1777 517 1834 uallensis
536 1779 636 1848 abbas,
653 1778 691 1834 de
706 1777 852 1834 Hibernia
872 1786 955 1834 ortus
974 1786 1021 1835 est
1041 1779 1079 1834 de
1099 1777 1210 1850 populo
1227 1778 1377 1850 barbaro3
1398 1779 1441 1836 ibi
1507 1767 1508 1786 ¹

281 1864 434 1936 educatus,
447 1864 487 1922 ibi
507 1866 621 1922 litteras
636 1867 760 1923 edoctus
779 1873 834 1922 est.
871 1864 1012 1922 Ceterum
1031 1866 1069 1922 de
1088 1865 1179 1922 natali
1191 1867 1332 1922 barbarie
1346 1869 1442 1924 traxit

239 1963 268 2016 15
283 1953 382 2021 nihil⁸,
403 1971 463 2010 non
483 1953 579 2027 magis
600 1971 690 2026 quam
715 1954 755 2010 de
778 1953 841 2010 sale
860 1953 995 2010 marino‘
1019 1953 1120 2026 pisces
1145 1955 1245 2010 maris.
1285 1954 1441 2012 Parentes

281 2049 383 2099 tamen
396 2042 439 2098 illi
452 2041 572 2098 suerunt
591 2060 703 2116 genere
717 2051 746 2098 et
758 2043 891 2114 potentia
904 2043 1013 2115 magni,
1026 2043 1109 2098 iuxta
1121 2059 1233 2099 nomen
1253 2061 1441 2115 magnorum
1507 2035 1508 2084 i

281 2129 333 2202 qui
346 2139 415 2186 sunt
428 2129 459 2186 in
471 2139 559 2186 terra
598 2129 669 2186 Erat
681 2129 762 2186 enim
776 2129 865 2186 homo
878 2129 909 2186 in
922 2129 1039 2186 ciuitate
1054 2129 1276 2187 ardmachana³
1289 2133 1441 2190 sanctus*
1507 2121 1508 2178 ἶ

280 2226 311 2273 et
329 2227 449 2275 austere
469 2219 631 2275 admodum
653 2217 723 2288 vite,
743 2217 793 2290 qui
814 2216 920 2275 cellam
943 2218 1057 2274 habens
1077 2219 1159 2273 iuxta
1178 2219 1352 2282 ecclesiam,
1373 2237 1441 2278 ser·
1507 2249 1508 2258 κ

281 2300 380 2357 uiebat
393 2302 450 2357 deo
463 2300 493 2356 in
506 2301 625 2359 ieiuniis
643 2310 673 2358 et
690 2301 874 2357 orationibus
891 2311 921 2358 et
933 2299 1189 2358 obsecrationibus
1205 2301 1253 2358 die
1268 2319 1304 2358 ac
1325 2313 1440 2361 nocte:
1507 2303 1508 2306 ’

238 2407 269 2443 oo
282 2388 330 2444 Ad
363 2389 441 2446 hunc
467 2407 501 2446 se
526 2389 647 2446 contulit
674 2389 845 2458 Malachias,
871 2389 909 2445 ab
939 2407 976 2445 eo
997 2389 1058 2446 vite
1089 2387 1214 2446 sormam
1245 2403 1441 2463 accepturuS,

281 2476 418 2549 seditque
444 2476 560 2550 etipse
584 2477 742 2546 solitarius,
768 2479 822 2534 sed
848 2477 926 2533 intra
950 2494 1063 2550 paucos
1087 2477 1152 2533 dies
1178 2477 1280 2535 habuit
1306 2477 1442 2537 imitato-

281 2581 330 2621 res
343 2565 453 2622 multos
467 2565 608 2638 exemplo
622 2565 668 2622 sui
681 2573 869 2638 prouocatos.
907 2563 1043 2622 Tandem
1053 2565 1208 2621 ordinatus
1221 2574 1268 2620 est
1281 2569 1441 2637 sacerdos,

280 2669 359 2708 anno
379 2653 466 2709 etatis
485 2671 539 2710 sue
558 2653 702 2711 vicesimo
722 2652 833 2725 quinto.
872 2651 927 2710 Cui
946 2653 1035 2709 etiam
1056 2651 1235 2726 episcopus⁷
1257 2652 1342 2710 vices
1365 2673 1442 2712 suas

280 2740 431 2798 commisit
452 2741 603 2798 seminare
628 2759 734 2798 semen
759 2749 897 2798 sanctum
923 2741 954 2796 in
978 2750 1070 2813 gente
1092 2757 1152 2796 non
1173 2749 1286 2810 sancta,
1310 2751 1341 2798 et
1363 2745 1441 2801 dare

237 2843 267 2894 ²5
281 2828 348 2884 rudi
372 2830 483 2902 populo
508 2839 538 2885 et
564 2829 629 2886 sine
654 2829 722 2901 lege
743 2829 856 2885 viuenti
881 2828 980 2900 legem
1001 2827 1061 2885 vite
1086 2837 1116 2885 et
1141 2827 1308 2900 discipline.
1348 2830 1442 2904 Cepit

281 3004 387 3077 spiritu
413 3003 545 3074 feruens,
566 3005 741 3076 adimplere,
762 3004 907 3061 barbaros
929 3004 1003 3060 ritus
1029 3003 1191 3077 extirpare,
1213 3003 1441 3063 ecclesiasticos

280 3093 426 3165 plantare.
463 3092 613 3166 Quicquid
626 3092 867 3165 incompositum,
880 3091 1064 3159 indecorum,
1078 3091 1296 3164 distortumque
1311 3093 1440 3151 obuium

281 3180 391 3250 habuit,
415 3197 476 3236 non
498 3181 641 3252 parcebat
662 3181 767 3236 oculus
789 3179 873 3251 eius;
891 3179 973 3236 velut
992 3181 1108 3252 grando
1128 3195 1250 3252 grossos
1270 3196 1287 3234 e
1308 3179 1440 3250 ficubus,

236 3286 269 3336 30
281 3277 310 3324 et
323 3268 398 3324 sicut
408 3268 565 3341 puluerem
580 3275 688 3324 ventus
701 3285 718 3323 a
732 3267 806 3324 facie
816 3276 905 3336 terre,
918 3267 960 3323 sic
973 3285 1074 3324 coram
1088 3265 1161 3324 facie
1175 3283 1229 3323 sua
1242 3267 1440 3325 huiusmodi⁸

281 3355 449 3412 nitebatur⁹
473 3363 569 3411 totum
591 3372 647 3427 pro
666 3355 781 3412 viribus
808 3355 967 3412 exturbare
992 3371 1025 3412 ac
1051 3355 1154 3411 delere
1174 3355 1213 3411 de
1232 3355 1347 3428 populo
1372 3374 1440 3414 suo.

282 3441 383 3500 Horas
414 3443 574 3499 canonicas
604 3442 687 3499 iuxta
718 3459 834 3499 morem
857 3442 1037 3500 uniuersalis
1063 3441 1190 3499 ecclesie
1214 3441 1329 3498 incolas
1354 3443 1440 3502 illius

280 3531 443 3605 prouincie,
457 3539 486 3587 et
499 3529 590 3587 etiam
603 3530 711 3587 fratres
726 3530 757 3586 in
771 3549 826 3586 suo
839 3529 973 3600 cenobio,
991 3539 1112 3588 cantare
1125 3531 1202 3600 secit,
1218 3547 1286 3586 cum
1304 3533 1441 3588 necdum

280 3620 311 3676 in
325 3619 443 3676 ciuitate
453 3636 508 3676 seu
520 3617 551 3674 in
565 3617 740 3692 episcopatu
749 3618 1021 3676 vniuersocantare
1033 3618 1145 3675 vellent
1154 3617 1181 3674 ¹⁰.
1214 3617 1333 3674 Deinde
1347 3635 1441 3676 vsum

235 3727 267 3779 ³5
281 3706 489 3776 consessionis,
503 3715 724 3763 sacramentum
738 3706 981 3776 confirmationis,
995 3715 1181 3762 contractum
1194 3705 1441 3779 coniugiorum-

281 3815 340 3870 que
353 3794 453 3852 omnia
466 3803 517 3851 aut
529 3794 705 3866 ignorabant
718 3803 768 3851 aut
784 3794 985 3868 negligebant,
1000 3793 1164 3850 Malachias
1181 3795 1280 3850 denuo
1299 3793 1441 3852 instituit.

282 3885 320 3943 Et
333 3901 400 3941 cum
415 3892 497 3942 esset
510 3882 551 3938 illi
566 3882 698 3938 studium
719 3890 749 3938 et
768 3883 853 3940 zelus
871 3883 1022 3938 maximus
1041 3881 1119 3939 circa
1138 3882 1251 3938 cultum
1264 3881 1440 3940 diuinorum

280 3982 311 4031 et
322 3973 548 4030 venerationem
564 3979 829 4040 sacramentorum,
842 3988 881 4026 ne
895 3971 970 4027 sorte
982 3971 1021 4027 de
1034 3969 1093 4026 hiis
1110 3969 1221 4042 aliquid
1239 3971 1441 4028 constitueret

314 4096 323 4125 ¹
341 4095 369 4146 E.
383 4096 569 4158 superiaciens,
581 4109 639 4142 eum
651 4109 700 4142 om.
833 4093 843 4123 ¹
859 4093 993 4154 Abridged
1005 4093 1068 4142 from
1081 4093 1126 4142 the
1137 4092 1198 4142 Vita
1209 4093 1245 4154 by
1257 4092 1285 4144 S.
1299 4091 1441 4145 Bernbard

283 4162 334 4224 (ed.
354 4161 422 4224 Opp.
443 4161 469 4212 S
489 4161 520 4212 B.
541 4161 614 4210 Paris
633 4161 704 4221 1⁶67,
721 4157 771 4219 lV;
789 4158 857 4222 Opp.
875 4160 908 4210 ib.
927 4161 997 4220 1839,
1017 4158 1046 4216 l;
1070 4157 1177 4220 Surius;
1195 4158 1283 4220 ldigne
1304 4160 1380 4222 182);
1406 4162 1441 4212 εἴ.

281 4228 355 4277 Vinc.
374 4227 439 4276 Bell.
524 4229 535 4259 ⁸
552 4227 581 4276 E.
596 4225 675 4275 nichil
686 4225 772 4274 traxit.
857 4223 867 4253 ⁴
884 4224 935 4274 Vit.
950 4232 1077 4274 materno.
1159 4225 1169 4254 ⁸
1187 4224 1216 4274 F.
1230 4225 1442 4287 arcbinachana;

281 4294 310 4343 T.
324 4295 499 4344 archmacana.
618 4289 628 4319 ⁸
645 4307 681 4340 sc.
696 4291 810 4340 lmarius.
927 4288 935 4318 ²
952 4305 990 4340 sc.
1003 4290 1101 4340 Celsus.
1232 4289 1242 4317 ¹
1258 4289 1287 4338 T.
1301 4291 1440 4342 eiusmodi.

280 4359 291 4389 ²
308 4358 339 4410 Ε.
351 4359 483 4410 vitebatur.
583 4358 602 4388 ¹⁰
617 4357 670 4407 vit.
682 4357 780 4407 scirent
791 4355 832 4406 vel
843 4371 867 4407 v.
1507 4365 1508 4378 ³
