3046 4902
268 247 341 344 584
698 241 902 348 Qualis
929 241 981 324 1¹·

265 449 301 504 de
313 447 424 504 duobus
442 445 524 504 malis
537 446 715 504 tollerabilius
734 457 777 504 est
795 447 965 519 eligendum,
977 457 1005 504 et
1024 446 1089 503 ideo
1107 447 1196 502 laudo
1216 449 1357 520 quatinus
1376 449 1426 505 fide

265 530 405 586 catholica
426 541 546 598 seruata,
566 531 679 586 manno
700 549 752 602 pro
772 541 897 602 tempore
915 541 944 586 te
965 532 1070 586 subdas
1089 541 1117 585 et
1136 532 1255 587 instans
1276 533 1427 588 discrimen

1499 2365 1500 2428 l

266 612 422 668 dedicionis
451 613 601 668 occasione
630 613 763 670 declines.
801 615 877 668 Nam
901 613 965 669 belli
990 613 1113 684 presidio
1137 630 1198 668 non
1225 626 1327 684 potest
1352 629 1429 670 canu

266 695 365 752 classis
378 695 407 750 in
420 705 546 767 tempore
559 695 704 752 breuitatis
718 696 824 766 repelli,
837 697 904 767 quia
916 707 944 750 et
956 713 1007 750 nos
1020 696 1139 766 inparati
1153 714 1268 764 sumus,
1282 709 1314 753 et
1330 699 1429 752 adner-

238 779 356 852 5sarius
374 791 485 834 merrus
509 789 552 834 est
577 779 614 832 ad
639 779 776 848 prelium?
811 779 890 834 Abho
914 781 1038 834 Flun'ac.
1074 778 1255 850 ilCumque
1278 781 1431 851 episcopus

266 860 382 917 timidus
397 879 448 932 pro
465 861 523 916 vita
540 861 614 932 regis
632 861 687 916 hiis
705 873 734 918 et
748 861 907 916 huiusmodi
926 862 1049 917 consiliis
1069 871 1097 916 et
1116 862 1250 932 plurimis
1270 866 1433 920 hortaretur

267 943 402 1014 exemplis
421 955 449 1000 vt
467 944 606 999 tirannum
624 947 734 1000 cautela
755 945 945 1000 simulacionis
965 944 1106 1000 eluderet:
1126 961 1176 1000 rer
1196 948 1320 1017 obstipo
1342 949 1433 1018 capite

267 1026 394 1096 deligens
412 1027 518 1082 lumina
534 1028 623 1094 terris,
643 1029 755 1098 altaque
773 1029 887 1083 trahens
912 1029 1039 1098 suspiria,
1065 1029 1212 1098 paululum
1232 1031 1386 1096 continuit,
1406 1043 1432 1085 et

268 1110 309 1166 sic
321 1112 436 1166 demum
443 1127 492 1165 ora
499 1111 612 1166 resoluit
625 1129 631 1165 :
651 1113 693 1166 ‘O
706 1111 846 1182 episcope,
855 1111 911 1166 viui
919 1112 956 1166 ad
967 1111 995 1165 id
1003 1110 1181 1180 peruenimus
1190 1113 1275 1182 quod
1284 1130 1433 1184 nunquam

225 1215 256 1252 ro
270 1193 350 1248 veriti
369 1197 484 1248 sumus?
502 1209 569 1250 ecce
585 1193 721 1249 barbarus
736 1195 847 1249 aduena
859 1193 986 1250 districto
998 1211 1065 1248 ease
1077 1193 1221 1248 veteribus
1241 1196 1329 1264 regni
1349 1195 1433 1250 nostri

269 1275 377 1332 colonis
390 1274 551 1346 im[m]irtet,
564 1289 592 1332 et
604 1277 747 1347 quondam
755 1277 819 1331 felix
828 1275 961 1346 indigena
970 1276 1136 1346 suspirando
1147 1293 1273 1345 gemens
1286 1289 1376 1334 tacet.
1399 1281 1434 1332 Et

269 1360 376 1415 vtinam
389 1359 417 1412 in
430 1359 637 1430 presenciarum
650 1359 771 1413 uiuendo
783 1358 886 1430 quique
899 1369 1049 1428 gemerent,
1062 1375 1114 1413 nec
1126 1371 1248 1414 cruenta
1267 1362 1344 1416 cede
1362 1361 1435 1432 peri·

266 1452 339 1509 rent,
363 1441 504 1514 quatinus,
517 1441 607 1498 eciam
628 1459 675 1496 me
692 1443 882 1510 occumbente,
895 1439 1057 1511 superstites
1076 1441 1176 1495 fierent
1195 1450 1224 1496 et
1246 1443 1289 1496 ad
1316 1444 1436 1513 pristine

267 1523 409 1580 felicitatis
426 1525 545 1594 gloriam
563 1525 744 1596 postmodum
762 1523 899 1579 redirent.¹
937 1523 989 1578 Cui
1005 1523 1174 1594 episcopus:
1204 1525 1321 1594 ‘Quos,
1337 1527 1435 1597 inquit,

226 1631 255 1682 ¹5
269 1623 317 1662 rex
335 1605 373 1661 mi
398 1605 585 1673 dilectissime,
605 1618 687 1678 optas
709 1609 813 1662 habere
833 1605 997 1676 superstites
1020 1606 1120 1676 patrie,
1141 1623 1208 1660 etun
1235 1607 1298 1662 iam
1325 1609 1436 1664 hostiis

268 1689 378 1760 gladius
400 1689 446 1744 vix
475 1689 599 1761 aliquem
631 1689 772 1761 reliquerit
802 1687 831 1744 iu
861 1689 946 1759 plena
976 1690 1061 1742 vrbe?
1099 1689 1253 1743 Hebetatis
1285 1692 1434 1747 securibus

269 1785 380 1830 tuorum
407 1773 600 1839 mdauertbus,
624 1783 653 1828 te
683 1772 848 1827 destitutum
875 1770 964 1825 milite
988 1770 1101 1826 veniunt
1126 1769 1193 1826 loris
1224 1774 1433 1844 constringere

270 1857 457 1926 Quapropter,
478 1853 532 1909 nisi
555 1855 619 1924 fuge
643 1854 774 1925 presidio,
796 1864 843 1909 aut
868 1853 1023 1909 dedicionis
1042 1853 1162 1908 infausto
1186 1856 1355 1923 patrocinio
1376 1874 1434 1928 pre-

270 1955 381 2006 caueas,
394 1939 439 1994 bic
458 1938 554 1993 statim
572 1939 691 1992 aderunt
709 1947 829 1992 tortores
848 1935 1081 2007 nephandissimi,
1093 1935 1139 2006 qui
1158 1945 1187 1990 te
1205 1954 1275 1991 cum
1293 1939 1348 1994 tibi
1369 1941 1433 1994 sub-

227 2045 259 2082 20
272 2019 351 2077 lectis
368 2021 476 2076 auferre
488 2020 525 2075 de
537 2018 631 2074 medio
646 2020 837 2074 conabuntur.²
872 2020 918 2074 Ad
931 2019 985 2073 hec
997 2035 1045 2073 rex
1057 2018 1255 2074 beatissimus:
1278 2021 1371 2077 ‘Hoc
1384 2037 1432 2088 est,

271 2104 320 2169 ait,
332 2105 409 2175 quod
428 2103 557 2158 desidero
573 2111 602 2158 et
615 2103 687 2158 votis
700 2101 830 2156 omnibus
848 2111 999 2171 antepono,
1012 2117 1048 2155 ne
1061 2101 1198 2170 supersim
1212 2102 1288 2158 meis
1302 2105 1431 2160 fidelibus

272 2185 424 2242 carissimis
442 2195 470 2240 et
488 2184 596 2252 amicis,
608 2201 680 2255 quos
698 2201 762 2239 cum
781 2184 876 2238 liberis
894 2193 922 2239 et
935 2183 1066 2238 uxoribus
1085 2184 1209 2254 perdidit
1228 2185 1326 2256 pirata
1338 2197 1433 2242 trucu-

271 2271 371 2324 lentus.
420 2269 458 2324 Et
478 2267 547 2339 quid
569 2267 695 2338 suggeris
713 2277 743 2322 vt
765 2265 795 2321 in
819 2279 944 2322 extremo
968 2267 1025 2320 vite
1049 2267 1190 2322 desolatus
1213 2285 1281 2322 meo
1301 2271 1429 2336 satellite,

272 2351 404 2420 fugiendo
422 2351 510 2420 glorie
529 2363 623 2406 nostre
641 2349 747 2405 crimen
766 2349 905 2405 inferam?
941 2350 1060 2420 Semper
1076 2349 1212 2404 delatoria
1233 2352 1430 2407 accusacionis

227 2459 257 2511 ¹5
273 2433 464 2503 calumpniam
488 2433 600 2501 euitaui,
619 2449 764 2503 nunquam
782 2433 878 2488 relicte
897 2431 998 2487 milicie
1019 2431 1121 2502 probra
1138 2433 1280 2487 sustinui:
1306 2447 1337 2490 et
1357 2451 1429 2489 nunc

272 2531 320 2572 ero
333 2515 388 2571 rnei
401 2517 572 2571 voluntarius
591 2515 723 2586 proditor,
737 2514 780 2570 cui
801 2533 851 2586 pro
869 2525 965 2571 eterna
977 2515 1035 2569 vita
1046 2517 1247 2585 consequenda
1258 2524 1289 2571 et
1303 2533 1429 2571 carorum

271 2597 422 2654 amissione
433 2599 478 2652 lux
490 2599 544 2654 ista
556 2609 599 2654 est
609 2598 745 2654 fastidio?
762 2599 789 2653 Ο
797 2597 939 2669 episcope,
948 2597 1125 2668 omnipotens
1134 2615 1229 2652 rerum
1239 2599 1429 2655 arbitertsstis
1499 2581 1500 2656 i

273 2681 377 2737 assistit
385 2683 462 2751 quod
474 2697 519 2737 me
532 2699 582 2737 seu
590 2681 685 2737 viuum
698 2691 895 2736 seumortuum
908 2681 998 2736 nullus
1008 2679 1150 2750 separabit
1163 2681 1310 2736 acaritate
1318 2682 1428 2748 Christi,

273 2765 352 2820 cuius
381 2763 410 2819 in
440 2764 617 2820 confessione
646 2762 825 2834 baptismatis
853 2762 962 2832 suscepi
990 2763 1103 2816 anulum
1127 2762 1202 2831 fidei,
1226 2764 1428 2818 abrenunciato
1499 2777 1500 2782 ’

230 2879 262 2930 30
274 2849 394 2904 sathana
424 2857 452 2904 et
481 2847 611 2903 omnibus
640 2845 751 2918 pompis
781 2844 849 2900 eius.
895 2847 946 2900 Ex
973 2845 1034 2898 alia
1064 2845 1190 2916 legendo.
1233 2847 1329 2902 Deoet
1358 2847 1427 2902 enim

276 2929 465 2988 Christianum
479 2946 616 3001 quemque
629 2945 740 2999 semper
750 2945 814 2983 esse
832 2944 986 2982 memorem
1003 2927 1183 2998 professionis
1200 2943 1261 2995 sue,
1275 2939 1304 2984 et
1318 2930 1427 2984 assidua

276 3013 463 3070 meditacione
479 3013 622 3067 reuoluere
641 3011 717 3081 quod
731 3020 837 3082 quanto
855 3011 934 3080 plura
952 3021 981 3066 et
1002 3009 1109 3064 maiora
1131 3011 1193 3081 quis
1213 3013 1324 3082 recepit
1345 3031 1363 3068 a
1381 3013 1428 3066 do-

276 3097 361 3162 mino,
391 3104 472 3150 tanto
507 3096 544 3149 de
574 3093 711 3148 uniuersis
741 3103 770 3147 et
800 3092 918 3162 singulis
953 3091 1155 3148 districciorem
1191 3095 1357 3150 redditurus
1389 3103 1427 3150 est

276 3177 427 3234 racionem.
478 3179 550 3232 Cum
580 3193 648 3245 ergo
678 3175 792 3246 spiritus
821 3175 911 3230 sancti
936 3174 1040 3230 trinam
1069 3176 1225 3246 receperim
1253 3179 1428 3246 vascionem,

232 3281 262 3333 ³5
277 3260 396 3332 primam
415 3259 528 3331 quidem
547 3259 576 3314 in
599 3259 748 3329 baptismo,
768 3259 920 3314 secundam
944 3275 996 3328 per
1014 3257 1226 3328 imposicionem
1252 3275 1357 3315 manus
1376 3261 1428 3331 epi·

276 3342 363 3412 scopi,
383 3343 498 3397 terciam
520 3341 549 3396 in
569 3341 784 3396 consecracioue
805 3341 902 3410 regni:
930 3340 1057 3411 uunquid
1074 3341 1176 3396 iustum
1194 3351 1239 3397 est
1258 3353 1289 3396 vt
1308 3354 1374 3412 post
1390 3353 1429 3398 tot

276 3435 305 3479 et
318 3433 411 3479 tantm
424 3425 532 3494 gracias
544 3423 631 3479 diuini
644 3423 767 3480 muneris
780 3423 912 3494 incipiam
925 3423 1037 3478 duobus
1054 3422 1174 3478 dominis
1191 3422 1307 3490 seruire,
1319 3437 1349 3480 et
1367 3427 1428 3480 fiam

276 3523 327 3562 vas
346 3515 375 3562 et
396 3506 569 3578 mancipium
587 3506 692 3561 diaboli
709 3505 756 3577 qui
776 3506 862 3561 semel
881 3505 972 3560 factus
990 3521 1054 3560 sum
1071 3506 1207 3575 templum
1224 3515 1254 3560 et
1274 3509 1429 3562 membrum

277 3587 402 3645 Christi?
437 3590 577 3645 'sirannus
589 3589 665 3644 bona
678 3588 815 3660 promittit
827 3587 991 3660 temporalia
1003 3587 1026 3643 si
1038 3604 1173 3658 paruero3
1193 3588 1216 3642 si
1229 3589 1429 3657 detractauere,

232 3699 265 3747 40
279 3671 415 3743 supplicia
427 3671 623 3726 comminatur.
648 3671 743 3727 Vitam
756 3670 885 3726 concedit
900 3689 906 3725 ε
920 3671 975 3726 hac
987 3671 1113 3727 nondum
1125 3687 1206 3726 careo
1217 3689 1225 3739 ς
1237 3687 1360 3740 regnum
1371 3689 1429 3743 pro-

278 3755 383 3810 mittit:
408 3755 464 3809 hoc
490 3755 598 3822 habeo;
624 3754 767 3824 pollicetur
788 3770 865 3824 opes,
883 3751 984 3824 quibus
1006 3769 1065 3807 non
1086 3753 1199 3822 indigeo
1217 3770 1272 3807 nec
1297 3771 1347 3809 eas
1368 3771 1429 3810 con·

278 3837 400 3910 cupisco.
437 3839 517 3892 Deus
535 3847 629 3892 autem
647 3836 750 3906 estqui
770 3838 846 3890 solus
859 3835 962 3889 vtiliter
979 3835 1032 3890 hec
1051 3834 1095 3890 cui
1114 3845 1141 3890 et
1155 3836 1278 3905 quando,
1291 3837 1428 3906 quomodo

279 3930 308 3976 et
320 3929 457 3992 quantum
474 3920 532 3974 uult
545 3918 676 3974 uniuersa
693 3917 816 3988 largitur,
829 3927 857 3972 et
874 3917 1003 3972 fidelibus
1021 3916 1079 3972 suis
1096 3917 1279 3986 expediencia
1294 3917 1428 3974 ministrat

279 4003 317 4058 ad
330 4001 574 4058 habundanciam!
611 4001 649 4056 Et
666 4000 720 4055 hiis
734 4000 826 4067 dictis,
835 4016 989 4055 conuersus
1001 3999 1039 4054 acl
1051 3998 1184 4053 nuncium
1194 3999 1285 4054 dixit:
1305 4001 1426 4055 ‘Recede

234 4101 266 4154 45
281 4084 399 4141 festinus
417 4094 446 4140 et
462 4083 579 4140 domiuo
596 4093 643 4140 tuo
660 4083 732 4139 refer
744 4083 820 4153 quod
836 4084 927 4151 legem
945 4080 1049 4136 Christi
1065 4081 1216 4151 professus,
1233 4098 1286 4152 pro
1299 4082 1345 4136 illa
1361 4081 1424 4135 mori

281 4177 394 4238 paratus
416 4184 487 4236 sum,
509 4167 584 4222 vnde
601 4166 710 4222 nouerit
731 4166 808 4237 quod
832 4164 886 4220 uisi
910 4163 986 4235 prius
1007 4163 1124 4219 effectus
1147 4162 1230 4219 fuerit
1254 4163 1424 4229 christianus,
1499 4229 1500 4240 χ

280 4266 334 4308 nec
357 4266 404 4307 me
427 4265 479 4307 nec
504 4249 638 4322 populum
662 4249 709 4306 dei
731 4249 879 4322 prophano
903 4245 969 4304 duci
993 4245 1142 4304 subiciam.
1176 4247 1216 4302 Et
1241 4245 1266 4302 si
1290 4247 1422 4302 thesauros
1499 4241 1500 4254 *
