3032 4882
293 315 365 388 ³22
601 291 1125 398 winomari&

292 497 460 570 rubraeque
478 511 547 554 cum
565 495 714 568 capitibus
732 493 826 550 albis'
862 493 997 564 Quesitis
1008 511 1082 550 vero
1097 493 1217 564 talibus,
1229 511 1287 552 nec
1300 494 1444 564 inuentis,

292 583 431 656 peruenit
448 585 572 642 tandem
596 585 634 640 ad
659 591 797 639 motum
822 581 972 647 Piranum
994 593 1026 638 et
1042 582 1120 639 duos
1143 581 1342 640 Brendanos¹
1360 583 1444 639 viros

292 681 415 728 sanctos
438 689 543 728 secum
568 670 692 728 inuenit.
730 669 768 726 Et
791 668 915 742 gauisus
935 687 992 742 pro
1012 671 1190 742 hospitibus,
1215 670 1343 727 Piranus
1367 670 1445 726 dixit

292 775 387 830 puero
405 777 478 816 suo:
500 759 597 829 ‘Quid
616 759 711 814 habes
729 757 786 814 sub
805 773 897 813 manu
915 767 967 814 tua
984 767 1016 814 vt
1034 757 1147 814 nostris
1164 757 1337 830 hospitibus
1354 759 1446 814 detur

264 847 348 904 bhac
367 850 488 905 noctel’
524 846 616 918 ‘qu
628 845 733 918 inquit,
750 861 811 901 non
830 845 928 902 habeo
946 844 1005 902 nisi
1023 847 1183 902 humerum
1195 845 1277 914 suis;
1296 855 1327 902 et
1344 846 1444 918 cogito

291 935 372 1006 quod
393 934 459 992 dies
481 933 582 992 ieiunii
603 942 650 990 est
670 943 701 989 et
724 942 846 1006 tempus
867 932 1114 1006 quadragesime·
1151 933 1207 990 Cui
1230 932 1360 989 Piranus
1383 933 1444 989 ait:

292 1020 392 1079 ‘Pone
405 1022 490 1079 illum
503 1039 604 1078 coram
617 1019 787 1093 hospitibus
799 1019 932 1076 nostris¹
943 1031 975 1076 vt
993 1021 1161 1089 comedant,
1173 1031 1205 1077 et
1218 1021 1269 1078 liet
1282 1021 1342 1077 illis
1355 1021 1445 1093 panis

292 1119 322 1164 et
343 1109 420 1178 olus,
439 1109 532 1183 piscis
549 1117 579 1165 et
601 1109 671 1178 mel,
691 1105 765 1180 [et]³
786 1108 888 1164 oleum
911 1116 942 1165 et
963 1108 1084 1164 vinum·
1144 1107 1216 1165 Erat
1239 1117 1340 1165 antem
1365 1108 1446 1165 inter

293 1197 428 1268 hospites
447 1197 570 1269 quidam
595 1195 697 1264 laicus,
715 1193 854 1268 quicum
878 1195 988 1252 ceteris
1006 1196 1166 1252 comedere
1190 1212 1246 1268 per
1267 1196 1444 1268 superbiam

249 1292 281 1330 ¹0
293 1283 510 1356 indignabatur.
546 1283 602 1341 Cui
620 1285 725 1340 besem
738 1281 867 1338 Piranus
882 1299 938 1356 pro
955 1283 1098 1356 superbia
1113 1283 1179 1339 eius
1195 1283 1281 1356 quasi
1297 1283 1445 1352 offensus,

292 1369 322 1425 in
341 1371 448 1443 spiritu
464 1371 513 1428 dei
533 1371 632 1427 futura
651 1369 815 1444 preuidens
835 1370 893 1426 ait:
913 1369 967 1427 ‘In
984 1385 1094 1444 penam
1113 1370 1203 1428 huius
1221 1372 1365 1444 superbie
1382 1381 1444 1436 tue,

291 1459 371 1530 quod
385 1475 453 1514 cum
466 1458 532 1515 aliis
545 1458 716 1531 hospitibus
732 1457 845 1514 nostris
862 1459 1023 1515 comedere
1034 1458 1253 1531 contempsisti,
1265 1475 1391 1515 cantem
1404 1459 1444 1514 de
1501 1473 1502 1482 ¹

291 1545 376 1602 asina
390 1547 422 1602 in
442 1545 554 1602 ieiunio
572 1544 824 1619 quadragesimali
840 1553 910 1602 ante
922 1544 1035 1618 pascha
1053 1547 1195 1603 comedes
1213 1554 1243 1602 et
1259 1545 1291 1602 in
1303 1545 1355 1602 illa
1368 1545 1444 1602 hora

291 1633 330 1688 ab
342 1632 472 1690 inimicis
484 1635 544 1690 tuis
557 1633 707 1706 iugulatus
724 1641 754 1690 et
766 1631 939 1700 decollatus,
952 1651 971 1689 a
983 1650 1076 1705 regno
1088 1632 1139 1692 dei
1154 1633 1271 1690 alienus
1288 1633 1367 1690 eris’
1406 1633 1445 1690 Et

249 1727 278 1780 ¹5
292 1719 402 1778 iactum
415 1731 462 1778 est
475 1719 524 1777 ita
560 1719 596 1776 ln
608 1719 740 1777 crastino
753 1728 854 1777 autem
867 1719 1006 1777 Geranus
1018 1737 1087 1778 cum
1099 1719 1307 1779 benedictione
1321 1721 1380 1777 viri
1393 1723 1444 1778 dei

292 1825 425 1881 pergens
437 1809 521 1866 iuxta
533 1808 629 1882 ripam
642 1808 797 1864 cuiusdam
811 1807 953 1876 fluminis,
962 1817 1081 1881 septem
1092 1825 1198 1866 vaccas
1210 1809 1277 1865 sine
1288 1809 1444 1880 cornibus,

292 1895 428 1969 hispidas
440 1907 470 1953 et
482 1897 591 1954 rubras
603 1912 671 1952 curn
681 1895 828 1968 capitibus
841 1894 916 1952 albis
929 1895 1061 1952 inuenit:
1081 1905 1112 1952 et
1124 1898 1188 1970 regi
1200 1913 1256 1968 pro
1265 1913 1321 1952 sua
1333 1895 1445 1953 libera·

291 1983 373 2040 tione
385 1985 476 2042 dedit.
513 1984 608 2040 Nocte
621 1993 722 2040 autem
734 1961 878 2056 sequenti
886 1982 1101 2056 disparuerunt
1120 1993 1150 2040 et
1167 2000 1316 2057 nusquam
1334 1993 1444 2056 postea

291 2071 323 2128 in
339 2081 420 2129 terra
436 2072 486 2128 illa
499 2071 564 2130 vise
576 2081 655 2129 sunt.
729 2058 813 2127 Puer
824 2067 946 2142 quidam
966 2087 1074 2127 senam
1087 2069 1208 2140 Gerani,
1220 2070 1340 2128 diabolo
1358 2071 1444 2128 insti·

248 2171 280 2208 20
292 2169 381 2232 gantc
393 2161 495 2232 ignem
508 2160 565 2216 sub
579 2159 697 2232 liquore
711 2158 821 2231 potus⁴
833 2158 1049 2215 monachorum
1064 2157 1163 2214 Pirani
1175 2159 1312 2215 extinxit.
1350 2158 1389 2214 Et
1402 2160 1444 2215 ait

292 2245 433 2304 iratribus
448 2247 590 2305 Piranus:
610 2246 707 2303 ‘Ecce
724 2245 803 2318 ignis
821 2255 924 2302 noster
940 2262 959 2300 a
978 2245 1137 2303 maledicto
1153 2263 1248 2320 puero
1261 2244 1373 2303 Gerani
1387 2265 1444 2304 ex·

291 2335 401 2392 tinctus
422 2344 485 2392 est:
515 2333 545 2390 in
570 2334 626 2391 hoc
652 2333 716 2390 loco
740 2333 819 2406 ignis
843 2349 903 2388 non
927 2332 994 2401 erit,
1015 2333 1113 2390 donec
1133 2351 1152 2390 a
1172 2334 1230 2390 deo
1252 2333 1341 2390 nobis
1363 2334 1444 2406 iguis

291 2423 447 2480 adueniat'
483 2422 564 2480 Puer
586 2431 687 2478 autem
712 2419 763 2477 ille
787 2419 836 2477 die
861 2419 990 2477 crastina
1009 2419 1040 2476 in
1066 2421 1143 2478 silua
1166 2439 1184 2477 a
1209 2421 1288 2494 lupis
1312 2421 1444 2492 occisus,

291 2519 427 2567 mortuus
446 2510 568 2566 iacebat.
604 2510 797 2567 Adueniente
814 2517 916 2565 autern
936 2507 1065 2578 Gerano,
1082 2508 1176 2566 exiuit
1196 2508 1323 2565 Piranus
1341 2508 1443 2569 foras:

247 2606 277 2656 Ι5
292 2606 322 2654 et
335 2597 402 2654 susa
414 2598 451 2654 ad
464 2599 556 2654 deum
570 2615 670 2671 prece,
683 2595 762 2670 ignis
773 2597 813 2652 de
832 2595 897 2652 celo
916 2595 946 2651 in
965 2595 1113 2669 gremium
1125 2596 1205 2654 illius
1221 2597 1336 2664 cecidit,
1349 2615 1443 2670 quern
1501 2625 1502 2660 ς

291 2687 329 2742 ad
354 2685 515 2758 hospitium
534 2686 669 2743 vestibus
693 2683 788 2741 illesis
810 2683 924 2740 detulit.
959 2683 1111 2757 Apposita
1134 2694 1235 2742 autem
1260 2701 1345 2754 cena,
1365 2685 1444 2743 dixit

291 2772 430 2831 Geranus
443 2793 449 2830 :
470 2773 522 2829 ‘ln
536 2773 601 2829 loco
614 2771 671 2829 isto
684 2789 745 2828 non
759 2773 926 2839 comedam,
939 2773 1035 2828 donec
1048 2789 1125 2845 puer
1137 2789 1223 2829 meus
1235 2771 1323 2829 vinus
1339 2775 1377 2830 ad
1391 2791 1444 2832 me
1501 2787 1502 2822 1

290 2861 409 2918 veniat’
446 2861 484 2918 Et
503 2869 606 2917 orante
620 2859 737 2928 Picano,
751 2876 828 2932 puer
844 2877 863 2915 a
880 2869 977 2916 morte
996 2875 1168 2933 resurgens,
1179 2859 1262 2917 venit
1281 2861 1319 2918 ed
1338 2878 1393 2917 eos
1412 2871 1444 2919 et

290 2949 419 3006 comedit
436 2965 504 3005 curn
522 2947 589 3005 illis.
664 2935 780 3004 Iterum
794 2949 954 3019 aquodam
967 2947 1058 3004 fratre
1071 2947 1203 3006 extincto
1215 2948 1294 3020 igne,
1306 2947 1442 3022 lapidem

246 3047 279 3096 30
290 3036 460 3095 benedixit:
481 3045 510 3092 et
523 3035 623 3092 statim
633 3034 764 3090 flammis
776 3035 884 3090 ardere
896 3034 993 3108 cepit:
1013 3045 1043 3092 et
1056 3035 1145 3092 nudis
1158 3036 1296 3092 manibus
1308 3035 1444 3110 lapidem

290 3141 460 3193 assumens,
476 3124 513 3180 ad
526 3131 662 3180 sanem
677 3122 860 3180 Rodanum⁵
873 3123 936 3195 (qui
954 3125 993 3179 ad
1011 3123 1237 3180 calilaciendum
1257 3141 1291 3180 se
1303 3127 1444 3196 venerat)

291 3212 357 3269 sine
381 3212 497 3269 lesione
521 3209 700 3284 deportauit
771 3198 867 3267 ‘Alio
884 3219 1020 3283 tempore
1039 3219 1142 3268 sancta
1158 3210 1321 3284 Wingella,
1344 3221 1445 3270 mater

291 3299 385 3356 sancti
412 3298 521 3368 Pirani,
546 3315 607 3354 non
632 3297 737 3372 procul
763 3315 831 3354 curn
862 3297 926 3354 suis
948 3297 1115 3371 virginibus
1140 3298 1300 3368 habitabat,
1324 3299 1444 3356 habens

290 3387 462 3459 alumpnum
475 3386 562 3443 valde
575 3385 731 3459 pulchram
738 3385 861 3442 nomine
870 3383 1061 3456 Brunetam',
1070 3387 1225 3444 cuiusdam
1238 3385 1318 3459 regis
1330 3385 1443 3444 filiam:

245 3488 276 3539 35
291 3473 375 3531 cuius
388 3472 609 3547 pulchritudine
622 3490 678 3530 rex
690 3472 811 3546 quidam
821 3472 833 3506 ⁸
844 3471 968 3542 illectus,
978 3491 1045 3530 eam
1058 3475 1165 3546 rapuit,
1179 3483 1209 3531 et
1220 3473 1252 3530 in
1264 3491 1334 3530 arce
1351 3475 1444 3532 cestii

291 3561 337 3618 sui
359 3561 459 3619 multis
479 3561 587 3618 diebus
609 3561 760 3634 captiuam
782 3560 920 3618 detinuit.
956 3561 1055 3632 Quam
1080 3579 1149 3618 cum
1172 3561 1302 3618 Piranus
1325 3579 1344 3617 a
1368 3579 1444 3636 rege

291 3658 416 3724 peteret,
441 3659 471 3706 et
495 3647 546 3707 ille
571 3665 631 3705 non
656 3649 871 3722 acquiesceret,
895 3648 955 3706 eit:
982 3647 1077 3706 ‘Nolo
1102 3649 1180 3706 hanc
1204 3649 1362 3706 mulierem
1387 3651 1444 3708 tihi

290 3737 470 3810 relinquere,
489 3736 515 3794 si
541 3737 572 3793 in
596 3753 706 3792 aurora
729 3753 789 3793 vox
813 3735 928 3793 ciconie
954 3753 1003 3794 me
1027 3753 1045 3792 a
1069 3753 1199 3810 sompno
1222 3735 1355 3794 excitare
1378 3755 1444 3796 non

290 3825 459 3899 contingat!
500 3825 574 3882 Erat
594 3823 675 3881 enim
696 3823 804 3894 hiems,
823 3833 853 3880 et
871 3833 961 3881 nocte
979 3823 1030 3880 illa
1049 3823 1102 3880 nix
1121 3841 1231 3898 magna
1248 3825 1444 3884 descendens

243 3929 278 3982 4ο
290 3922 420 3972 cestrum
438 3921 468 3970 et
485 3921 578 3970 totam
595 3920 708 3968 terram
726 3911 853 3983 operuit,
873 3911 973 3970 locum
987 3912 1038 3970 vbi
1060 3911 1186 3970 Piranus
1205 3929 1272 3969 cum
1292 3913 1358 3970 suis
1375 3923 1444 3972 erat

289 4019 350 4059 non
369 3999 473 4075 tetigit.
511 3999 546 4057 In
560 4017 629 4057 arce
641 4007 742 4056 autem
755 3999 836 4073 regis
851 4000 1029 4057 inconsuete
1041 4009 1073 4057 et
1085 4009 1190 4058 contra
1203 4009 1341 4057 naturam
1353 4018 1442 4060 suam

289 4089 404 4147 ciconia
422 4089 561 4146 cantabat
578 4095 610 4145 et
630 4103 734 4159 regem
754 4103 773 4144 a
791 4103 919 4160 sompno
938 4088 1097 4145 excitabat.
1133 4087 1218 4146 Tunc
1236 4105 1293 4147 rex
1311 4105 1444 4163 surgens

321 4225 330 4256 ¹
347 4239 383 4274 sc.
398 4223 519 4274 Brenden
532 4223 562 4272 ol
569 4222 712 4273 Cluainlert
725 4223 769 4286 (1⁶
781 4221 854 4282 ilai),
866 4223 917 4271 end
930 4221 1052 4272 Brendan
1065 4222 1095 4272 ol
1103 4223 1164 4272 Birr
1176 4221 1220 4289 (29
1232 4222 1320 4282 Nou).
1381 4222 1393 4253 ¹
1411 4225 1440 4276 F.

288 4291 391 4339 vestris.
465 4291 475 4319 ¹
490 4305 521 4338 so
532 4288 577 4346 T.;
594 4305 645 4339 om.
657 4289 683 4338 in
697 4287 726 4338 E.
793 4288 803 4318 ⁸
820 4288 893 4350 Colg.
907 4289 994 4350 ignem
1005 4289 1161 4352 paschalem.
1231 4288 1242 4318 ⁸
1263 4310 1286 4330 ι
1293 4289 1403 4340 Rundan
1416 4292 1446 4341 ol

289 4355 394 4404 Lothra
493 4355 504 4385 ⁸
520 4354 619 4416 Colgan
630 4369 686 4417 cap.
700 4369 739 4404 ιο.
837 4351 847 4382 ¹
865 4353 938 4417 Colg.
953 4353 1107 4404 Bruinecba.
1206 4352 1216 4384 ⁸
1231 4369 1267 4404 sc„
1280 4354 1400 4418 Dyme.
