3036 4878
79 287 146 340 us.
161 289 284 342 unu-1³.
298 305 320 343 2.
335 293 369 360 n
405 273 602 374 nnuman
628 273 687 365 a.
705 275 939 381 htumtttt.
1174 297 1243 374 729

80 483 222 546 ternpore
233 487 370 534 nocturno
383 478 547 550 quiesceret,
561 490 634 536 astat
647 480 672 536 ei
685 497 736 552 per
747 479 838 536 uisum
851 480 964 536 celestis
981 477 1028 534 illa
1045 488 1074 534 et
1090 478 1165 534 clara
1180 479 1243 536 luce

80 559 257 630 prefulgens
283 579 405 632 persona
428 581 514 634 quarn
539 564 568 618 in
594 564 783 636 superioribus
807 563 962 619 uisionibus
985 563 1102 629 uiderat,
1128 563 1241 618 dicens:

81 644 210 712 ‘Surge
229 661 346 715 sequere
364 663 419 714 me,
431 657 460 702 et
478 648 624 702 ostendam
643 647 694 703 tibi
713 648 760 703 ubi
779 647 950 703 desiderium
968 657 1048 702 tuum
1066 646 1243 717 implebitur.¹

81 725 126 780 Et
142 735 175 781 ut
190 727 242 782 sibi
255 728 409 797 uidebatur,
422 747 538 800 surgens
555 733 724 803 sequebatur
735 749 799 787 euru
811 733 903 788 donec
915 731 1023 787 ueniret
1040 731 1078 787 ad
1090 732 1181 786 locum
1194 730 1241 786 ubi

81 809 168 864 beati
188 811 310 867 martiris
326 829 427 884 corpus
446 815 499 870 sub
515 815 676 886 pauimento
691 815 862 886 quiescebat.
899 813 978 870 Dicit
996 833 1063 885 ergo
1081 815 1122 870 ei:
1142 815 1241 884 ‘Ecce,
1256 835 1269 888 5

81 891 135 946 hic
149 894 271 964 quiescit
285 896 394 952 amicus
407 897 452 953 dei
466 899 599 954 dilectus:
618 899 664 954 dic
681 899 775 970 itaque
787 898 902 954 domino
915 909 964 954 tuo
976 897 1120 968 Bruningo
1132 898 1241 969 presbi-

82 985 151 1031 tero
172 977 237 1047 quia
259 977 287 1032 in
308 979 364 1035 isto
383 982 446 1036 loco
467 980 590 1038 inueniet
609 982 692 1037 eum!
730 983 817 1038 Facto
839 979 922 1050 igitur
941 998 1032 1050 mane,
1053 982 1168 1036 domino
1190 997 1242 1037 suo

82 1059 201 1129 prefato
226 1061 339 1118 nunciat
362 1080 418 1135 que
442 1064 560 1121 uidisset
583 1066 628 1120 uel
652 1065 785 1121 audisset.
831 1063 896 1120 Hiis
920 1063 1033 1130 auditis,
1055 1065 1171 1119 herebat
1195 1064 1241 1120 ille

82 1151 225 1213 stupens;
251 1146 366 1202 tandem
391 1165 458 1203 uero
479 1147 629 1219 resumptis
650 1147 714 1205 fidei
740 1159 767 1204 et
792 1148 851 1219 spei
873 1146 986 1216 uiribus,
1006 1146 1125 1202 intendit
1145 1146 1240 1202 animo

82 1247 145 1301 que
168 1232 333 1289 dicebantur
351 1235 476 1306 experiri.
512 1239 691 1308 Acceptoque
712 1237 821 1292 sarculo
840 1235 924 1290 intrat
943 1235 1099 1300 ecclesiam,
1118 1245 1146 1289 et
1165 1235 1240 1290 iacta
1254 1248 1285 1285 10

83 1313 222 1371 oracione
239 1317 313 1387 cepit
329 1317 425 1374 fodere
437 1319 465 1374 in
479 1320 540 1374 loco
557 1319 606 1374 illo
618 1320 666 1375 ubi
683 1320 809 1391 predicto
826 1319 887 1374 uiro
902 1319 992 1374 fuerat
1009 1318 1239 1373 demonstratum.

85 1398 211 1468 lamque
229 1400 274 1455 vix
292 1401 443 1472 semipedis
460 1403 555 1473 spacio
572 1404 602 1458 in
618 1405 704 1459 altrum
722 1404 840 1470 foderat,
853 1419 918 1458 cum
933 1419 1000 1458 ecce
1012 1401 1154 1472 quoddam
1170 1399 1238 1454 inibi

84 1481 193 1550 reperit
206 1484 391 1554 sepulchrum.
429 1486 548 1541 Miratur
560 1498 588 1542 et
599 1487 712 1556 gaudet,
724 1496 870 1558 totamque
883 1495 985 1542 terram
998 1501 1052 1556 que
1064 1483 1239 1556 superficiem

85 1563 163 1619 illius
177 1567 320 1622 obtexerat
337 1567 448 1624 abradit
464 1578 492 1624 et
504 1569 629 1640 undique
642 1569 768 1636 mundat,
782 1578 813 1623 vt
829 1569 938 1625 cunctis
954 1585 1069 1623 cernere
1081 1566 1239 1623 uolentibus

85 1649 270 1718 perspicuum
281 1667 345 1706 esse
357 1651 502 1722 potuisset
538 1653 627 1708 Audit
639 1669 705 1722 ergo
717 1652 845 1723 populus,
857 1650 977 1706 accurrit
994 1651 1140 1706 uniuersus
1151 1669 1159 1716 ;
1174 1667 1238 1721 pro-
1254 1663 1282 1716 15

85 1731 200 1799 palatur
220 1733 297 1788 lama
317 1734 353 1789 de
374 1735 553 1803 reuelatione,
575 1737 711 1807 probatur
734 1753 802 1790 uera
827 1735 862 1790 de
887 1733 985 1790 tumuli
1006 1733 1184 1801 inuentione;
1209 1743 1238 1790 et

85 1815 219 1883 quamuis
233 1817 331 1872 lateret
346 1818 439 1872 adhuc
450 1835 548 1874 omnes
561 1819 623 1890 quis
640 1819 686 1874 ille
697 1829 780 1886 esset,
791 1817 869 1873 cuius
885 1816 985 1884 metiti,
998 1818 1042 1872 uel
1056 1834 1112 1888 quo
1125 1815 1238 1871 nomine

86 1908 250 1954 censeretur
268 1901 313 1970 qui
335 1900 363 1956 in
383 1902 485 1957 eodem
500 1903 563 1958 loco
579 1902 681 1958 iaceret
698 1902 835 1970 conditus,
848 1902 903 1955 boc
919 1909 1014 1955 tamen
1027 1909 1134 1954 certum
1151 1899 1238 1954 habe·

86 1980 158 2036 bant
172 1984 248 2052 quod
262 1984 307 2039 ille
320 2001 384 2039 uere
397 1985 441 2040 dei
455 1985 568 2050 amicus,
581 2003 671 2054 uerus,
684 1985 772 2040 iustus
785 1994 814 2040 et
830 1993 942 2039 sanctus
954 1992 1038 2051 esset,
1051 1983 1086 2037 de
1099 1999 1155 2052 quo
1166 1982 1237 2038 tales

85 2073 115 2117 et
138 2072 218 2119 tante
237 2067 437 2136 precessissent
456 2067 587 2136 uisiones,
609 2080 637 2124 et
660 2079 720 2124 tam
742 2067 888 2138 perspicua
908 2066 1025 2122 ueritate
1049 2066 1237 2136 subsequente
1251 2088 1282 2124 ao

86 2147 262 2205 claruissent
300 2149 376 2220 Quid
392 2151 501 2206 multa?
523 2151 671 2207 Remansit
688 2151 782 2222 itaque
800 2151 978 2222 sepulchrum
991 2165 1040 2221 per
1052 2148 1114 2204 dies
1129 2149 1244 2220 aliquot¹

85 2229 223 2287 intectum
239 2250 302 2289 cum
319 2233 516 2289 ammiratione
531 2235 683 2290 multorum
699 2235 736 2290 ad
749 2235 903 2290 uidendum
915 2232 1012 2288 diatim
1026 2232 1236 2287 confluencium.

88 2314 231 2370 Presbiter
248 2315 423 2384 uenerabilis,
438 2317 533 2372 animo
550 2328 665 2374 estuans
683 2318 750 2388 quid
769 2329 836 2388 agat
854 2334 910 2388 quo
927 2316 1018 2386 magis
1035 2316 1124 2386 gloria
1142 2314 1188 2370 dei
1207 2324 1235 2370 et

87 2396 161 2454 illius
185 2399 274 2456 sancti
299 2400 388 2455 uirtus
412 2399 586 2469 enitesceret,
606 2404 662 2457 tale
683 2401 819 2472 quiddam
849 2401 945 2456 diuino
966 2410 997 2455 ut
1017 2409 1116 2470 postea
1136 2398 1235 2454 claruit

88 2481 230 2552 instinctu,
243 2483 363 2539 molitur.
402 2485 471 2540 Erat
490 2485 518 2539 in
537 2485 637 2540 eadem
654 2487 723 2541 urbe
741 2486 834 2556 puella
850 2485 972 2557 quedam
983 2483 1095 2553 Aligiua
1112 2481 1234 2550 nomine,
1249 2504 1280 2556 ²5

86 2566 254 2623 Abendonie
272 2576 349 2636 nata,
368 2584 422 2639 que
440 2568 534 2624 neruis
555 2569 585 2624 in
605 2571 710 2641 poplite
732 2569 882 2624 contractis
903 2585 921 2623 a
943 2565 1097 2635 natiuitate,
1116 2576 1236 2637 cogente

87 2649 204 2719 penuria
222 2650 322 2705 cubitis
341 2662 369 2706 et
387 2651 506 2721 genibus
522 2653 661 2724 reptando
678 2653 769 2724 potius
786 2669 873 2724 quam
889 2649 1045 2706 incedendo
1061 2649 1165 2705 uictum
1182 2648 1235 2704 sibi

88 2733 260 2789 cotidianum
282 2733 425 2789 hostiatim
450 2735 638 2790 mendicabat.
675 2738 761 2790 l-lanc
784 2751 850 2804 ergo
875 2731 1089 2805 superueniente
1116 2734 1234 2788 sabbato

88 2827 186 2873 sancto
203 2819 310 2889 pasche
327 2818 451 2888 prefatus
469 2819 609 2886 sacerdos,
628 2818 749 2889 peractis
769 2817 799 2872 iu
820 2817 940 2874 ecclesia
964 2816 1067 2872 diuinis
1084 2815 1233 2886 obsequiis,

89 2901 119 2955 in
134 2901 192 2956 loro
210 2911 367 2972 reptantem
386 2899 510 2956 inuenit:
535 2917 600 2956 earn
618 2901 655 2956 ad
676 2901 793 2955 domum
810 2917 891 2956 suam
908 2899 1033 2967 adduxit,
1050 2909 1080 2955 et
1098 2898 1233 2970 appositis
1247 2919 1280 2970 30

88 2983 227 3040 alimentis
250 2984 364 3052 reiecit3
392 2983 494 3038 deinde
519 2981 595 3038 illam
620 3001 746 3040 seorsum
768 2984 898 3051 aduocat,
921 2983 1039 3049 instruit,
1058 2983 1185 3038 hortatur
1205 2991 1233 3038 et

89 3077 182 3122 monet
194 3077 225 3123 ut
241 3068 264 3123 si
278 3067 346 3123 uelit
362 3067 482 3123 sanitate
494 3066 586 3137 potiri,
598 3067 673 3122 facta
689 3067 766 3137 prius
783 3081 878 3121 coram
891 3069 945 3123 deo
962 3077 990 3122 et
1006 3067 1109 3122 sanctis
1126 3067 1233 3122 eiusde

89 3150 217 3206 omnibus
231 3150 354 3222 peccatis
371 3151 428 3206 suis
445 3149 630 3217 consessione,
642 3159 752 3205 noctem
770 3148 923 3205 instantem
938 3148 1079 3205 dominice
1096 3167 1233 3206 resurrec-

90 3233 170 3289 tionis
186 3234 215 3290 in
226 3234 345 3290 ecclesia
358 3251 453 3289 coram
466 3233 615 3304 sepulchro
626 3233 716 3289 sancti
729 3228 873 3302 uigilando
885 3243 913 3288 et
929 3234 1038 3288 orando
1049 3233 1231 3302 transigeret;

90 3325 192 3389 peteret
210 3327 304 3373 autern
323 3333 341 3371 a
359 3317 414 3372 deo
432 3327 460 3372 et
479 3317 640 3387 postularet,
659 3316 687 3370 in
706 3315 762 3371 lide
779 3315 867 3370 nichil
886 3315 1017 3383 hesitans,
1036 3325 1067 3371 ut
1085 3317 1145 3371 eius
1162 3316 1232 3371 deus
1245 3334 1276 3386 35

90 3399 289 3472 misere[re]tur
300 3410 327 3456 et
341 3416 392 3471 pro
405 3417 500 3455 amore
513 3398 602 3455 sancti
615 3399 688 3454 illius
699 3399 747 3470 qui
760 3398 789 3453 in
797 3399 898 3454 eodem
910 3399 1018 3453 tumulo
1030 3399 1160 3454 conditus
1172 3409 1232 3455 erat

91 3485 202 3539 salutem
220 3485 245 3539 ei
258 3483 410 3554 largiretur,
423 3493 453 3538 vt
465 3483 494 3538 in
507 3483 567 3538 eius
580 3482 699 3538 sanitate
713 3482 821 3538 cunctis
837 3481 1022 3538 innotesceret
1039 3499 1124 3554 quam
1143 3482 1232 3538 iustus

90 3577 117 3622 et
129 3584 211 3639 quam
224 3577 337 3623 sanctus
352 3577 379 3622 et
392 3583 476 3638 quam
489 3583 554 3622 uere
568 3567 622 3621 deo
635 3565 751 3621 dilectus
768 3565 896 3622 existeret
913 3563 992 3620 cuius
1008 3564 1037 3620 in
1054 3566 1154 3620 εοάεω
1170 3567 1232 3621 loco

91 3650 260 3722 sepulchrum
280 3652 497 3706 monstrabatur.
534 3649 600 3705 Hiis
618 3649 730 3718 auditis,
743 3649 790 3705 illa
807 3649 916 3718 gracias
935 3645 1042 3717 agitet
1060 3659 1230 3719 cunctaque

91 3733 162 3790 illam
171 3735 300 3790 sacerdos
311 3732 462 3806 [h]ortatus
471 3743 531 3790 erat
540 3733 641 3803 facere,
652 3732 831 3789 deuotissime
841 3731 945 3789 studuit
954 3731 1116 3802 adimplere.
1143 3730 1231 3801 Igitur
1243 3750 1276 3802 40

90 3818 135 3874 ubi
154 3817 320 3874 adueniente
345 3835 463 3888 uespera
487 3826 598 3887 tempus
620 3816 721 3887 quietis
742 3815 985 3888 appropinquauit,
1010 3815 1141 3870 sacerdos
1165 3832 1230 3870 curn

92 3900 190 3957 clericis
207 3900 272 3968 suis,
284 3900 387 3956 clausis
403 3901 486 3956 solito
497 3917 575 3956 more
587 3898 685 3954 hostiis
702 3898 827 3966 ecclesie,
840 3898 959 3970 propriis
975 3898 1127 3954 succedunt
1141 3897 1229 3966 tectis,

91 3985 209 4056 predicta
221 3985 314 4054 puella
326 3983 441 4039 interius
453 3983 529 4038 iuxta
542 3982 631 4038 sancti
645 3982 824 4053 sepulchrum
836 3982 940 4038 relicta.
978 3983 1039 4050 Que
1052 3998 1114 4036 cum
1127 3982 1229 4036 deuote

92 4066 212 4139 precibus
230 4065 350 4123 assiduis
368 4066 508 4122 insisteret
526 4075 555 4121 et
573 4065 658 4121 adeo
677 4063 806 4121 sanitatis
822 4065 954 4136 graciam,
966 4076 996 4120 ut
1012 4065 1102 4120 luerat
1120 4064 1229 4130 edocta,

92 4151 251 4221 postularet;
272 4150 366 4206 subito
382 4151 549 4220 intempeste
567 4147 658 4205 noctis
677 4148 802 4216 silencio,
813 4150 868 4205 deo
884 4149 1035 4204 miserante
1051 4147 1098 4220 qui
1115 4157 1228 4202 sanctos
1241 4162 1273 4216 4⁵

91 4249 151 4288 suos
162 4233 298 4303 mirificat,
307 4234 383 4289 uidet
396 4233 443 4288 illa
452 4242 541 4288 totam
551 4232 698 4289 ecclesiam
705 4233 800 4289 celesti
808 4233 916 4304 fulgore
924 4231 1060 4299 illustrari,
1069 4231 1227 4288 columbam

94 4333 194 4389 quoque
212 4315 286 4373 niuei
306 4314 408 4373 coloris
428 4332 478 4388 per
496 4315 643 4373 ecelesiam
663 4316 719 4372 huc
740 4317 860 4388 illucque
881 4316 997 4373 uolitare
1016 4325 1044 4374 et
1064 4315 1180 4372 tandem
1199 4313 1229 4370 in
