3044 4878
322 303 364 376 18
628 299 760 386 iiim
784 295 975 400 [menna
999 295 1150 400 annila

316 498 459 568 inclusus,
472 515 528 572 per
542 507 660 572 septem
673 499 739 556 dies
751 497 899 556 cruciatus
916 507 1005 568 esset,
1018 499 1135 556 extrahi
1150 515 1184 556 se
1201 497 1285 572 petiit
1297 507 1328 555 et
1343 514 1462 556 crucem

318 587 498 644 dominicam
511 588 711 644 indicaturum
724 587 869 660 promisit.
907 586 979 645 ldeo
997 603 1070 644 vero
1090 585 1176 643 ludei
1192 604 1227 644 se
1244 597 1306 642 tam
1325 585 1464 642 difficiles

319 675 484 730 reddebant
508 676 546 730 ad
571 675 669 732 locum
697 675 926 744 ostendendum,
952 673 1022 746 quia
1047 683 1197 731 nonerunt
1218 675 1297 747 quod
1324 691 1396 730 mox
1415 671 1464 730 vbi

318 761 433 834 lignum
446 761 560 818 domini
572 761 747 835 contigisset
757 761 893 830 reuelari,
901 771 1097 820 euacuaretur
1106 762 1165 831 lex,
1174 769 1204 818 et
1216 779 1293 834 gens
1304 760 1464 818 iudeorum

288 849 458 918 „tdecetero
480 866 634 922 nunquam
657 858 805 922 regnaret.
841 849 930 906 Vnde
950 857 988 918 et,
1007 850 1087 922 quod
1107 849 1270 906 timuerunt
1289 848 1396 906 accidit
1413 848 1465 904 eis

320 935 414 994 Porro
427 936 579 1010 predictus
590 935 679 994 ludas
692 953 760 993 cum
770 937 809 992 ad
822 937 920 994 locum
930 938 1064 994 venisset
1073 936 1122 992 vbi
1135 953 1209 993 crux
1217 937 1465 1002 abscondebatur,

319 1033 349 1082 et
369 1024 480 1080 ibidem
502 1025 648 1096 prolixius
663 1033 789 1090 orasset,
811 1024 895 1080 iocus
916 1023 1015 1081 subito
1036 1024 1288 1088 commonebatur,
1308 1033 1339 1080 et
1364 1022 1465 1079 fumus

319 1121 484 1168 aromatum
505 1110 598 1168 exiuit
619 1111 688 1168 miri
708 1111 826 1181 odoris3
845 1113 929 1168 itavt
950 1110 1040 1168 ludas
1059 1113 1182 1168 miratus
1201 1109 1354 1168 Christum
1373 1110 1465 1166 conti·

318 1207 440 1256 teretur.
478 1199 487 1232 ¹
498 1197 568 1254 Erat
581 1207 682 1255 autem
697 1201 728 1254 in
744 1199 851 1256 eodem
866 1199 940 1268 loco,
953 1207 1041 1272 prout
1053 1199 1084 1255 in
1100 1197 1308 1256 Ecclesiastica
1320 1197 1466 1270 Hystoria

276 1303 307 1341 10
318 1286 453 1355 traditur,
465 1286 613 1358 templum
626 1285 765 1354 Veneris,
772 1287 852 1358 quod
866 1287 905 1342 ibi
916 1286 1068 1344 Adrianus
1081 1288 1245 1359 imperator
1257 1293 1463 1342 construxerat

319 1383 350 1432 vt
370 1373 397 1430 si
417 1373 485 1446 quis
507 1373 537 1430 in
559 1374 627 1445 ipso
647 1373 713 1430 loco
733 1373 886 1430 Christum
908 1375 1034 1431 adorare
1053 1373 1154 1441 vellet,
1168 1373 1321 1431 Venerem
1339 1374 1465 1429 adorare

319 1461 489 1518 videretur:
518 1461 557 1516 ob
581 1460 637 1516 hoc
662 1459 751 1533 igitur
775 1461 858 1516 locus
882 1477 962 1534 pene
983 1461 1124 1518 obliuioni
1142 1461 1229 1518 datus
1249 1469 1312 1529 est;
1338 1461 1420 1516 vnde
1439 1469 1465 1514 et

320 1549 509 1606 sanctissima
529 1548 633 1619 regina
654 1547 800 1621 templum
821 1547 953 1606 funditus
975 1548 1044 1606 fecit
1063 1549 1186 1616 destrui,
1207 1557 1238 1606 et
1263 1548 1361 1606 locum
1381 1547 1465 1604 arari.

321 1635 393 1692 Post
412 1636 467 1692 hec
486 1633 618 1708 prefatus
638 1634 728 1691 ludas
747 1653 815 1692 cum
834 1635 924 1692 sociis
936 1635 1061 1694 viriliter
1074 1635 1177 1694 fodere
1196 1636 1294 1708 cepit:
1313 1645 1344 1692 et
1363 1634 1464 1706 viginti

277 1737 307 1790 15
321 1741 430 1798 passus
440 1723 565 1791 fodiens,
571 1732 634 1778 tres
643 1739 748 1779 cruces
756 1723 879 1792 inuenit,
886 1740 962 1795 quas
971 1725 1074 1796 regine
1082 1723 1196 1780 detulit.
1213 1723 1274 1780 Sed
1282 1741 1351 1780 cum
1357 1722 1465 1779 Christi

321 1827 440 1868 crucem
454 1811 492 1866 ab
504 1809 562 1866 illis
576 1811 762 1882 duabusque
776 1810 926 1866 latronum
943 1809 1061 1868 fuerant
1080 1811 1232 1868 nescirent
1244 1811 1427 1876 discernere,
1439 1819 1467 1866 et

320 1899 398 1956 circa
427 1898 531 1954 horam
558 1913 668 1954 nonam
691 1896 812 1969 quidam
834 1907 969 1954 mortuus
991 1897 1023 1955 in
1043 1897 1154 1956 feretro
1181 1907 1359 1972 portaretur,
1379 1898 1467 1954 ludas

321 1987 464 2045 feretrum
475 1985 578 2054 tenuit,
589 1993 618 2042 et
627 1983 725 2058 prima
732 2001 767 2040 ac
775 1986 908 2042 secunda
915 2002 1004 2042 cruce
1013 1985 1159 2058 appositis
1168 1985 1186 2053 ²,
1196 1995 1331 2042 mortuus
1344 1987 1466 2042 minime

322 2092 355 2132 se
374 2076 476 2142 mouit,
494 2089 566 2130 mox
582 2089 654 2128 vero
674 2081 705 2128 vt
723 2075 861 2146 apposuit
879 2073 1006 2140 tertiam,
1023 2073 1160 2146 protinus
1176 2073 1227 2130 ille
1245 2079 1296 2146 qul
1311 2072 1467 2130 defunctus

277 2181 309 2220 ao
322 2171 386 2220 erat
396 2163 483 2219 rediit
490 2161 528 2216 ad
537 2161 638 2216 vitam.
658 2159 765 2217 ¹Plura
777 2161 901 2232 insuper
911 2160 1054 2216 miracula
1061 2177 1117 2234 per
1126 2161 1206 2217 illam
1217 2177 1336 2218 crucem
1343 2162 1413 2234 ipsa
1423 2159 1468 2216 die

323 2250 442 2316 fiebant,
461 2249 540 2306 vnde
562 2257 591 2304 et
610 2247 687 2302 hanc
712 2265 832 2304 crucem
857 2247 970 2304 domini
993 2247 1086 2304 fuisse
1109 2257 1213 2320 aperte
1237 2247 1467 2314 intellexerunt;

322 2352 412 2410 quam
427 2345 528 2392 tamen
542 2342 648 2406 postea
655 2351 711 2406 per
718 2334 835 2390 titulum
843 2351 934 2407 quem
944 2334 1066 2407 Pylatus
1074 2334 1132 2407 ipsi
1145 2333 1226 2392 cruci
1234 2343 1469 2408 superposuerat

323 2423 443 2496 plenius
464 2430 678 2494 cognouerunt
723 2421 782 2479 Per
801 2422 857 2478 hoc
876 2439 995 2495 quoque
1014 2423 1128 2491 melius,
1148 2423 1228 2495 quod
1251 2423 1399 2496 dyabolus
1416 2423 1468 2478 hoc

323 2511 392 2584 ipso
413 2519 549 2582 tempore
569 2508 717 2565 terribiles
738 2509 880 2566 emittens
892 2525 983 2566 voces
999 2511 1114 2568 cunctis
1133 2509 1320 2566 audientibus
1337 2511 1377 2568 de
1399 2510 1470 2566 luda

279 2618 309 2670 ²5
324 2597 572 2670 conquerebatur,
593 2596 691 2654 eidem
709 2613 828 2668 quoque
853 2605 1002 2654 tormenta
1023 2605 1053 2654 et
1078 2597 1303 2670 persecutiones
1324 2597 1470 2669 plurimas

324 2685 499 2744 minabatur.
532 2683 650 2757 Regina
658 2700 730 2739 vero
741 2683 913 2740 beatissima
921 2701 1040 2740 crucem
1048 2684 1237 2752 dominicam,
1247 2685 1332 2741 cuius
1341 2685 1470 2742 brachiis

323 2772 414 2832 totius
427 2770 539 2830 seculi¹
551 2771 695 2844 pependit
708 2771 852 2843 precium,
865 2771 981 2828 dulcius
993 2771 1187 2844 amplectens,
1201 2789 1269 2828 cum
1286 2771 1403 2844 ingenti
1421 2774 1471 2829 de·

324 2861 444 2917 untione
462 2877 497 2915 ac
513 2859 737 2932 lachrymarum
755 2858 901 2916 effusione
914 2859 1113 2916 venerabatur
1125 2867 1155 2916 et
1168 2860 1310 2929 adorauit,
1323 2869 1415 2932 atque
1435 2861 1470 2916 de

323 2947 511 3006 diuinissimo
529 2947 692 3019 celesthue
710 2945 852 3002 thesauro
872 2945 931 3002 leta
950 2946 1057 3003 effecta
1077 2963 1111 3004 ac
1133 2946 1356 3014 iocundissima,
1374 2947 1471 3020 ipsam

278 3057 311 3106 ³0
324 3053 443 3092 crucem
463 3035 595 3092 maxima
610 3051 677 3090 cum
690 3033 883 3090 veneratione
901 3033 1003 3091 diuisit
1021 3044 1051 3092 et
1070 3043 1187 3106 partem
1201 3033 1261 3090 filio
1274 3033 1471 3092 Constantino

325 3125 404 3180 misit
412 3123 431 3190 ⁴,
442 3131 558 3195 partem
568 3138 641 3178 vero
649 3119 745 3176 thecis
755 3121 855 3178 aureis
864 3119 1011 3178 inclusam
1022 3120 1234 3178 Hierosolimis
1243 3121 1371 3194 reliquit.
1402 3122 1471 3178 Post

323 3210 379 3267 hec
400 3226 481 3278 vero,
501 3225 570 3266 cum
590 3209 680 3266 etiam
703 3208 804 3264 clauos
823 3207 937 3264 domini
958 3209 1069 3266 habere
1094 3207 1257 3281 plurimum
1277 3209 1472 3278 desideraret,

324 3297 474 3370 prefatum
491 3297 604 3366 ludam,
623 3311 723 3368 quem,
742 3304 810 3368 post
831 3295 1037 3352 inuentionem
1059 3305 1161 3352 sancte
1183 3295 1279 3352 crucis
1298 3295 1471 3366 Quiriacum

324 3388 519 3453 nominatum,
534 3382 805 3440 Hierosolimorum
822 3383 998 3455 episcopum
1014 3383 1172 3453 ordinauit,
1185 3393 1218 3438 vt
1234 3384 1273 3440 ad
1292 3384 1390 3440 iocum
1406 3402 1471 3458 per-

279 3493 310 3544 35
324 3481 409 3545 geret
428 3481 458 3528 et
477 3471 578 3528 clauos
597 3469 712 3526 domini
729 3471 919 3542 perquireret
936 3470 1095 3527 instantius
1112 3470 1237 3542 rogauit.
1276 3471 1334 3540 Qui
1351 3489 1422 3528 cum
1435 3473 1470 3528 ad

324 3559 423 3616 locum
433 3559 575 3628 venisset,
589 3567 618 3614 et
631 3557 796 3614 orationem
815 3556 951 3626 fudisset,
965 3559 1106 3614 continuo
1125 3558 1200 3614 claui
1213 3557 1295 3616 velut
1313 3575 1422 3616 aurum
1444 3559 1472 3615 in

324 3657 404 3704 tena
414 3645 551 3719 fulgens³
561 3654 781 3718 apparuerunt:
798 3662 875 3718 quos
887 3644 1047 3719 episcopus
1057 3647 1161 3719 regine
1174 3646 1288 3714 detulit,
1299 3645 1411 3720 illaque
1420 3663 1472 3705 eos

325 3743 501 3792 reuerenter
510 3733 645 3790 adorauit
660 3753 667 3803 ;
686 3749 813 3804 quorum
827 3741 933 3804 postea
945 3750 1039 3790 vnum
1051 3733 1082 3788 in
1095 3733 1189 3806 galea,
1202 3733 1329 3790 alterurn
1342 3733 1373 3790 in
1387 3733 1473 3792 freno

324 3821 513 3895 imperatoris
532 3821 706 3892 composuit,
720 3829 751 3876 vt
770 3820 813 3876 sic
833 3829 974 3888 armatus,
987 3837 1112 3878 securus
1128 3821 1167 3876 ad
1181 3821 1260 3878 bella
1277 3823 1472 3894 procederet;

279 3929 312 3980 40
324 3911 449 3968 tercium
455 3926 529 3966 vero
537 3907 594 3964 sibi
604 3925 659 3980 pro
668 3908 810 3964 thesauro
818 3907 1041 3979 preciosissimo
1049 3909 1224 3965 reseruauit.
1242 3908 1307 3965 ‘Ex
1317 3909 1374 3966 hoc
1384 3911 1474 3983 igitur

325 4009 462 4072 tempore
473 3996 577 4069 regina
588 3995 777 4062 venerabilis,
790 4004 902 4068 quanto
915 3995 1012 4068 magis
1031 3995 1115 4068 prius
1134 3995 1165 4052 in
1179 3997 1273 4053 veteri
1290 4005 1473 4054 testamento

326 4087 441 4143 iudaice
455 4085 581 4158 perfidie
592 4083 756 4153 insistebat,
766 4091 848 4138 tanto
857 4083 952 4155 magis
963 4083 1155 4156 postmodum
1164 4082 1195 4140 in
1204 4101 1283 4141 nouo
1291 4093 1473 4142 testamento

326 4182 356 4232 et
369 4172 482 4230 Christi
491 4171 656 4244 euangeliis
669 4171 832 4228 studiosius
840 4171 976 4228 estuabat
988 4190 995 4242 3
1015 4179 1116 4244 etque
1129 4189 1148 4228 a
1157 4170 1284 4244 pueritia
1293 4170 1375 4229 fulsit
1385 4174 1474 4246 quasi

358 4285 367 4314 ¹
384 4287 423 4337 Cf.
436 4287 498 4349 Lag.
510 4287 596 4336 Aurea
609 4286 649 4336 De
663 4286 814 4336 inventione
826 4286 924 4348 Crucis,
937 4301 963 4349 p.
975 4287 1033 4348 308.
1118 4284 1129 4313 '
1146 4285 1175 4334 E.
1187 4287 1329 4348 appositus.
1417 4289 1427 4318 ⁸
1446 4290 1474 4338 E.

326 4352 397 4402 secli.
463 4352 524 4402 ‘al
536 4352 636 4402 detulit.
702 4351 762 4402 ⁵ai.
775 4351 912 4414 fulgentes.
978 4351 1081 4401 ‘From
1093 4353 1138 4401 the
1148 4351 1264 4402 Historia
1276 4353 1352 4402 trium
1362 4353 1473 4417 Regum.
