3008 4904
377 303 454 398 Do
477 301 642 392 &mtto
667 301 898 392 mammas.
1141 319 1211 394 249

282 577 307 638 tl
321 574 477 632 Doutmcn
490 591 584 630 inrita
596 591 749 632 ocrauatt.
785 572 877 630 Lectio
885 572 990 646 prima

64 705 127 833 H
138 702 272 761 Enricus
290 705 421 778 primum
437 703 664 761 sarisburiensis
683 704 824 770 decanus,
845 711 950 776 postea
967 699 1135 759 baiocensis
1149 699 1213 774 epi-

174 809 297 865 scopus,
321 793 471 865 quendam
496 792 527 848 in
551 793 641 848 domo
665 791 736 847 sua¹
760 790 938 848 seruitorem
958 789 1068 858 habuit,
1090 797 1214 862 ruptura

58 875 360 954 intestinorumque
379 881 417 936 ad
437 881 558 936 bursam
582 877 730 936 virilium¹
751 879 980 948 descenderunt,
1002 886 1213 950 pregrauatum

58 965 283 1023 miserabiliter.
320 967 416 1024 Tanta
432 966 486 1023 t'uit
501 967 531 1023 in
550 965 672 1023 homine
689 966 777 1021 huius
794 983 882 1022 casus
901 965 1043 1034 molestia,
1063 973 1094 1020 vt
1113 973 1214 1037 preter

59 1051 155 1125 inepti
169 1055 228 1111 loci
244 1054 462 1126 gibbositatem,
474 1055 513 1110 ob
530 1071 621 1126 quarn
641 1053 782 1110 incedere
800 1071 861 1110 non
880 1061 993 1125 posset,
1005 1051 1095 1108 etiam
1115 1051 1242 1116 tenuis5

58 1141 203 1210 pellicule
221 1159 281 1214 que
299 1143 468 1214 ponderosa
485 1141 601 1198 viscera
619 1141 797 1204 continebat,
810 1140 978 1213 ruptionem
997 1139 1094 1195 indies
1113 1139 1214 1196 lormi-

59 1226 159 1286 dabat.
209 1229 288 1299 Quid
314 1229 420 1302 plura?
450 1228 497 1285 tis
521 1227 697 1301 egritudinis
721 1228 857 1301 pluribus
881 1237 950 1283 nota
975 1234 1038 1284 est:
1069 1227 1123 1283 sed
1148 1229 1214 1299 ipsa

59 1316 185 1372 curandi
198 1317 248 1373 via
260 1334 338 1372 noua
351 1325 381 1372 et
393 1317 524 1372 inaudita
535 1325 590 1372 est.

94 1403 117 1462 ‘t
137 1403 235 1461 Lectio
254 1405 285 1460 ii.
320 1392 475 1462 Veniente
493 1404 614 1462 homine
629 1403 661 1459 in
679 1404 826 1476 templum
844 1397 957 1458 domini
977 1401 1036 1474 [ac]
1055 1402 1092 1458 ad
1109 1417 1215 1457 monu-

61 1499 201 1548 mentum
226 1490 348 1564 gloriosi
369 1491 553 1548 eonsessoris
574 1491 749 1558 decubante,
770 1499 840 1563 post
864 1489 981 1563 vigilias
1004 1489 1093 1546 vnius
1118 1489 1214 1545 noctis
1231 1503 1261 1539 10

61 1579 196 1636 reuersis
216 1579 365 1636 intestinis
384 1577 440 1652 [in]
457 1579 555 1635 locum
579 1595 676 1648 suum,
693 1578 794 1634 omnis
814 1577 852 1634 ab
875 1596 911 1634 eo
930 1577 1051 1634 euanuit
1068 1577 1214 1650 egritudo.

64 1661 141 1722 Mira
167 1673 238 1723 res!
265 1667 448 1724 ascendente
473 1667 510 1722 ad
530 1675 569 1736 te,
591 1667 722 1736 domine,
746 1665 881 1721 oratione
905 1664 971 1734 viri,
995 1663 1109 1722 meritis
1134 1663 1214 1720 beati

62 1749 216 1810 Osmundi
234 1755 401 1810 ascendunt
418 1763 448 1811 et
468 1753 592 1818 viscera,
610 1753 708 1810 omnis
727 1753 856 1809 fractura
875 1760 905 1808 et
926 1751 1043 1824 eruptio
1062 1752 1213 1808 solidatur.

63 1839 217 1908 Ascendit,
230 1841 327 1913 inquit
334 1841 353 1912 ⁸,
361 1842 398 1897 ad
408 1850 439 1898 te
448 1840 541 1897 oratio
550 1858 614 1910 sua,
625 1849 655 1897 et
668 1838 823 1898 descendit
833 1856 1001 1912 supereum
1011 1838 1214 1895 misericordia

62 1933 119 1982 tua.
1230 1939 1259 1990 15

97 2014 211 2074 tileo.
230 2015 269 2072 iii.
312 2001 358 2072 Vt
378 2024 478 2074 autem
498 2015 609 2072 maiora
628 2016 793 2088 repetendo
812 2015 851 2070 de
869 2011 1001 2070 morbis*
1020 2013 1057 2069 ad
1077 2021 1214 2082 mortem,

65 2098 102 2156 de
115 2113 216 2160 morte
229 2103 267 2159 ad
279 2103 370 2159 vitam
388 2119 561 2160 sermonem
574 2112 727 2159 vertamus
739 2122 745 2172 ;
766 2120 804 2159 ex
817 2119 870 2157 ore
882 2100 1040 2157 infantium
1057 2109 1087 2156 et
1104 2101 1215 2157 lacten·

65 2186 136 2244 tium
159 2189 214 2263 qui
238 2189 324 2262 aquis
348 2191 479 2248 demersi
504 2189 619 2246 meritis
645 2189 794 2247 Osmundi
827 2188 912 2245 multi
937 2205 1063 2245 numero
1087 2188 1215 2244 restituti

64 2285 144 2344 sunt,
157 2277 341 2334 celebritatis
354 2287 458 2334 nostre
471 2278 590 2334 laudem
598 2276 739 2334 duximus
753 2277 962 2332 cumulandam
970 2275 988 2332 ⁶.
1027 2275 1107 2332 Dum
1117 2276 1214 2332 adhuc

67 2377 177 2435 corpus
196 2365 354 2421 memorati
370 2364 520 2438 pontificis
534 2365 565 2420 in
577 2364 673 2422 veteri
692 2374 790 2422 castro
809 2372 958 2436 pausaret,
972 2363 1073 2436 puella
1091 2363 1215 2438 paruula
1230 2383 1262 2419 oo

68 2465 122 2519 per
134 2451 252 2509 iontem
265 2454 415 2525 quendam
433 2453 474 2509 ibi
493 2452 624 2525 soliuaga
640 2451 800 2509 transitum
818 2451 939 2519 faciens,
952 2451 982 2507 in
995 2451 1096 2525 ipsum
1114 2469 1216 2508 casua-

66 2535 131 2594 liter
143 2539 310 2596 labebatur.

100 2625 210 2686 llLect.
230 2629 281 2683 iiii.
319 2615 464 2700 Denique
476 2635 631 2700 comperta
644 2644 685 2698 re,
699 2625 767 2700 ipsa
781 2643 820 2684 ex
836 2627 949 2700 abysso
962 2627 1067 2698 leuata,
1080 2645 1139 2682 non
1153 2633 1214 2683 tant

67 2709 172 2784 frigida
193 2731 285 2788 quarn
308 2715 473 2771 secundum
498 2716 598 2788 legem
618 2732 689 2771 vere
712 2714 816 2771 mortis
841 2715 945 2786 rigida,
967 2713 1135 2770 exanimis⁶
1160 2731 1217 2787 per

68 2801 228 2858 astantium
247 2801 408 2859 iudiciuml
421 2812 559 2875 reputata
577 2810 631 2858 est.
668 2801 760 2859 Cuius
779 2801 900 2874 quidem
918 2801 981 2858 rei⁸
1000 2801 1119 2873 signum
1132 2801 1215 2858 vide·
1231 2820 1261 2871 ²5

70 2885 155 2944 batur
171 2889 314 2963 quoniam
330 2889 432 2945 calidis
450 2899 557 2962 postea
575 2890 759 2946 indumentis
775 2889 988 2945 circumuoluta
1001 2898 1056 2959 est,
1069 2897 1159 2961 atque
1177 2889 1214 2944 ad

68 2969 166 3044 ignem
179 2976 273 3034 variis
290 2976 545 3033 attrectationibus
563 2978 601 3032 ab
620 2978 694 3033 hora
712 2994 792 3033 nona
804 2994 899 3049 vsque
912 2978 950 3033 ad
962 2993 1121 3050 vesperam
1141 2993 1216 3049 sepe

69 3075 155 3119 versa
173 3065 206 3121 in
225 3064 331 3120 eadem
350 3063 525 3120 habitudine
542 3065 716 3136 permansit,
734 3074 763 3120 et
781 3081 842 3120 non
859 3064 970 3121 eratin
987 3082 1024 3120 ea
1039 3081 1138 3137 neque
1156 3081 1215 3119 vox

71 3163 165 3222 neque
188 3169 307 3208 sensus.
344 3152 481 3225 Cumque
503 3151 562 3208 iam
583 3161 654 3209 tunc
675 3152 760 3209 multi
784 3153 823 3208 de
849 3151 985 3224 exequiis
1008 3152 1216 3207 tantummodo

70 3238 248 3309 cogitarent3
280 3239 439 3312 'parentes
462 3247 563 3294 tamen
595 3247 625 3296 et
654 3238 756 3295 nutrix
783 3239 919 3296 eiusdem
944 3239 1064 3306 sobolis,
1089 3256 1215 3311 quorum
1229 3261 1262 3311 30

71 3320 182 3384 incurie
207 3336 270 3383 tam
295 3326 485 3383 miserandus
510 3343 597 3382 casus
623 3327 731 3383 ascribi
752 3327 912 3396 videretur,
934 3335 1093 3400 postquam
1115 3327 1216 3382 omnia
1254 3342 1258 3350 ·

71 3419 204 3470 extrema
228 3413 372 3470 inutiliter
393 3422 570 3484 tentassent,
591 3416 713 3471 tandem
735 3413 909 3470 beatissimo
932 3414 1098 3471 consessori
1119 3432 1188 3472 cum
1196 3414 1218 3446 ¹⁰

72 3499 169 3558 multis
181 3501 444 3575 deprecationibus
456 3502 616 3558 lachrimas
625 3501 644 3534 ¹¹
658 3501 852 3575 ingeminant

103 3587 211 3647 ttLect
230 3607 257 3646 o.
295 3577 414 3646 Mirum
432 3589 462 3645 in
482 3590 613 3661 modum,
632 3605 700 3645 cum
724 3589 841 3646 nocte¹¹
861 3587 959 3646 media
979 3588 1215 3662 matutina[mm]

71 3671 198 3742 primum
215 3675 340 3734 sonuit¹³
356 3676 488 3734 officium
506 3675 633 3733 ecclesie
651 3676 839 3746 cathedralis,
853 3677 892 3732 ad
909 3678 1062 3749 ingentem
1081 3678 1215 3734 consola·
1230 3689 1261 3740 35

72 3758 178 3821 tionem
203 3763 365 3821 astantium
389 3764 491 3837 proles
516 3763 582 3836 ipsa
607 3781 641 3820 se
666 3763 880 3836 aliquantulum
907 3773 1031 3820 mouere
1051 3765 1216 3822 videbatur.

73 3843 131 3905 Sed
160 3853 238 3910 heul
267 3867 339 3908 mox
369 3851 400 3907 in
431 3850 564 3923 priorem
595 3861 724 3908 mortem
751 3853 800 3924 (an
826 3851 954 3908 extasim
979 3851 1077 3908 dicam
1102 3851 1215 3924 nescio)

74 3939 210 4010 resoluta,
240 3947 301 3995 tam
332 3939 550 4012 perseuerandi
580 3939 755 4012 parentibus
785 3956 905 3996 causam
932 3938 1022 4010 dedit,
1047 3954 1137 4010 quam
1162 3937 1216 3995 suit

72 4027 209 4092 gaudium
227 4027 300 4083 illud
318 4027 420 4085 breue.

104 4161 177 4218 ¹SB.
190 4167 334 4216 suadomo.
409 4163 488 4215 ¹813.
499 4165 608 4215 virilium
619 4181 669 4228 que
680 4167 713 4216 ad
724 4166 834 4216 bursam.
910 4163 1083 4227 ⁸r.inquam,
1155 4162 1213 4215 ’Β

75 4229 190 4284 monum.
278 4231 533 4282 'Ecumalandutm
625 4231 703 4284 ⁸53.
716 4239 742 4281 et
753 4247 828 4283 exau.
920 4229 999 4280 2513.
1012 4228 1216 4293 pro..iudicio.

233 4297 258 4392 Ἀ·
271 4297 460 4416 ggiessstgnuit·
481 4297 500 4327 ¹⁰
517 4297 718 4351 SB.votacum.
783 4297 800 4328 ²¹
818 4296 870 4349 SB.
882 4303 909 4347 et
920 4295 1067 4361 lachrymis.
1149 4293 1168 4325 ¹²
1185 4295 1215 4348 E.
