3008 4904
411 319 486 414 b:
510 311 674 408 &antu
699 316 898 420 urunt.
1160 337 1232 416 279

72 519 107 576 in
139 535 209 576 meo
233 518 322 594 pallio
343 519 506 592 colligatus,
525 518 576 592 qui
597 517 722 576 forsitan
743 513 829 576 uobis
849 517 905 576 erit
926 518 1133 576 necessarius:
1171 517 1232 590 Qui

72 608 221 680 protinus
241 607 364 678 reuersi,
381 607 503 681 pallium
522 623 591 663 cum
613 606 736 663 denario
756 616 944 680 receperunt,
966 615 995 662 et
1017 624 1087 663 eum
1107 606 1230 680 penitus

72 695 196 751 nudum
220 695 406 752 dimiserunt.
454 693 580 751 Etcum
602 693 780 751 festinanter
802 695 840 751 ad
864 711 935 750 suas
965 694 1094 750 latebras
1123 711 1231 767 prope·

71 791 193 850 ramat,
209 781 240 838 in
258 783 357 839 medio
376 781 472 839 noctis
491 781 614 838 silencio
632 782 669 838 ad
689 781 820 838 hostiurn
838 781 912 838 celle
930 781 996 838 eius
1013 781 1126 839 inuenti
1147 791 1229 838 sunt.

73 870 166 939 Quos
197 870 247 926 ille
277 869 309 925 in
336 868 410 926 celia
435 887 489 926 sua
512 869 641 941 benigne
667 869 788 942 recepit,
813 877 843 925 et
867 870 962 942 pedes
986 885 1090 926 eorum
1116 868 1260 939 lauans‚5

72 957 314 1030 hospitalitatem
327 966 469 1030 quantam
484 955 579 1030 potuit
594 955 790 1012 ministrauit:
810 963 840 1012 et
858 973 952 1012 unum
970 973 1074 1012 eorum
1087 956 1124 1011 ad
1138 956 1230 1012 fidem

73 1044 239 1102 conuertit.
294 1031 396 1104 ²Cum
406 1053 506 1100 autem
516 1045 622 1100 beatus
631 1041 801 1100 Germanus
811 1043 972 1116 episcopus
981 1042 1230 1100 autisiodorensis

72 1133 115 1188 de
140 1131 298 1188 Britannia
321 1139 478 1200 remearet,
498 1132 535 1187 ad
557 1131 705 1187 tumulum
724 1131 819 1188 sancti
837 1130 987 1204 pontificis
1007 1130 1144 1188 Cassiani
1161 1147 1229 1203 per·

72 1219 169 1276 uenit
208 1218 306 1290 Quem
331 1235 400 1275 cum
424 1219 574 1291 quomodo
599 1236 632 1275 se
657 1218 781 1274 haberet
805 1218 978 1291 inquireret,
998 1217 1047 1276 ille
1069 1217 1168 1274 statim
1189 1219 1230 1275 de

71 1307 196 1363 tumulo
220 1305 411 1364 audientibus
438 1305 553 1362 cunctis
574 1305 668 1362 dixit:
696 1305 801 1362 ‘Dulci
826 1309 927 1378 quiete
946 1305 1094 1379 perfruor,
1119 1313 1150 1361 et
1176 1306 1276 1361 ad-10

71 1403 204 1452 uentum
217 1393 418 1466 redemptoris
430 1395 574 1466 expecto!
613 1392 669 1449 Cui
684 1401 808 1450 sanctus
821 1392 991 1450 Germanus
1003 1393 1061 1450 ait:
1081 1393 1228 1464 ‘Quiesce

72 1499 131 1554 per
144 1483 270 1554 longum
288 1482 319 1536 in
339 1481 459 1538 Christo
477 1489 607 1553 tempus,
626 1489 655 1536 et
674 1497 729 1554 pro
748 1479 835 1536 nobis
854 1480 1001 1538 attencius
1018 1480 1229 1551 intercedent

71 1569 218 1642 optinere
231 1585 316 1626 sacre
329 1567 563 1626 resurreccionis
575 1567 683 1641 gaudia
696 1567 896 1639 mereamur.']

221 1715 245 1776 ῚῙ
266 1701 321 1772 DE
338 1731 455 1771 SANCTO
476 1701 629 1771 parntem
648 1729 791 1770 EPlscoeo
811 1729 848 1770 ΕΤ
867 1730 1057 1772 CONPESSORE
1066 1714 1085 1771 1.

79 1810 232 1938 BEetus
251 1809 332 1867 enim
346 1809 491 1872 Patricius
509 1811 547 1868 de
565 1826 677 1882 genere
692 1809 848 1866 Britonum
867 1817 951 1866 onus
969 1818 1035 1866 est:
1055 1817 1143 1882 pater
1160 1809 1226 1868 eius

172 1897 384 1970 Calphurnius,
398 1907 495 1954 mater
505 1915 577 1954 vero
591 1897 729 1957 Conehes
743 1897 822 1954 dicta
838 1906 894 1954 est.
931 1896 1008 1962 Cum
1025 1907 1126 1963 autem
1144 1907 1225 1964 esset
1243 1915 1271 1966 ¹5

71 2001 225 2042 annorum
248 1985 410 2056 sexdecim,
431 2001 499 2042 cum
518 1984 627 2042 ceteris
651 1984 681 2040 in
702 1985 873 2058 captiuitate
895 1985 1031 2042 ducitur:
1058 1994 1088 2041 et
1108 1985 1225 2043 cuidam

71 2073 137 2146 regi
157 2071 282 2146 gentili³
294 2091 349 2130 sex
362 2071 449 2129 annis
462 2071 608 2142 seruiens,
621 2089 692 2128 sues
711 2072 792 2129 illius
810 2073 960 2146 pascebat.
998 2071 1120 2129 Centies
1132 2072 1163 2128 in
1176 2072 1226 2128 die

71 2169 102 2216 et
124 2161 244 2218 centies
265 2160 297 2216 in
319 2170 406 2218 nocte
427 2160 518 2216 deum
540 2161 691 2216 exorabat.
730 2159 768 2217 Et
791 2177 862 2217 ecce
887 2159 1024 2233 apparuit
1048 2162 1076 2216 ei
1100 2159 1226 2232 angelus

71 2248 199 2317 domini,
219 2247 322 2304 Victor
340 2247 472 2318 nomine,
489 2249 540 2319 qui
558 2246 733 2320 frequenter
751 2263 820 2304 eum
840 2247 990 2313 visitans⁴,
1008 2247 1100 2305 dixit:
1123 2249 1131 2277 ⁴
1141 2247 1225 2304 Bene

71 2334 200 2405 ieiunas,
219 2335 277 2391 cito
301 2335 437 2392 exiturus
459 2335 497 2391 ad
516 2336 644 2408 patriam
662 2343 762 2398 tuam:
785 2352 856 2396 ecce
875 2335 961 2398 nauis
980 2344 1031 2397 tua
1049 2343 1152 2408 parata
1171 2353 1225 2400 ex·
1241 2355 1272 2390 ao

72 2432 173 2494 pectat
199 2424 246 2480 te'
284 2421 373 2479 Stetit
397 2431 497 2482 autem
517 2423 643 2494 angelus
667 2439 760 2495 super
784 2421 932 2482 terraml:
964 2432 995 2478 et
1014 2436 1110 2495 vsque
1135 2423 1224 2481 hodie

71 2519 197 2568 manent
209 2509 336 2582 vestigia
353 2509 426 2567 eius.
464 2509 502 2567 Et
514 2509 621 2569 iterum
633 2509 708 2565 dixit
722 2508 849 2565 Patricio
861 2530 868 2572 ς
888 2509 988 2566 ‘Vade
1002 2519 1031 2566 et
1043 2510 1111 2572 vide
1123 2509 1222 2566 locum

70 2598 120 2654 vbi
131 2616 246 2672 porcus
258 2598 307 2655 ille
319 2607 431 2654 terram
444 2597 566 2654 naribus
578 2596 668 2655 sodit:
688 2605 719 2656 et
730 2598 811 2670 quod
823 2597 863 2654 ibi
876 2597 1037 2666 inueneris,
1049 2598 1088 2660 da
1101 2598 1222 2655 domino

71 2693 122 2741 tuo
137 2687 170 2744 in
189 2685 428 2758 redemptionem
445 2683 598 2741 seruitutis
616 2686 685 2741 tue!
723 2684 760 2741 Et
778 2684 889 2742 sactum
908 2693 954 2741 est
973 2685 1021 2742 ita
1059 2685 1222 2758 Postquam

72 2774 143 2830 exiit
171 2773 326 2842 Patricius,
351 2789 420 2829 sera
444 2770 607 2846 penitentia
630 2771 725 2829 tenuit
754 2789 857 2845 regern
882 2773 961 2846 quod
987 2789 1109 2834 seruum
1134 2790 1222 2838 suum
1238 2793 1268 2844 ²5

73 2862 222 2933 optimum
234 2858 418 2918 dimisisset:
438 2859 591 2934 perrexit⁶
603 2870 633 2916 vt
650 2877 720 2916 eum
736 2861 901 2918 reduceret.
939 2859 977 2920 Et
990 2877 1050 2916 non
1063 2859 1223 2922 inueniens

73 2964 151 3019 eum,
164 2964 310 3006 reuersus
328 2948 359 3004 in
378 2949 501 3006 domurn
521 2964 616 3016 suam,
635 2948 754 3020 pondus
772 2947 836 3003 auri
854 2965 910 3021 pro
930 2946 1136 3020 redemptione
1155 2964 1223 3004 sus·

72 3037 149 3108 cepti
168 3053 230 3092 non
250 3035 548 3092 inuenit-Transito
567 3045 666 3093 autem
685 3035 771 3103 mari,
783 3051 851 3092 cum
865 3034 967 3092 multis
985 3033 1153 3106 gentilibus,
1166 3051 1224 3108 per

72 3120 177 3193 viginti
190 3132 258 3179 octo
270 3122 336 3179 dies
351 3121 382 3178 in
395 3122 524 3179 desertis
540 3122 786 3182 ambulauerunt:
806 3131 836 3178 et
853 3122 937 3184 cibus
953 3120 1014 3177 illis
1030 3120 1146 3179 deiecit.
1185 3120 1223 3178 Et

73 3207 144 3266 dixit
157 3211 186 3267 ei
199 3209 323 3283 quidam
334 3209 473 3282 gentilis:
493 3210 555 3266 ‘Tu
565 3209 639 3266 dicis
652 3209 721 3281 quia
731 3210 806 3270 deus
818 3218 887 3266 tuus
901 3223 1028 3280 magnus
1041 3216 1087 3264 est
1101 3227 1108 3264 :
1127 3224 1221 3280 quare
1237 3231 1269 3280 30

73 3312 143 3369 ergo
155 3315 218 3354 non
231 3315 319 3370 rogas
332 3315 401 3354 eum
411 3315 468 3371 pro
480 3297 587 3354 nobis?
604 3297 673 3369 quia
684 3296 763 3354 same
772 3298 924 3370 perimus'
956 3295 994 3358 Et
1007 3294 1047 3352 ait
1057 3295 1220 3358 Patricius:

74 3381 305 3442 ‘Conuenimini
325 3384 357 3440 in
382 3393 443 3441 toto
464 3386 555 3446 corde
573 3393 675 3446 vestro
693 3384 732 3440 ad
750 3385 904 3440 dominum
923 3400 1034 3452 meum,
1058 3383 1128 3456 quia
1146 3383 1221 3440 nihil

74 3467 259 3544 impossibile
271 3480 318 3529 est
330 3472 381 3539 illi,
389 3481 421 3530 vt
434 3473 530 3528 mittat
542 3471 629 3531 nobis
642 3471 740 3532 cibum
749 3470 781 3527 in
791 3470 870 3532 viam
884 3472 1035 3527 nostram!
1075 3470 1113 3527 Et
1125 3471 1222 3527 orauit

74 3573 127 3628 pro
144 3561 190 3617 eis
211 3559 373 3618 Patricius:
396 3569 426 3616 et
444 3577 514 3617 ecce
534 3577 609 3632 grex
629 3576 789 3632 porcorum
811 3559 949 3632 apparuit
970 3558 1028 3615 illis
1048 3561 1079 3614 in
1098 3559 1163 3616 via:
1190 3567 1220 3616 et

74 3648 181 3706 multos
194 3665 233 3704 ex
247 3648 291 3704 eis
307 3647 496 3716 occiderunt;
516 3647 623 3704 etmel
639 3647 778 3708 siluestre
795 3646 983 3702 inuenerunt.
1021 3645 1099 3716 Qui⁷
1110 3645 1221 3718 gratias
1237 3665 1267 3717 ³5

75 3732 128 3790 deo
145 3745 282 3809 agentes,
301 3735 442 3792 dixerunt
466 3735 494 3792 ei
512 3743 544 3790 vt
562 3736 734 3792 comederet
752 3751 821 3790 curn
840 3735 904 3790 eis:
930 3734 985 3790 sed
1003 3750 1064 3789 non
1084 3733 1221 3804 comedit,

75 3821 139 3890 quia
160 3823 203 3879 illi
221 3823 451 3879 immolauerunt
471 3823 553 3879 cibos
571 3822 669 3894 ydolis
688 3821 760 3878 suis.
798 3820 835 3876 Et
859 3820 968 3877 mansit
988 3820 1133 3877 Patricius
1152 3837 1220 3876 cum

74 3905 129 3965 illis
153 3907 261 3968 diebus
285 3909 406 3983 triginta
426 3927 487 3966 uon
511 3910 696 3967 manducans
721 3926 820 3982 neque
841 3908 964 3977 bibens;
990 3907 1094 3964 hilaris
1118 3915 1220 3964 tamen

75 3999 294 4062 perseuerabat.
332 3997 370 4054 Et
383 4013 450 4054 cum
463 3997 616 4065 dormiret,
628 3997 744 4054 sortiter
756 4014 774 4053 a
785 3997 911 4052 sathana
923 4004 1087 4067 temptatus
1106 4004 1152 4051 est
1163 4014 1169 4051 :
1190 4004 1221 4051 et

75 4084 177 4143 cecidit
196 4085 332 4142 diabolus
350 4102 444 4159 super
461 4103 530 4142 eum
547 4085 643 4141 tribus
661 4085 768 4142 diebus
786 4092 816 4141 et
835 4083 981 4153 noctibus,
995 4092 1026 4139 et
1043 4082 1138 4139 instar
1153 4082 1220 4138 saxi
1234 4099 1267 4152 40

104 4177 114 4207 ¹
130 4181 169 4234 Cf.
182 4183 255 4232 Vinc.
272 4181 337 4232 Bell.
351 4182 410 4231 XX
425 4197 463 4231 ra.
529 4181 539 4212 ¹
555 4183 617 4233 Abr.
631 4182 695 4231 irum
707 4183 751 4230 the
759 4180 820 4231 Vita
830 4181 857 4229 in
871 4181 925 4230 MS.
938 4180 1039 4230 Cambr.
1053 4179 1089 4229 Fi.
1102 4195 1124 4230 1.
1136 4194 1176 4241 27.
1188 4194 1218 4228 ar

75 4246 123 4294 tud
135 4247 208 4298 Bodl
220 4251 287 4310 285:
303 4249 389 4298 witich
406 4249 427 4297 is
445 4249 489 4297 the
501 4248 569 4297 third
581 4249 623 4297 lile
637 4247 764 4312 (ascribed
780 4255 807 4296 to
826 4246 970 4310 Benignus)
981 4247 1008 4294 in
1020 4245 1118 4307 Colgan
1133 4245 1167 4304 ll,
1179 4260 1220 4307 aa,

77 4306 134 4360 stom
147 4315 210 4378 Cap.
224 4331 262 4364 ra.
374 4318 437 4363 'sc
450 4313 553 4375 hlilueh,
567 4315 593 4362 in
605 4315 650 4363 the
662 4314 740 4362 north
752 4313 782 4362 oi
790 4313 900 4361 lreland.
1006 4311 1083 4361 *vit
1094 4311 1221 4375 visitabat,

77 4371 195 4442 dixitque.
262 4379 342 4429 ’Ἧι
354 4385 461 4443 petram.
526 4379 583 4430 ⁸E.
596 4379 707 4443 perexit.
774 4377 830 4428 τΤ.
842 4377 917 4441 Quia.
