3036 4878
249 263 323 342 7¹4
650 243 852 348 uppem
880 246 958 322 111.

246 445 362 504 clarauit
383 457 517 504 euentus:
543 445 569 504 ei
593 465 715 522 namque
739 448 877 504 successit
896 444 1040 519 ei[us]que
1063 447 1155 504 locum
1177 447 1212 504 de
1233 449 1431 508 Croilandia

247 529 366 600 optinuit
378 531 422 586 uir
433 531 546 588 nornine
559 532 648 602 Cissa,
661 532 709 604 qui
722 544 785 603 post
797 532 872 588 beati
885 531 1017 588 Guthlaci
1028 532 1132 588 exitum
1145 533 1230 589 fidem
1249 533 1378 590 Christi
1395 537 1429 590 in

248 613 396 670 Britannia
407 625 435 670 et
447 615 590 671 lauacrum
602 614 820 686 regenerationis
833 615 965 686 suscepit.

539 765 741 823 consorano
753 767 970 822 AErrranarrnr
990 778 1113 824 uxums

317 877 364 932 Na
388 875 497 934 dierum
520 878 686 950 loquebatur
707 878 881 935 familiariter
904 895 968 934 cum
993 879 1077 934 beato
1101 880 1239 936 Gutblaco
1262 879 1337 934 earrl
1370 880 1430 936 ille

220 975 235 1026 5
351 959 464 1016 illustris
488 961 525 1017 de
549 978 606 1034 quo
634 961 728 1033 sepius
755 961 873 1018 fecimus
903 961 1088 1029 mencionem,
1112 961 1332 1030 herubaldus,
1365 963 1428 1034 qui

249 1041 364 1100 ulterius
389 1044 523 1100 Coinrcdi
547 1045 663 1100 iniurias
683 1045 820 1101 sustinere
840 1061 895 1100 non
915 1046 1072 1116 preualens,
1099 1045 1136 1101 de
1154 1046 1240 1100 solius
1264 1046 1426 1100 Guthlaci

249 1127 356 1183 meritis
367 1138 396 1183 et
408 1128 534 1184 oratione
545 1139 610 1200 post
622 1129 707 1184 deum
724 1127 855 1184 fiduciam
871 1129 1039 1199 reportabat.
1075 1128 1183 1184 Videas
1195 1129 1278 1199 igitur
1290 1130 1427 1184 amicus
1511 1159 1512 1168 κ

249 1211 295 1267 dei
315 1212 478 1278 Guthlacus,
497 1211 641 1268 hominem
657 1211 734 1268 illurn
754 1211 935 1267 diuturnitate
952 1211 1024 1266 exilii
1041 1211 1226 1280 fatiscentem,
1240 1221 1270 1266 et
1283 1228 1428 1282 prorsus

250 1295 345 1350 animo
357 1305 576 1364 consternatum,
587 1295 663 1366 cepit
674 1312 739 1350 eum
751 1295 919 1350 salutaribus
931 1295 1048 1350 monitis
1064 1313 1082 1350 a
1098 1295 1179 1366 lapsu
1196 1295 1425 1365 desperationis
1511 1337 1512 1364 ,

207 1379 363 1446 reerigere
388 1379 458 1432 Erat
472 1377 600 1448 quidem'
616 1389 717 1448 potens
729 1378 766 1434 ad
779 1377 1072 1444 exhortandunanam
1085 1378 1231 1434 ‘dominus
1243 1379 1268 1433 ei
1280 1378 1425 1434 dederat
1511 1377 1512 1428 ἶ

250 1462 366 1516 uerbum
380 1461 591 1530 euangelirandi
605 1461 708 1517 uirtute
720 1463 825 1530 multa,'
837 1473 953 1533 eratque
967 1461 1038 1516 ‘mel
1050 1472 1078 1516 et
1091 1461 1135 1517 lac
1148 1462 1310 1532 sublingua
1321 1462 1422 1517 eius.¹

250 1543 343 1610 ‘Noli,
357 1543 455 1614 inquit,
467 1543 506 1598 fili
519 1545 676 1613 karissime,
687 1546 725 1600 de
739 1545 842 1601 Christi
859 1545 984 1600 bonitate
1000 1545 1144 1600 diffidere:
1164 1545 1188 1600 si
1204 1544 1340 1600 dominus
1356 1545 1422 1600 tibi
1511 1581 1512 1608 ,

250 1627 289 1682 ad
300 1637 410 1697 tempus
422 1629 537 1684 abstulit
550 1628 741 1684 substanciam
753 1629 945 1699 temporalem,
958 1640 1047 1686 toturn
1062 1630 1116 1684 hoc
1130 1629 1181 1684 tibi
1198 1629 1297 1684 cedere
1316 1629 1423 1684 faciet
1511 1627 1512 1630 ’

251 1711 288 1765 ad
307 1712 434 1766 salutem.
472 1711 591 1767 Celestis
609 1711 740 1782 equidem
758 1713 885 1768 medicus
904 1729 960 1766 non
979 1729 1091 1782 semper
1102 1712 1207 1777 dulces,
1220 1710 1270 1766 sed
1285 1727 1421 1766 amaras
1511 1707 1512 1774 ᾗ

207 1809 237 1860 15
251 1794 420 1865 quandoque
432 1793 548 1864 porrigit
561 1794 697 1864 potiones
733 1793 764 1851 Si
778 1805 806 1852 te
816 1793 956 1866 corripuit
972 1795 1112 1862 dominus,
1125 1795 1231 1850 sustine
1248 1794 1420 1864 pacienter.
1511 1775 1512 1830 i

251 1877 375 1932 Verbum
396 1877 472 1932 enim
494 1877 635 1948 sapiencie
655 1888 716 1934 est:
737 1879 805 1934 “Ve
825 1878 879 1933 hiis
896 1877 944 1950 qui
960 1877 1139 1949 perdiderunt
1158 1875 1417 1932 sustinenciam¹.”

253 1957 339 2031 1psa³
351 1959 436 2016 etiam
453 1959 539 2016 dicit:
559 1961 690 2018 “Beatus
709 1960 753 2016 uir
768 1961 816 2033 qui
832 1961 979 2032 corripitur
993 1978 1011 2016 a
1031 1961 1174 2030 domino,”
1192 1971 1221 2016 et
1240 1960 1418 2031 subiungit:

251 2044 268 2074 ‘⁸
279 2043 504 2114 lncrepationem
516 2043 622 2099 domini
635 2062 671 2100 ne
683 2046 834 2116 reprobes:
853 2045 920 2116 quia
932 2045 961 2100 in
973 2063 1022 2100 sex
1033 2043 1258 2100 tribulationibus
1270 2044 1416 2100 liberabit

251 2136 289 2194 te,
308 2138 336 2183 et
356 2127 384 2182 in
406 2127 527 2198 septima
548 2145 604 2183 non
624 2137 721 2198 tanget
741 2139 770 2184 te
790 2129 920 2184 malum.”
966 2125 1113 2198 V[i]riliter
1132 2145 1201 2197 ergo
1218 2143 1271 2197 age
1288 2137 1318 2182 et
1337 2145 1414 2182 con-
1511 2183 1512 2200 ,

209 2225 241 2262 ro
252 2211 367 2266 fo'rtetur
379 2227 428 2266 cor
440 2222 535 2268 tuum:
555 2211 645 2268 bonus
658 2221 701 2268 est
712 2212 843 2268 dominus
856 2211 1032 2282 sperantibus
1045 2211 1073 2266 in
1086 2229 1125 2266 se.
1151 2213 1217 2266 Non
1230 2211 1287 2266 vidi
1297 2210 1413 2266 iustum

252 2293 424 2363 derelictum,
437 2311 490 2350 nec
503 2312 598 2350 semen
613 2295 674 2350 eius
687 2312 807 2368 querens
822 2313 934 2366 panem.
964 2297 1003 2350 Vt
1016 2295 1102 2350 uerbo
1114 2294 1189 2350 beati
1205 2295 1256 2349 lob
1269 2305 1342 2362 utar,
1355 2293 1412 2365 qui

252 2377 372 2432 afflictus
390 2387 434 2434 est
450 2379 502 2434 erit
521 2379 550 2434 in
568 2379 665 2448 gloria.
702 2377 845 2434 Transibit
863 2378 940 2434 enim
957 2379 1037 2433 dolor
1054 2379 1083 2433 in
1102 2377 1244 2448 gaudium,
1263 2377 1357 2432 luctus
1377 2378 1412 2432 in

252 2460 390 2529 plausum,
405 2461 526 2530 gemitus
543 2462 573 2516 in
591 2462 800 2530 exultationem,
815 2461 974 2517 amaritudo
992 2461 1020 2516 in
1039 2461 1224 2528 dulcedinem,
1238 2460 1356 2516 afflictio
1376 2461 1410 2515 in

253 2543 435 2613 uoluptatem,
448 2543 575 2600 confusio
588 2545 617 2599 in
636 2546 780 2601 honorem.
817 2546 981 2602 confortare
992 2561 1068 2615 ergo,
1081 2545 1119 2600 fili
1132 2542 1287 2610 karissime,
1299 2554 1328 2598 et
1341 2555 1410 2599 esto

211 2641 240 2694 ²5
254 2628 401 2682 robustus:
420 2645 438 2682 a
450 2627 560 2697 magnis
573 2629 686 2698 regibus
700 2629 808 2684 traxisti
825 2629 970 2699 originem,
982 2645 1134 2699 nunquam,
1147 2643 1243 2698 queso,
1255 2626 1292 2682 ab
1305 2643 1407 2681 eorum

254 2709 356 2765 uirtute
368 2710 407 2764 tui
421 2710 506 2765 animi
520 2712 683 2782 magnitudo
695 2713 855 2786 degeneret.
892 2712 976 2768 Cordi
989 2711 1127 2782 siquidem
1139 2727 1251 2780 magno,
1260 2708 1347 2764 nichil
1359 2719 1407 2764 est
1511 2785 1512 2790 ἵ

254 2811 397 2862 magnum,
418 2793 504 2848 nichil
524 2811 618 2864 graue,
638 2795 725 2850 nichil
749 2796 877 2850 arduum.
913 2795 994 2850 Scias
1018 2793 1085 2865 quia
1107 2793 1184 2849 oraui
1210 2809 1261 2863 pro
1284 2803 1322 2860 te,
1350 2809 1406 2846 nec

255 2876 397 2929 uoluntate
408 2873 545 2928 labiorum
558 2891 683 2929 meorum
699 2875 844 2930 fraudatus
861 2891 932 2930 sum.
971 2875 1004 2928 ln
1023 2873 1152 2944 proximo
1170 2871 1254 2926 faciet
1272 2871 1406 2926 dominus

254 2957 292 3012 de
303 2957 535 3028 persequentibus
547 2967 575 3012 te
589 2957 722 3013 iudicium
735 2977 743 3023 ;
761 2958 857 3013 necin
869 2975 936 3012 arcu
949 2968 997 3012 aut
1009 2956 1114 3026 gladio,
1127 2955 1177 3011 sed
1193 2955 1223 3009 in
1232 2954 1277 3010 dei
1290 2953 1404 3018 uirtute,
1511 2955 1512 2966 ¹

211 3058 244 3108 30
255 3056 310 3094 non
330 3040 358 3094 in
377 3041 525 3096 sudoribus
543 3039 650 3096 bellicis
669 3041 766 3096 sedin
786 3039 909 3096 lacrimis
926 3051 955 3096 et
974 3039 1147 3094 orationibus
1166 3037 1246 3105 meis,
1260 3054 1331 3108 quas
1351 3035 1403 3090 tibi

256 3123 458 3194 compatiendo
483 3124 511 3178 in
535 3123 624 3178 oculis
648 3123 777 3179 altissimi
801 3123 895 3192 effudi,
920 3123 960 3179 tui
988 3122 1067 3193 regni
1098 3121 1199 3176 solium
1228 3131 1256 3176 et
1285 3120 1404 3190 gloriam

256 3207 403 3276 optinebis.
440 3209 506 3262 Non
525 3224 592 3277 ergo
610 3207 732 3262 uerearis
750 3207 901 3278 obprobria
920 3206 1072 3275 hominum,
1091 3204 1225 3277 quoniam
1242 3203 1336 3258 adhue
1360 3219 1403 3257 re·

256 3289 408 3360 spondebis
420 3290 651 3360 exprobrantibus
663 3289 713 3345 tibi
732 3291 857 3345 uerbum.
896 3289 1031 3345 Morietur
1046 3288 1121 3344 enirn
1136 3288 1165 3342 in
1178 3286 1303 3358 proximo
1316 3285 1364 3357 qui
1376 3297 1403 3340 te

256 3371 448 3442 persequitur;
474 3383 502 3428 et
524 3373 655 3444 superbia
674 3389 772 3427 eorum
791 3372 837 3444 qui
863 3381 893 3427 te
913 3372 1033 3428 oderunt
1053 3372 1090 3426 ad
1114 3370 1249 3425 nichilum
1272 3369 1403 3425 deueniet

212 3469 243 3522 35
256 3463 401 3523 tamquam
423 3471 498 3525 aqua
519 3456 676 3512 decurrens.
713 3458 757 3510 Tu
776 3473 843 3510 uero
865 3472 930 3511 cum
953 3453 1120 3511 benefecerit
1145 3453 1195 3508 tibi
1219 3453 1299 3521 deus,
1318 3451 1403 3508 redde

256 3537 393 3593 altissimo
416 3549 483 3593 uota
506 3548 562 3607 tua,
586 3549 720 3610 tuamque
744 3548 902 3609 presentem
926 3539 1078 3606 miseriam,
1102 3549 1131 3593 et
1154 3536 1317 3592 affluentem
1344 3535 1403 3591 eius

257 3621 477 3677 misericordiam
490 3623 625 3690 recolens,
637 3623 694 3677 noli
713 3640 776 3678 esse
792 3622 925 3693 ingratus.
963 3621 1137 3692 lngratitudo
1154 3620 1230 3675 enim
1246 3629 1290 3675 est
1305 3630 1404 3674 uentus
1511 3609 1512 3638 ³

257 3723 350 3774 urens,
358 3705 467 3762 siccans
480 3706 584 3762 fontem
596 3705 718 3777 pietatis,
726 3707 830 3761 fluenta
842 3705 945 3776 gracie,
955 3722 1048 3760 rorem
1059 3703 1258 3759 misericordie.
1291 3703 1405 3758 Recolet

258 3800 353 3844 autern
377 3806 411 3844 ac
433 3790 570 3845 celebrem
591 3790 707 3845 habebit
727 3789 852 3860 graciam
874 3806 959 3861 quarn
980 3798 1074 3844 tecum
1095 3786 1133 3842 ad
1155 3785 1324 3841 instanciam
1343 3802 1404 3840 mee
1511 3807 1512 3810 ¹

213 3888 246 3938 40
259 3872 465 3929 intercessionis
489 3883 652 3944 operaturus
675 3884 719 3929 est
742 3873 772 3928 in
796 3873 922 3944 proximo
952 3873 1030 3938 deus,
1055 3869 1190 3926 memoria
1217 3869 1403 3939 generationis

259 3959 368 4012 eterne!
406 3956 472 4012 Hiis
483 3967 511 4013 et
529 3957 666 4012 similibus
684 3957 797 4028 plenam
814 3955 998 4011 restitutionis
1014 3971 1064 4010 sue
1082 3952 1214 4010 fiduciam
1229 3953 1349 4022 adeptus
1363 3962 1403 4006 est

258 4039 473 4096 AEthelbaldus:
500 4057 553 4096 nec
568 4041 604 4096 de
624 4040 716 4095 uerbis
733 4038 925 4109 gloriosissimi
942 4036 1111 4093 confessoris
1130 4035 1237 4106 aliquid
1253 4035 1283 4090 in
1303 4043 1404 4091 terram

258 4123 369 4191 cecidit,
383 4124 433 4178 sed
445 4123 548 4192 omnia,
561 4141 616 4196 que
629 4123 726 4195 spiritu
738 4131 838 4192 sancto
850 4134 1015 4194 suggerente
1028 4119 1193 4192 predixerat,
1204 4135 1297 4174 rerum
1309 4118 1404 4174 efficax

258 4205 564 4275 approbauiteuentus.
894 4269 897 4276 ,

355 4297 363 4327 ¹
380 4299 435 4351 MS.
447 4301 557 4365 qnidam.
674 4299 684 4331 ¹
701 4300 777 4352 Euell.
793 4317 816 4352 a.
831 4299 870 4352 1⁶.
984 4298 1108 4366 ¹r.Jobl
1126 4297 1309 4364 cf.Job5.17.
