3052 4896
271 315 346 390 530
585 287 716 375 {iolla
741 282 932 387 [matut
956 279 1106 386 finalia

270 507 382 566 scopus
405 489 538 565 grauiter
559 487 729 556 infamatus,
747 495 924 544 accusantes
945 501 1016 544 eum
1037 485 1112 541 clam
1133 483 1288 556 con-opit,
1309 492 1347 540 et
1366 490 1448 539 tenu

270 579 388 637 dicendi
408 587 472 635 arte
498 575 625 634 callebat
644 585 676 632 vt
701 573 792 632 nullis
815 572 1001 646 argumentis
1025 569 1171 630 confutari
1192 581 1320 644 posset.
1362 571 1447 627 Tunc

270 667 386 740 legatus
403 665 462 722 ait:
482 664 606 722 ‘Cesset
625 663 788 720 humanum
806 661 948 718 iudicium
967 660 1140 734 frequenter
1157 658 1302 729 lallibile,
1321 669 1358 717 et
1378 676 1446 731 pro

270 755 396 812 ducatur
424 751 560 810 diuinum
585 751 749 808 oraculum
800 749 923 807 Certum
950 757 998 806 est
1022 749 1102 822 quod
1126 747 1321 820 episcopalis
1348 748 1444 820 grstia

243 841 394 915 sspiritus
424 840 520 898 sancti
550 840 663 895 donum
690 847 745 906 est,
770 845 800 894 et
824 836 875 909 qui
903 837 1109 909 episcopatum
1136 835 1243 909 precio
1273 845 1444 898 mercatur,

270 931 382 988 donum
401 928 497 986 sancti
516 926 641 1000 spiritus
660 925 828 998 comparari
846 941 938 997 posse
957 924 1085 997 pecunia
1101 923 1252 996 opinatur.
1295 923 1335 980 Si
1354 923 1444 996 igitur

270 1025 312 1086 tu,
329 1015 482 1090 episcope,
500 1023 605 1072 contra
622 1013 760 1088 spiritum
779 1021 916 1070 sanctum
935 1029 996 1068 non
1015 1011 1119 1080 fecisti,
1137 1011 1186 1068 dic
1204 1011 1317 1084 palam
1339 1011 1443 1069 Gloria

271 1105 349 1179 patri
370 1113 401 1162 et
419 1103 480 1162 lilio
498 1111 529 1160 et
547 1100 665 1176 spiritui
683 1103 805 1158 sancto!
843 1099 898 1158 Set
919 1099 988 1156 licet
1006 1098 1193 1172 frequentius
1213 1099 1396 1172 incepisset
1414 1106 1442 1154 et

270 1201 457 1265 temptasset,
467 1205 622 1263 nunquam
634 1187 767 1262 ‘spiritui
783 1189 902 1245 sancto'
915 1187 1051 1260 prolerre
1065 1186 1177 1260 potuit;
1198 1195 1250 1244 set
1264 1188 1309 1244 ab
1323 1187 1441 1262 episco

229 1293 259 1330 ιο
271 1288 341 1354 patu
353 1279 496 1348 deiectus,
509 1278 598 1352 plane
611 1276 686 1336 dixit
694 1275 713 1332 ¹.
751 1275 880 1349 Explicit
887 1274 919 1333 ².¹

272 1638 297 1699 u
315 1635 384 1694 Vita
402 1635 481 1694 beati
500 1635 581 1710 regis
601 1635 713 1709 Edgari
735 1635 859 1693 minime
877 1633 932 1692 luit
953 1635 1076 1694 inuenta
1093 1651 1252 1709 quousque
1276 1634 1362 1691 liber
1379 1633 1436 1690 istc

344 1725 513 1798 impressus
531 1723 586 1781 luit
598 1723 675 1782 vltra
693 1723 822 1782 litteram
842 1723 877 1792 E,
895 1723 936 1780 ita
954 1724 1034 1797 quod
1052 1723 1082 1779 in
1102 1723 1167 1778 loco
1183 1739 1240 1778 suo
1262 1723 1438 1779 secundum

346 1813 483 1870 ordinem
508 1811 659 1885 alphabeti
684 1812 765 1868 nullo
796 1812 885 1868 modo
915 1810 1029 1886 imponi
1057 1809 1173 1884 potuit:
1205 1809 1278 1866 ideo
1309 1809 1345 1866 in
1378 1809 1440 1866 line

347 1899 499 1974 presentis
511 1899 577 1956 libri
592 1898 763 1972 imponitur,
776 1909 806 1958 et
822 1899 854 1955 in
869 1899 969 1956 tabula
985 1900 1151 1956 secundum
1168 1897 1312 1955 ordinem
1330 1898 1439 1970 alpha-

233 1989 260 2038 ¹⁵
345 1987 517 2044 betilocum
531 2003 618 2044 suum
632 1985 754 2044 tenebit

283 2107 472 2240 EDgarus,
498 2125 552 2166 rex
578 2107 747 2182 Anglorum
773 2106 908 2181 insignis,
931 2105 1023 2164 frater
1048 2105 1175 2176 Edwini,
1195 2105 1276 2178 cepit
1302 2123 1437 2180 regnare

379 2213 459 2253 anno
473 2195 602 2253 Othonis
616 2195 806 2269 imperatoris
818 2195 964 2269 vigesimo
983 2196 1124 2264 secundo,
1137 2195 1209 2250 dum
1228 2195 1331 2250 adhuc
1352 2203 1437 2252 esset

277 2282 453 2342 iuuenculus
476 2300 623 2340 annonam
646 2282 798 2341 sedecim:
827 2301 887 2357 quo
908 2290 1059 2353 nascente,
1083 2281 1258 2338 Dunstanus
1282 2282 1436 2355 archiepi-

277 2389 387 2444 scopus
402 2371 620 2430 cantuariensis
636 2371 750 2428 audiuit
764 2388 869 2428 vocem
887 2372 925 2428 de
944 2371 1008 2429 celo
1027 2371 1143 2444 anglice
1156 2371 1328 2428 dicentem:
1352 2371 1435 2427 ‘Pax
1508 2365 1509 2408 ἶ

232 2469 263 2506 20
277 2459 395 2532 Anglie,
415 2459 558 2533 quamdiu
579 2476 658 2533 puer
679 2459 736 2518 iste
758 2459 904 2532 regnabit,
921 2468 952 2516 et
977 2459 1152 2516 Dunstanus
1177 2467 1282 2516 noster
1302 2458 1434 2515 vixerit'
1508 2451 1509 2546 l

280 2545 432 2618 Regnauit
457 2556 558 2604 autem
585 2546 672 2604 annis
692 2547 752 2618 xvi,
774 2555 804 2604 et
829 2547 961 2621 quolibet
980 2564 1059 2604 anno
1079 2563 1192 2603 nouum
1213 2547 1433 2603 monasterium
1508 2563 1509 2578 ¹

278 2633 421 2702 fundauit,
442 2644 595 2708 totamque
616 2633 744 2691 insulam
766 2635 797 2690 in
820 2651 938 2692 summa
958 2651 1033 2708 pace
1054 2644 1085 2691 et
1105 2632 1221 2691 iusticia
1243 2634 1433 2706 gubernauit.
1508 2699 1509 2720 χ

280 2719 357 2777 Nam
375 2738 480 2796 regem
500 2721 657 2779 Scotomm
676 2721 875 2792 Cinandum⁸,
888 2721 1101 2779 Cambiorum⁸
1119 2719 1323 2788 Malcolinum,
1335 2723 1432 2779 archi-
1508 2723 1509 2758 ἒ

279 2817 418 2882 pyratam
446 2808 657 2880 Mascosium⁷,
677 2827 842 2882 omnesque
862 2827 950 2884 reges
969 2809 1167 2877 walensium,
1187 2827 1314 2866 numero
1332 2810 1380 2879 v‘,
1394 2812 1430 2866 ad

234 2903 264 2956 ²⁵
280 2896 392 2954 curiam
414 2905 540 2966 coactos,
554 2897 718 2972 ’perpetuo
737 2907 923 2956 sacramento
942 2896 999 2954 sibi
1017 2896 1165 2971 obligauit
1239 2886 1332 2972 Quos
1350 2899 1430 2970 apud
1508 2923 1509 2928 ¹

281 2983 453 3057 [ciuitatem]
466 2983 486 3016 ¹⁰
499 2983 666 3058 Legionum
680 2984 738 3041 sibi
750 2995 950 3056 occurrentes,
966 2985 1020 3058 [in]
1031 2985 1049 3018 ¹¹
1060 3001 1204 3059 pompam
1216 2985 1361 3059 triumphi
1374 3002 1431 3058 per

282 3071 406 3130 fluuium
420 3071 552 3140 deduxit,
564 3089 624 3129 vna
636 3071 706 3129 naui
723 3071 888 3146 impositos,
900 3089 990 3147 quam
1003 3072 1043 3129 illi
1057 3072 1252 3146 remigabant,
1265 3083 1295 3129 et
1313 3073 1381 3146 ipse
1398 3074 1427 3128 in

280 3177 371 3232 prora
388 3161 520 3217 sedebat
558 3159 777 3233 Compatriotas
799 3178 871 3217 suos
890 3179 907 3217 a
925 3160 1018 3218 nimia
1037 3161 1188 3235 potatione
1207 3161 1315 3218 timore
1337 3170 1367 3218 et
1386 3161 1430 3217 in-

280 3247 394 3304 dustria
407 3247 588 3313 refrenant:
607 3257 638 3304 et
652 3249 728 3304 adeo
744 3265 871 3304 seuerus
883 3247 937 3304 luit
949 3249 1029 3322 quod
1049 3247 1089 3305 ibi
1104 3248 1204 3304 nullus
1224 3249 1278 3304 suit
1297 3249 1427 3320 priuatus

235 3349 267 3398 so
280 3332 365 3404 latro,
375 3335 474 3391 nullus
484 3335 750 3408 popularispredo,
760 3335 818 3392 nisi
828 3334 879 3409 qui
888 3335 978 3393 vellet
987 3335 1123 3392 amittere
1131 3336 1232 3391 vitam.
1250 3335 1332 3406 Quin
1341 3337 1427 3393 etiam

279 3421 378 3478 omnis
386 3422 507 3494 generis
515 3421 594 3480 seras
602 3422 757 3494 sanguinis
766 3422 869 3480 auidas
877 3440 915 3479 ex
924 3440 1017 3496 regno
1026 3423 1243 3480 extenninauit
1263 3423 1428 3480 Guidualo¹¹

280 3508 346 3582 regi
365 3508 580 3566 Gualdensium
589 3509 610 3542 ¹⁸
627 3508 734 3566 indixit
746 3520 778 3566 vt
791 3509 846 3567 sibi
860 3512 942 3567 omni
960 3529 1040 3567 anno
1056 3510 1198 3567 tributum
1212 3529 1281 3568 .ccc.
1294 3511 1427 3584 luporum

281 3596 427 3668 solueret;
446 3599 527 3670 quod
540 3599 612 3655 <lum
625 3597 675 3654 ille
687 3597 822 3674 pluribus
832 3598 920 3656 annis
933 3597 1062 3668 lecisset,
1070 3598 1185 3656 nullum
1198 3615 1234 3655 se
1246 3599 1378 3672 amplius
1390 3601 1427 3656 in-

455 1497 479 1558 ll
501 1483 556 1555 Ds
574 1512 691 1554 sancto
711 1483 847 1554 Eoosno
866 1511 947 1552 asos
966 1513 1003 1552 nr
1021 1511 1213 1552 cournssona
1221 1495 1243 1551 ⁴.

1508 2289 1509 2340 l

314 3751 441 3802 ¹at.v13.
574 3751 650 3802 'om
664 3755 689 3801 in
701 3753 730 3805 T.

313 3817 400 3870 'Ant
415 3820 562 3881 destroyed
597 3819 722 3872 Collect.:

315 3885 456 3958 (Spiritum
475 3893 513 3956 in)
535 3893 618 3955 nobis,
639 3894 752 3956 domine,
772 3895 949 3946 incestitatis
971 3895 1085 3954 infunde,
1105 3902 1133 3944 ut
1153 3895 1336 3946 intercedente
1356 3897 1429 3946 beato

281 3959 407 4009 Vulstsno
424 3959 574 4009 consessore
590 3967 635 4010 tuo
652 3967 729 4022 atque
747 3961 876 4023 pontifice,
889 3969 958 4012 tuam
969 3976 1112 4011 mereamur
1123 3961 1285 4011 dulcedinem
1302 3963 1330 4012 in
1346 3972 1431 4012 eoerna

282 4025 405 4076 felicitate
417 4033 528 4086 gustare,
541 4042 589 4088 per
599 4026 720 4076 eiusdem.
759 4027 813 4090 (ΒΓ.
827 4027 896 4090 Sar.)

316 4090 326 4119 ⁴
343 4091 407 4140 This
419 4091 462 4139 lise
474 4092 496 4140 is
508 4106 558 4141 om.
572 4093 598 4140 in
607 4091 637 4140 T.
646 4090 756 4142 Tanner.
792 4092 839 4142 Ed.
852 4093 879 4141 in
890 4092 922 4141 Α.
935 4092 983 4144 SS.
993 4092 1060 4141 Boll.
1072 4091 1117 4140 lul.
1132 4091 1166 4140 11.
1179 4107 1203 4153 p.
1215 4094 1280 4154 ⁶643
1298 4094 1345 4144 tbe
1355 4095 1430 4144 liieis

283 4155 361 4206 taken
374 4157 438 4205 from
451 4156 544 4206 Petrus
559 4159 591 4205 de
609 4157 751 4218 Natalibus,
763 4158 822 4207 who
835 4158 930 4221 mostly
940 4158 1061 4222 abridges
1072 4157 1143 4206 Will.
1156 4157 1241 4208 bisini.
1255 4159 1324 4224 Reg.

315 4221 414 4273 ³wu.
430 4221 577 4273 Kinadium.
641 4220 741 4273 “Wld
753 4223 930 4274 cumbrorum.
987 4221 1087 4276 'wit
1100 4223 1265 4276 Mastusium.
1332 4225 1432 4274 ‘'l'neir

284 4287 493 4338 namesnwu.
593 4285 754 4338 ’wuvno
766 4297 828 4352 etp.
929 4290 1013 4340 llout.
1113 4289 1133 4319 ¹¹
1150 4289 1226 4340 net
1327 4289 1431 4341 ”wit

284 4353 397 4402 ludualo.
499 4353 516 4386 ¹⁸
531 4353 603 4404 wtt.
616 4353 788 4406 Gualensium.
