3032 4882
271 317 345 394 334
584 291 1106 398 pobalsamum

270 499 338 572 ipso
356 495 474 556 deiectu
492 506 617 556 nouerat
638 513 749 570 augere
767 495 951 569 proiectum!
989 495 1061 553 Suis
1081 496 1170 552 etiam
1193 493 1371 554 senescallis
1397 505 1432 550 et

269 585 396 656 balliuis,
414 587 472 643 sub
489 585 623 661 periculo
643 585 810 642 animarum
829 594 860 642 et
878 584 969 642 diuini
991 585 1090 642 iudicii
1108 584 1316 652 obtestatione,
1335 585 1431 640 terri·

270 673 370 730 biliter
392 673 519 731 inhibuit
539 691 579 730 ne
602 672 762 746 quicquam
787 673 896 730 iniuste
915 674 954 729 ab
991 673 1120 746 liquibus
1139 673 1179 729 ad
1203 689 1239 729 se
1262 671 1429 745 pertinen·

270 759 350 818 tibus
374 761 538 834 exigerent,
563 761 612 818 vel
634 759 776 818 indebitis
806 759 990 818 actionibus¹
1021 769 1176 818 vexarent.
1223 759 1294 833 lpse
1318 769 1429 816 antem

243 857 393 918 assuctus
411 850 572 923 aliquando
593 848 683 906 etiam
702 866 736 906 ea
756 865 816 922 que
832 850 871 906 de
888 848 952 905 iure
969 847 997 905 ei
1013 850 1230 921 competebant,
1247 849 1431 921 petentibus

271 935 504 995 misericorditer
513 937 673 994 relaxabat.
698 935 946 1010 Consanguineos
956 935 1077 1010 quidem
1088 953 1167 1004 suos,
1175 929 1265 993 etiam
1275 945 1430 1005 maturos,

270 1025 308 1080 ad
329 1024 475 1082 beneficia
498 1023 700 1082 ecclesiastica
722 1023 804 1080 nullo
828 1027 919 1082 modo
939 1024 1096 1082 admittere
1114 1024 1223 1094 voluit;
1248 1024 1429 1097 intelligens

271 1113 350 1184 quod
363 1112 507 1186 princeps
520 1121 674 1186 pastorum
687 1110 836 1182 dominus,
850 1130 911 1169 non
925 1114 1013 1170 beato
1027 1112 1152 1170 Iohanni
1164 1112 1352 1185 euangeliste
1364 1127 1428 1168 suo

271 1201 502 1272 consanguineo,
517 1199 595 1273 [sed]
614 1199 704 1257 Petro
721 1200 842 1268 seniori,
861 1201 892 1256 in
910 1201 993 1257 nullo
1010 1200 1169 1258 carnaliter
1186 1217 1256 1256 eum
1271 1199 1427 1268 attinenti,

228 1303 259 1338 ro
271 1287 373 1344 claues
391 1287 510 1344 tradidit
526 1287 668 1344 celorum.
703 1287 801 1344 Tante
819 1305 938 1361 quoque
956 1287 1195 1345 mansuetudinis
1213 1287 1319 1354 extitit,
1331 1297 1364 1342 vt
1383 1289 1428 1344 ad

271 1373 432 1431 matutinas
449 1375 544 1431 solem
561 1383 719 1448 ortumque
736 1375 794 1432 diei
807 1375 999 1449 preueniens,
1012 1375 1038 1432 si
1057 1375 1182 1432 clericos
1200 1391 1280 1445 suos,
1292 1383 1326 1430 vt
1344 1375 1428 1431 solet

271 1460 456 1536 contingere,
469 1479 597 1535 sompno
617 1471 757 1536 granatos
776 1463 931 1536 reperiret,
944 1463 1051 1520 iterum
1070 1479 1104 1520 se
1122 1464 1160 1520 ad
1179 1462 1329 1520 orationes
1348 1479 1427 1518 con·

271 1548 373 1606 serens
397 1549 556 1621 priuatas¹,
580 1549 664 1622 ipsos
694 1549 725 1606 in
750 1567 825 1623 pace
848 1549 1004 1622 quiescere
1034 1550 1155 1618 sineret,
1179 1559 1322 1622 tanquam
1347 1549 1425 1606 illud

271 1635 453 1694 dominicum
463 1635 753 1710 dulciterinquiens:
769 1637 922 1695 ‘Dormite
931 1637 990 1694 iam
1000 1647 1031 1694 et
1039 1637 1234 1712 requiescite.¹
1265 1637 1425 1706 Quantum

229 1739 257 1790 ¹⁵
271 1723 372 1781 enim·
396 1741 482 1781 sacre
503 1724 647 1782 orationis
671 1725 781 1782 deuota
801 1724 943 1781 libamina
963 1725 1020 1781 deo
1042 1725 1140 1782 oblata
1159 1727 1245 1782 beato
1265 1724 1425 1781 Richardo

272 1811 456 1885 placuerunt,
477 1813 509 1868 in
534 1812 591 1869 hoc
613 1812 757 1869 duntaxat
778 1811 947 1869 ostenditur
965 1814 1045 1886 quod
1068 1829 1136 1870 cum
1154 1812 1236 1870 viros
1261 1813 1425 1885 religiosos

270 1899 404 1956 visitaret
428 1899 477 1956 vel
500 1900 539 1956 ad
563 1916 600 1956 se
622 1901 779 1957 venientes
803 1898 834 1955 in
860 1901 962 1958 osculo
987 1909 1090 1957 sancto
1118 1901 1293 1973 susciperet,
1317 1901 1425 1957 dicere

271 1987 403 2044 solebat:
431 1985 568 2044 ‘Bonum
589 1996 636 2044 est
661 1986 829 2044 deosculari
852 1987 931 2044 labia
950 1987 1135 2045 thimiamate
1156 1997 1325 2044 sanctarum
1353 2004 1426 2044 ora-

270 2075 385 2130 tionum
406 2075 463 2131 deo
484 2091 552 2132 cum
572 2075 731 2131 deuotione
753 2073 944 2132 incensarum
963 2074 1156 2148 fragrantia’:
1184 2076 1239 2133 hoc
1259 2075 1359 2148 ipsum
1380 2093 1425 2132 ex

227 2179 258 2216 ao
272 2162 350 2218 beati
365 2161 516 2218 Edmundi
533 2161 758 2230 consuetudine,
771 2172 802 2220 vt
821 2179 895 2235 sepe
914 2163 1023 2233 retulit,
1035 2179 1283 2220 commemorans.
1320 2162 1424 2233 Quam

271 2249 418 2306 laboriose
439 2249 528 2306 etiam
553 2249 609 2306 iste
629 2252 735 2307 beatus
758 2249 929 2308 Richardus
949 2249 1082 2307 officium
1104 2249 1315 2324 predicationis
1337 2267 1425 2307 com-

271 2337 400 2412 pleuit⁴3
424 2336 515 2394 etiam
536 2338 568 2393 in
594 2337 699 2394 alienis
723 2337 938 2411 dioce[sibus]·
963 2355 1053 2412 quam
1078 2338 1253 2412 gratanter·
1274 2337 1425 2396 contritos

271 2424 387 2482 reiouet
395 2423 415 2494 ⁷,
435 2425 612 2482 confitentes
635 2425 716 2482 audit
740 2433 771 2483 et
791 2426 921 2498 insinuit,
943 2425 1113 2499 penitentes
1137 2425 1273 2497 absoluit,
1300 2429 1424 2484 consul·

270 2513 402 2569 tantibus
426 2513 590 2586 respondet
598 2513 616 2582 ¹,
643 2514 843 2586 desperantes
868 2512 1036 2586 reformat’,
1062 2514 1177 2572 alacres
1206 2514 1381 2571 adhortatur
1391 2515 1425 2583 ¹⁹,

227 2619 257 2670 ²5
270 2608 435 2656 trementes
454 2601 581 2667 roborat,
601 2599 731 2674 denique
750 2602 878 2674 qualiter
896 2603 1036 2660 omnibus
1054 2601 1155 2659 omnia
1172 2602 1266 2660 factus
1285 2601 1332 2670 sit,
1351 2603 1425 2676 quis

271 2685 399 2744 sufficiet
417 2691 578 2744 enarrare?
616 2687 674 2744 Pro
693 2687 828 2745 subsidio
845 2698 926 2747 terre
945 2699 1048 2747 sancte
1066 2691 1164 2747 crucis
1182 2690 1424 2763 predicationem

271 2775 411 2848 suscepit,
422 2792 526 2848 apapa
535 2775 704 2848 delegatam
713 2777 742 2833 ¹¹.
766 2777 863 2833 ldeoa
872 2777 1072 2848 cicestren[si]
1083 2777 1252 2834 sanctuario
1261 2777 1424 2851 incipiens,

271 2879 326 2936 per
344 2864 408 2919 loca
427 2861 574 2919 maritima
591 2866 749 2934 transiens,
762 2865 799 2920 ad
816 2864 964 2921 ciuitatem
982 2865 1221 2922 cantuariensem
1237 2883 1334 2938 vsque
1350 2883 1423 2939 per-

271 2952 361 3008 uenit.
382 2949 420 3006 Et
429 2951 546 3008 decima
554 2951 603 3008 die
610 2960 770 3026 antequam
779 2952 817 3008 ad
827 2951 910 3009 illum
918 2951 1065 3010 famosum
1073 2961 1192 3026 portum
1202 2952 1252 3026 qui
1261 2953 1421 3026 DouersiJa

226 3039 386 3111 aedicitur,
408 3037 606 3112 peruenisset,
628 3037 707 3112 cepit
731 3039 870 3113 egrotari.
907 3038 971 3097 Nec
996 3049 1097 3098 tamen
1119 3041 1151 3097 in
1172 3057 1245 3113 agro
1268 3040 1422 3098 dominico

272 3126 407 3184 laborare
426 3124 544 3196 omisit;
564 3127 619 3183 sed
637 3125 764 3200 singulis
782 3127 889 3184 diebus
907 3127 1097 3200 predicando,
1112 3127 1319 3185 consessiones
1336 3129 1422 3186 audi·

270 3215 359 3284 endo,
377 3231 491 3287 pueros
512 3214 727 3285 confirmando,
747 3223 778 3272 et
799 3215 891 3272 etiam
913 3215 1036 3273 ordines
1055 3216 1244 3286 celebrando,
1263 3233 1359 3288 usque
1380 3218 1423 3274 ad

271 3301 504 3358 exinanitionem
523 3301 641 3358 virtutis
659 3302 794 3375 corporis
812 3303 858 3359 sui
877 3302 1085 3360 indesinenter
1103 3303 1257 3360 laborauit.
1293 3303 1343 3360 Ad
1358 3303 1422 3361 Do-

270 3391 385 3446 uen’am
403 3387 492 3461 igitur
509 3389 698 3462 perueniens,
711 3389 742 3446 in
761 3391 890 3462 quadam
908 3392 998 3447 domo
1018 3391 1100 3463 [que]
1117 3399 1240 3448 vocatur
1257 3390 1421 3464 hospitale-

227 3496 257 3547 3⁵
271 3477 329 3546 dei,
348 3475 519 3550 hospitauit.
566 3475 761 3550 Rogatusque
782 3495 801 3534 a
821 3476 965 3551 magistro
985 3477 1054 3535 dicti
1073 3477 1236 3550 hospitalis,
1258 3479 1419 3538 ecclesiam

270 3565 422 3637 quandam
434 3581 503 3620 cum
515 3563 667 3635 cimiterio,
679 3581 846 3637 pauperum
863 3566 1016 3638 sepulture
1033 3573 1242 3636 constructam,
1255 3565 1286 3622 in
1304 3567 1422 3626 honore

270 3653 422 3725 quondam
441 3651 554 3708 domini
573 3653 619 3708 sui
638 3652 717 3708 beati
738 3651 897 3722 Edmundi,
917 3651 1036 3726 patroni
1057 3653 1113 3724 sui,
1132 3652 1329 3727 solempniter
1349 3673 1422 3712 con-

270 3741 416 3811 secrauit;
437 3740 541 3797 dicens
557 3739 740 3812 predicando
753 3741 860 3796 eodem
874 3739 931 3809 die,
943 3740 1024 3813 quod
1041 3755 1164 3814 semper
1179 3759 1198 3797 a
1210 3749 1347 3814 tempore
1359 3753 1421 3816 quo

270 3843 381 3885 munus
398 3827 631 3884 consecrationis
649 3836 864 3901 assumpserat,
880 3827 993 3900 optauit
1010 3835 1042 3886 et
1058 3827 1138 3886 votis
1156 3829 1296 3886 omnibus
1314 3831 1422 3904 exqui-

225 3938 258 3988 40
271 3914 349 3986 siuit,
360 3924 401 3984 vt,
414 3922 574 3988 antequam
587 3913 668 3972 diem
681 3914 833 3972 clauderet
844 3923 1024 3986 extremum,
1036 3931 1127 3972 unam
1144 3916 1252 3974 saltem
1265 3917 1420 3976 basilicam

270 4001 302 4060 in
322 4003 436 4060 honore
454 4002 525 4058 dicti
540 4001 654 4059 domini
676 4001 753 4059 sui¹¹
771 4002 850 4060 beati
872 4002 1025 4060 Edmundi
1044 4011 1150 4077 posset
1166 4019 1365 4075 consecrem
1389 4015 1421 4064 et

269 4090 380 4149 deinde
392 4089 485 4147 dixit:
505 4089 588 4146 ‘Deo
603 4088 715 4164 gratias
731 4089 839 4162 resero,
851 4090 903 4165 qui
921 4089 1022 4148 anime
1038 4107 1107 4148 mee
1123 4089 1274 4149 desiderio
1290 4107 1340 4150 me
1357 4109 1419 4151 uon

302 4235 311 4266 ¹
329 4235 366 4286 Sl.
380 4237 567 4288 exactionibus.
648 4235 660 4266 ¹
675 4235 705 4288 E.
717 4237 840 4300 priuatos
923 4235 934 4266 ⁸
951 4235 981 4288 Β.
991 4245 1086 4290 autem.
1169 4237 1179 4269 ⁴
1197 4238 1229 4290 B.
1239 4237 1418 4302 compleuerit.

269 4301 321 4352 ⁸13.
331 4303 414 4352 aliena
421 4304 526 4354 diocesi.
591 4301 641 4352 ‘tt
651 4309 791 4365 gratenter.
864 4301 917 4356 ¹1³.
927 4303 1049 4355 refouerit
1056 4312 1106 4356 ete
1182 4302 1194 4333 ⁸
1204 4304 1234 4356 B.
1248 4307 1419 4368 responderit.

269 4366 281 4401 i
298 4367 328 4418 B.
340 4367 493 4420 reiormarit.
565 4367 583 4399 ¹·
601 4367 631 4419 Β.
643 4370 794 4420 adnomen
805 4369 890 4421 luerit.
956 4369 976 4402 ²²
993 4369 1023 4422 E.
1036 4369 1182 4434 deligatam.
1249 4370 1271 4404 ¹¹
1286 4385 1336 4421 om
1347 4371 1376 4420 in
1388 4371 1420 4424 Β.
