3064 4882
296 329 366 402 132
463 297 468 308 '
605 304 737 398 uota
761 299 951 404 tertona
974 297 1127 404 ancta

294 504 418 578 virginis
432 503 524 563 Lueie
536 513 592 575 est,
601 505 632 561 in
642 521 701 578 qua
710 504 841 560 animam
854 520 954 560 meam
966 501 1088 559 domino
1101 499 1192 558 ihesu
1205 493 1324 558 Christo
1335 497 1444 556 libaui'

296 591 457 650 Festiuitas
467 609 541 650 vero
554 602 724 650 sanctmm
738 591 932 666 Kyneswide,
943 589 1117 662 Kineburge
1130 597 1160 645 et
1172 587 1268 644 ‘libbe
1279 587 1311 644 in
1323 603 1445 643 monas-

294 680 369 738 ten'o
387 679 474 754 burgi
490 679 584 738 sancti
603 679 684 736 Petri
700 679 796 753 pridie
814 695 910 735 nonas
928 677 1031 734 Marcii
1048 675 1154 733 festiue
1169 675 1327 746 recolitur;
1347 692 1364 730 a
1383 691 1444 746 quo

295 768 418 842 quidem
431 768 613 824 monasterio
627 769 710 824 locus
722 766 787 824 siue
800 766 957 824 cenobium
972 765 1001 821 in
1015 782 1074 837 quo
1086 763 1219 836 virgines
1228 761 1342 835 prefate
1351 761 1444 820 vitam

263 875 279 934 g
295 855 326 914 in
345 872 454 929 magna
472 855 629 912 sanctitate
648 857 808 924 duxerunt,
829 855 881 910 vix
902 851 1067 910 miliaribus
1088 852 1205 908 duobus
1224 860 1391 926 separatur,
1412 859 1444 906 et

294 945 384 1000 modo
397 943 435 1000 ab
446 943 551 1000 incolis
564 941 670 1000 Castre
683 943 862 998 nominatur.

328 1131 409 1204 [MS.
421 1130 457 1189 T.
469 1132 562 1188 adds:
783 1128 922 1186 Narratio
931 1128 949 1188 ¹.

330 1241 502 1326 Margarita
514 1251 593 1310 dicta
606 1250 734 1326 Pelagia,
747 1251 850 1324 pulcra
864 1259 894 1308 et
910 1249 1027 1319 nobilis,
1039 1265 1108 1307 cum
1125 1249 1242 1306 cuidam
1259 1247 1443 1307 adolescenti

292 1337 323 1396 in
349 1339 520 1413 coniugium
545 1340 622 1408 data,
648 1341 825 1414 nupciarum
851 1337 928 1395 festa
951 1347 1055 1395 essent
1085 1337 1243 1406 celebrata,
1268 1339 1353 1410 uirgo
1383 1337 1443 1394 deo

292 1427 459 1500 inspirante
481 1427 676 1484 considerans
697 1427 861 1500 dampnum
883 1423 1060 1498 uirginitatis
1079 1425 1171 1482 tantis
1188 1424 1342 1498 plausibus
1360 1441 1443 1482 com-

250 1515 400 1587 reparari,
421 1523 569 1588 prostrata
589 1514 620 1570 in
641 1523 755 1570 terram
776 1531 845 1571 cum
868 1513 999 1570 lacrimis
1020 1514 1121 1570 omnia
1143 1512 1231 1570 huius
1252 1513 1312 1568 uite
1333 1512 1443 1586 gaudia

292 1602 378 1676 quasi
406 1611 539 1659 stercora
569 1602 739 1675 respuebat.
790 1601 884 1658 Nocte
914 1609 1014 1658 autem
1045 1601 1095 1657 illa
1128 1618 1146 1657 a
1177 1599 1234 1657 uiri
1264 1601 1441 1671 eo(nsortio)

292 1691 456 1758 abstinens,
468 1699 498 1748 et
516 1689 613 1747 tonsis
631 1688 763 1745 crinibus
782 1688 881 1746 media
899 1698 987 1745 nocte
1006 1705 1039 1745 se
1058 1689 1116 1745 deo
1135 1689 1392 1759 recommendans,
1409 1687 1442 1744 in

291 1777 368 1834 uirili
382 1777 485 1834 habitu
498 1779 535 1834 ad
548 1777 698 1850 quoddam
717 1779 931 1833 monasterium
950 1775 1040 1847 uenit,
1053 1785 1083 1833 et
1099 1775 1221 1832 fratrem
1240 1774 1394 1847 Pelagium
1407 1793 1443 1833 se

291 1865 457 1938 appellans,
470 1865 501 1921 in
514 1863 694 1922 monachum
706 1863 856 1936 recipitur.
893 1863 951 1934 Qui
969 1871 1029 1920 tam
1050 1863 1164 1935 (sancte
1182 1863 1228 1932 ac)
1248 1863 1388 1936 religiose
1406 1881 1442 1921 se

248 1965 279 2023 ¹5
291 1953 394 2026 gessit,
408 1953 487 2026 quod
501 1951 641 2009 defuncto
654 1950 923 2008 sanctimonialium
936 1953 1093 2024 prouisore
1110 1951 1177 2007 licet
1196 1949 1308 2008 inuitus
1321 1967 1443 2008 monas·

290 2041 366 2096 terio
389 2039 541 2113 uirginum
566 2048 612 2096 est
637 2039 778 2111 prelatus.
827 2037 910 2096 Dum
934 2055 1007 2112 ergo
1032 2055 1191 2112 corporum
1214 2039 1387 2096 necessaria
1411 2049 1442 2096 et

290 2129 459 2184 animarum
483 2126 592 2201 pabula
614 2126 719 2183 sedule
740 2125 932 2196 ministraret,
952 2125 1087 2182 diabolus
1112 2127 1139 2182 ei
1164 2125 1303 2182 inuidens
1328 2127 1442 2184 studuit

290 2215 418 2287 qualiter
437 2230 618 2287 prosperum
640 2213 706 2270 eius
725 2230 846 2270 cursum
866 2212 984 2270 obiectu
1003 2202 1138 2270 criminis
1155 2213 1322 2286 impediret.
1360 2213 1439 2270 Nam

290 2319 380 2358 unam
411 2303 568 2375 uirginem,
592 2319 651 2374 que
677 2301 754 2374 (pre)
780 2300 894 2358 foribus
919 2310 991 2371 erat,
1015 2301 1047 2358 in
1077 2301 1255 2358 adulterium
1279 2301 1379 2373 traxit,
1411 2313 1442 2359 et

246 2409 278 2446 ao
292 2389 490 2463 [tumescente
518 2389 615 2460 utero]
642 2398 742 2446 tantus
776 2389 873 2461 pudor
905 2398 935 2446 et
966 2389 1052 2445 dolor
1080 2389 1234 2462 utriusque
1266 2392 1441 2447 monasterii

291 2473 454 2534 monachos
462 2485 492 2534 et
505 2477 638 2549 uirgines
657 2475 869 2546 consternauit,
879 2477 959 2550 quod
973 2477 1055 2533 solus
1066 2476 1204 2550 Pelagius
1221 2485 1326 2550 utpote
1335 2495 1440 2536 earum

291 2562 468 2636 (salmilian's
481 2573 571 2638 atque
583 2563 754 2636 prepositus
764 2563 830 2620 sine
839 2563 946 2620 iudicio
964 2573 993 2621 et
1007 2565 1227 2621 examinatione
1243 2564 1281 2621 ab
1296 2567 1439 2624 omnibus

290 2653 537 2725 condempnatur.
580 2650 641 2721 Qui
666 2650 747 2708 foras
775 2669 843 2708 cum
873 2649 1035 2724 ignominia
1055 2651 1175 2724 pellitur
1198 2661 1228 2708 et
1253 2652 1284 2708 in
1306 2655 1439 2725 quodam

289 2741 387 2813 ruipis
407 2756 500 2813 specu
523 2738 706 2808 re)cluditur‚
726 2738 1001 2812 monachorumque
1021 2738 1231 2796 seuerissimus
1258 2739 1314 2795 sibi
1341 2740 1438 2814 depu-

245 2848 275 2900 ²⁵
292 2830 382 2898 (tatur
400 2827 464 2900 qui)
484 2843 595 2899 panem
616 2827 796 2883 ordeaceum
822 2835 852 2882 et
873 2841 982 2898 aquam
1005 2826 1180 2883 tenuissime
1200 2827 1227 2882 ei
1249 2825 1438 2885 ministrauit

288 2915 331 2971 At
351 2914 400 2972 ille
420 2915 521 2970 omnia
542 2913 696 2986 pacienter
713 2912 864 2970 sustinens
884 2912 915 2968 in
935 2912 1016 2970 nullo
1033 2913 1168 2970 turbatus
1185 2912 1247 2983 suit,
1260 2924 1306 2970 set
1322 2915 1440 2986 gracias

289 3019 414 3076 semper
431 3003 489 3058 deo
503 3000 672 3072 (reselrens,
686 3018 742 3074 per
760 3010 931 3057 sanctorum
951 3001 1090 3073 exempla
1111 3017 1145 3057 se
1167 3002 1305 3057 continue
1318 3003 1437 3059 consor·

290 3091 402 3160 (tabat.)
441 3088 517 3145 Cum
536 3088 640 3158 li(nem
659 3105 748 3145 suum
767 3089 874 3145 adesse
893 3087 1090 3162 cognouisset,
1103 3089 1214 3160 ablbati
1231 3095 1261 3144 et
1281 3091 1439 3147 monachis

289 3177 358 3249 (per
369 3176 483 3232 litteras
495 3175 537 3232 sic
556 3175 707 3232 mandauit
720 3175 738 3246 z)
753 3175 870 3231 ‘Nobili
887 3185 952 3232 orta
967 3193 1087 3250 genere,
1100 3175 1272 3248 (Margarita
1287 3177 1317 3232 in
1335 3179 1439 3234 seculo

244 3285 277 3336 30
290 3264 370 3320 dicta
382 3262 446 3334 fui),
459 3281 518 3337 que
537 3271 569 3319 ut
587 3264 712 3336 pelagus
730 3263 963 3335 temptacionum
983 3262 1175 3335 (transirem),
1190 3263 1326 3335 Pelagius
1345 3265 1436 3322 michi

292 3367 402 3407 nomen
423 3351 569 3422 imposui3
591 3350 649 3421 (uir
667 3351 747 3420 sum)
767 3367 827 3406 non
845 3368 901 3424 pro
919 3351 1096 3423 deceptione
1115 3349 1247 3420 mentita,
1259 3352 1340 3424 quod
1353 3350 1438 3409 factis

291 3439 449 3508 (ostendi);
470 3439 509 3494 de
530 3439 654 3495 crimine
673 3439 814 3494 uirtutem
831 3437 953 3510 optinui,
972 3437 1196 3511 peni(tenci)am
1214 3439 1360 3496 innocens
1379 3441 1439 3514 egi.

291 3524 354 3580 Iam
368 3541 461 3598 queso
474 3534 609 3598 utquam
623 3527 678 3582 uiri
688 3525 831 3583 seminam
844 3525 1023 3596 nescierunt,
1034 3533 1135 3582 sancte
1148 3543 1267 3583 sorores
1281 3527 1438 3599 sepeliant,

288 3622 318 3670 et
340 3612 378 3669 sit
401 3612 536 3685 expiaeio
556 3613 684 3670 uiuentis
706 3615 836 3670 ostensio
857 3613 1020 3684 morientis,
1042 3623 1074 3670 ut
1094 3613 1205 3671 lemine
1224 3615 1372 3688 uirginem
1392 3633 1439 3672 re·

244 3723 275 3776 ³5
289 3710 469 3773 cognoscant
486 3717 575 3774 quam
591 3702 842 3774 calumpniatores
859 3701 1026 3759 adulterum
1035 3701 1221 3758 iudicabant:
1247 3701 1317 3758 Hiis
1329 3705 1438 3761 auditis

288 3787 443 3845 monachis
466 3798 497 3845 et
521 3788 793 3846 sanctimonialibus
818 3791 855 3846 ad
882 3790 1056 3863 speluncam
1078 3790 1275 3860 currentibus,
1294 3789 1434 3864 Pelagius

288 3893 306 3933 a
319 3875 438 3932 seminis
451 3875 570 3945 femina,
583 3883 613 3932 et
626 3875 710 3950 uirgo
722 3877 830 3934 intacta
846 3876 1041 3950 cognoscitur,
1060 3887 1090 3934 et
1107 3877 1221 3935 cunctis
1236 3877 1437 3951 penitenciam

288 3963 455 4037 agentibus,
468 3963 499 4018 in
513 3965 694 4020 monasterio
706 3964 856 4038 uirginum
870 3965 1032 4024 honorilice
1045 3964 1191 4038 sepelitur
1197 3965 1229 4037 ¹.]

321 4085 330 4116 ¹
347 4085 385 4136 Ct'.
398 4085 460 4148 leg.
471 4085 567 4145 Aurea,
579 4101 604 4148 p.
616 4087 672 4148 ⁶7⁶·
749 4085 759 4114 ¹
776 4087 874 4138 Collect
885 4090 912 4136 in
923 4088 966 4140 T.:

300 4187 640 4202 .........
673 4154 896 4214 marganteadeo
910 4155 969 4203 date
980 4163 1006 4204 et
1018 4154 1093 4204 nobis
1127 4191 1135 4205 .
1168 4191 1176 4204 .
1210 4190 1217 4204 .
1251 4191 1258 4205 .
1292 4155 1436 4218 dignemini

288 4218 388 4267 adesse.
417 4215 542 4266 Exultent
576 4251 832 4270 .......
867 4219 976 4283 Propter
986 4220 1080 4270 iudicia
1092 4228 1136 4270 tua
1147 4220 1259 4271 domine.

322 4289 480 4352 Sanctarum
503 4299 631 4361 uirginum
653 4306 752 4348 tuarum
782 4301 950 4364 Kyneburge,
975 4302 1136 4365 Kyneswide
1158 4319 1189 4352 ac
1211 4303 1303 4366 Ttbbe,
1325 4303 1435 4366 domine,

288 4363 520 4428 supplicacionibus
532 4366 615 4415 tribue
627 4381 676 4415 nos
687 4366 779 4428 foueri,
791 4375 819 4416 ut
830 4383 935 4430 quarum
947 4369 1121 4419 uenerabilem
1133 4405 1216 4421 .....
1506 4371 1507 4376 ’
