3008 4904
397 318 472 412 Da
495 316 662 409 sonna
687 317 902 430 mutuus
1156 332 1224 417 195

67 523 165 590 batur,
186 538 207 578 a
227 521 294 579 loco
314 519 365 577 illo
383 530 517 578 remotus
535 530 566 578 et
583 519 700 578 ablatus
723 521 832 578 itcmm
856 528 926 594 post
950 520 1100 579 modicum
1119 520 1151 577 in
1171 539 1231 578 sua

67 611 141 666 sede
157 609 324 682 reperitur.
362 607 441 665 Miro
453 610 552 678 modo,
565 608 650 681 quasi
663 625 766 665 ramus
779 607 905 678 arboris,
917 609 1105 666 trahentibus
1118 608 1197 666 cedit
1206 609 1225 677 ¹,

66 695 220 753 dimissus
237 713 309 753 vero
327 696 410 752 velut
422 695 598 752 naturaliter
609 695 639 752 in
654 713 741 752 suum
761 695 853 752 resilit
863 695 874 728 ⁹
885 696 992 753 locum.
1040 695 1109 754 Hiis
1123 695 1226 769 populi

65 783 190 840 accensi
220 783 387 849 virtutibus,
413 783 576 839 oratorium
607 782 637 838 in
669 783 845 840 memoriam
871 783 995 856 virginis
1022 792 1124 841 sancte
1155 801 1225 840 con-

65 879 237 939 struentes,
256 888 341 928 sacra
359 871 475 945 porticu
493 887 601 927 saxum
619 869 691 926 illud
706 869 894 927 collocarunt
930 870 1086 928 Accersito
1103 872 1225 928 tandem
1238 879 1257 930 5·

64 957 234 1014 Theodoro
243 957 477 1030 archiepiscopo,
485 974 553 1013 cum
563 957 752 1030 septuaginta
759 957 924 1030 virginibus
933 958 1065 1015 habiturn
1073 958 1225 1031 religionis

65 1043 216 1119 suscepit,
230 1054 261 1102 et
273 1046 311 1102 de
323 1062 473 1101 consensu
486 1045 591 1100 matris
603 1045 669 1102 eius
682 1045 861 1101 Theodorus
879 1062 946 1102 earn
958 1045 1140 1102 abbatissam
1153 1064 1225 1103 con-

64 1131 209 1189 secrauit.
248 1132 341 1205 Virgo
354 1142 453 1189 autem
466 1141 569 1189 sancta
581 1131 698 1188 virtutis
711 1133 759 1188 via
772 1134 911 1205 progredi
926 1149 985 1188 non
998 1142 1059 1189 tam
1072 1133 1230 1190 sororibus

64 1217 200 1292 imperat
221 1237 313 1293 quam
335 1229 489 1286 monstrat,
511 1219 661 1291 exemplis
682 1229 845 1292 prouocat;
871 1229 901 1276 et
922 1221 1062 1277 omnibus
1082 1221 1228 1276 humilior

63 1309 247 1378 apparebat.
284 1307 422 1364 Ministra
440 1323 510 1364 esse
532 1307 662 1364 malebat
683 1324 774 1379 quam
796 1307 947 1380 magistra,
969 1309 1115 1380 prodesse
1134 1325 1224 1380 quam
1239 1327 1273 1368 ro

64 1409 205 1464 preesse,
220 1395 364 1452 famulatu
381 1412 471 1467 quam
488 1403 632 1468 precepto
648 1393 800 1451 charitatis
817 1394 995 1466 obsequium
1011 1396 1128 1462 docere,
1142 1395 1230 1468 diligi,

65 1481 167 1550 potius
182 1499 278 1555 quam
291 1482 391 1538 timeri
406 1483 567 1555 satagebat,
580 1481 642 1554 iugi
662 1481 842 1539 abstinentia
860 1491 890 1538 et
905 1481 1022 1555 vigiliis,
1042 1481 1225 1539 orationibus

65 1569 200 1626 assiduis
214 1571 273 1626 deo
285 1567 400 1626 seruire
412 1570 557 1626 studebat
639 1556 722 1627 Cum
739 1577 839 1626 autem
857 1578 945 1628 nocte
958 1571 1087 1642 quadarn
1101 1571 1224 1628 ardente

65 1656 182 1715 lumine
203 1657 388 1714 orationibus
405 1668 534 1727 vacaret,
546 1657 686 1714 inimicus
705 1657 825 1729 generis
845 1657 968 1714 humani
986 1658 1141 1714 candelam
1159 1659 1223 1714 eius

65 1746 240 1803 exsufflans
253 1745 372 1818 penitus
385 1745 518 1802 extinxit.
555 1745 648 1802 Cuius
658 1744 777 1802 insidiis
796 1746 920 1818 angelus
934 1744 1047 1802 domini
1059 1745 1224 1802 adueniens
1239 1763 1269 1816 ¹5

66 1833 192 1902 obstitit,
207 1834 326 1890 hostem
340 1833 458 1905 longius
471 1832 612 1902 excussit,
626 1843 655 1890 et
668 1834 773 1888 lumen
784 1833 895 1906 legenti
908 1833 1042 1890 restituit
1115 1821 1225 1890 Victus

68 1935 143 1990 ergo
163 1920 320 1993 malignus
344 1919 374 1976 in
397 1937 482 1977 suam
508 1921 672 1992 perniciem
690 1921 764 1977 alias
784 1921 904 1977 molitur
924 1919 1057 1990 insidias,
1077 1937 1225 1994 occupare

66 2005 221 2078 virginem
246 2007 417 2080 aggreditur
440 2008 647 2078 dormientem,
672 2025 762 2081 quam
785 2008 957 2078 vigilantem
987 2025 1132 2081 superare
1163 2025 1224 2066 non

66 2104 198 2164 poterat.
239 2095 354 2152 Munita
366 2103 467 2152 tamen
480 2095 572 2152 armis
584 2096 655 2152 fidei
668 2107 697 2153 et
716 2096 868 2168 signaculo
881 2097 977 2152 crucis
995 2095 1111 2168 signata
1123 2096 1223 2169 quies-

68 2183 164 2251 cebat,
177 2193 210 2241 et
223 2183 350 2256 angelus
362 2183 475 2240 domini
491 2179 667 2254 adueniens,
681 2183 839 2240 dormienti
857 2183 978 2252 assedit,
991 2192 1021 2240 et
1037 2183 1223 2256 splendenti·
1239 2208 1270 2244 ao

68 2267 125 2326 bus
138 2272 334 2344 complexam
346 2271 401 2328 alis
414 2271 535 2328 obtexit.
562 2270 732 2328 Exterritus
745 2271 801 2326 hoc
814 2280 938 2344 aspectu
950 2270 1098 2341 inimicus,
1110 2289 1224 2345 pauore

69 2366 194 2416 coactus
207 2367 373 2416 retrorsum
386 2357 453 2428 ruit,
466 2368 496 2416 et
509 2375 577 2414 curn
591 2359 741 2415 horrendo
754 2358 863 2415 eiulatu
880 2360 984 2432 procul
998 2358 1118 2432 aufugit.
1156 2359 1224 2416 Hec

69 2442 151 2500 enim
164 2463 224 2520 per
237 2462 377 2518 soporem
390 2445 499 2502 dilecta
515 2447 573 2502 deo
589 2446 690 2502 anima
704 2445 919 2518 contemplans,
933 2447 1050 2502 hostem
1070 2445 1156 2502 ruina
1168 2464 1225 2504 sua

67 2531 279 2590 tabescentem
291 2531 374 2590 vidit.
446 2521 530 2592 Cum
547 2533 629 2590 enim
644 2542 732 2590 nocte
748 2534 877 2606 quadarn
894 2533 1019 2590 orationi
1034 2551 1102 2590 cum
1115 2535 1224 2590 lachri-

71 2633 190 2677 marum
204 2619 354 2693 profluuio
366 2622 480 2678 intenta
492 2629 581 2688 esset,
594 2621 733 2694 apparuit
747 2620 775 2676 ei
791 2619 914 2693 spiritus
932 2630 1054 2677 sanctus
1071 2621 1103 2676 in
1120 2621 1222 2694 specie
1239 2637 1269 2687 ²5

69 2705 222 2776 columbe,
235 2716 265 2764 ct
280 2707 312 2764 in
329 2709 425 2781 capite
437 2709 502 2765 eius
518 2709 626 2764 sedere
643 2707 728 2781 cepit,
741 2707 796 2764 alis
814 2708 1002 2780 applaudens
1020 2716 1115 2764 totum
1133 2719 1222 2781 caput

71 2793 152 2851 velut
164 2812 278 2852 corona
291 2795 439 2868 quedam⁸
451 2795 641 2868 astringebat,
653 2795 704 2851 diu
717 2795 885 2868 persistens
898 2804 928 2852 et
942 2795 1122 2867 amplexans
1134 2805 1223 2868 caput

70 2880 143 2950 eius,
155 2893 190 2940 vt
203 2900 259 2955 pre
271 2883 431 2955 splendore
443 2901 498 2956 per
509 2900 599 2940 vnam
612 2883 674 2939 sere
687 2882 792 2939 horam
804 2881 898 2939 videri
911 2899 972 2938 non
985 2890 1095 2955 posset.
1152 2871 1223 2954 Ap-

72 2972 297 3042 propinquante
309 2970 358 3027 dic
370 2970 468 3028 obitus
481 2971 537 3040 sui,
550 2970 663 3026 vocatis
679 2970 832 3026 sororibus
847 2969 910 3026 suis
926 2969 1005 3026 inter
1017 2978 1116 3025 cetera
1128 2969 1221 3026 dixit:

73 3055 204 3114 ‘Pacem
217 3066 247 3113 et
259 3057 486 3114 sanctimoniam
499 3057 578 3114 inter
589 3075 643 3115 vos
661 3057 776 3126 habete,
790 3057 974 3124 charissime,
987 3055 1161 3113 charitatem
1173 3056 1223 3114 dei
1237 3072 1272 3122 3ο,

74 3151 103 3197 et
118 3144 254 3216 proximi
272 3153 399 3212 seruate,
410 3144 539 3202 inuicem
558 3161 651 3200 onera
666 3153 793 3217 portate,
809 3143 938 3200 inuicem
957 3143 1082 3212 obedite,
1099 3151 1129 3199 et
1147 3144 1223 3200 deus

75 3232 157 3299 pacis
177 3251 214 3290 ac
234 3232 402 3289 dilectionis
422 3241 542 3288 maneat
562 3249 686 3305 semper
705 3249 773 3288 curn
798 3231 937 3288 omnibus
961 3231 1063 3288 vobis!
1101 3231 1168 3288 Hiis
1193 3243 1224 3288 et

74 3315 247 3376 huiusmodi
258 3319 405 3393 peroratis
419 3319 592 3388 hortatibus,
602 3319 689 3376 tertio
704 3319 775 3376 Idus
788 3319 850 3375 iulii
864 3319 1002 3392 migrauit
1011 3320 1049 3376 ad
1059 3321 1223 3390 dominum,

75 3407 154 3464 etin
174 3408 357 3466 monasterio
378 3425 395 3464 a
417 3417 512 3464 matre
534 3425 588 3464 sua
606 3416 784 3477 constructo,
805 3417 835 3464 et
854 3409 900 3464 cui
920 3415 1040 3480 preerat
1061 3407 1135 3480 ipsa,
1154 3425 1222 3465 cunr

75 3507 185 3566 magno
206 3495 319 3552 honore
340 3495 460 3568 sepulta
483 3505 537 3552 cst
614 3483 699 3551 Huic
723 3494 753 3550 in
779 3494 925 3568 regimine
950 3495 1095 3552 suecessit
1119 3505 1223 3552 sancta
1238 3503 1269 3554 35

76 3579 158 3654 virgo
173 3583 330 3656 Edburga3
349 3583 428 3656 que*
439 3599 507 3640 cum
521 3591 656 3642 sanctam
670 3582 848 3639 Mildredam
861 3584 898 3638 ad
911 3583 1009 3639 locum
1020 3583 1223 3640 decentiorem

76 3671 239 3727 transferre
251 3671 351 3739 vellet,
359 3681 539 3743 congregato
551 3670 631 3726 clero
643 3679 672 3727 et
682 3679 785 3743 aperto
798 3671 991 3743 sarcophago,
999 3671 1146 3742 virginem
1154 3688 1224 3728 cum

77 3757 209 3816 vestibus
221 3757 429 3815 mundissimis
442 3757 589 3831 integram
603 3768 632 3815 et
645 3759 848 3831 incorruptam
859 3759 1014 3815 inueniunt
1023 3767 1054 3816 vt
1062 3759 1222 3814 dormienti

78 3841 200 3904 similior
224 3863 314 3919 quam
339 3855 456 3902 mortuo
482 3856 649 3919 appareret.
722 3835 847 3904 'Pirate
868 3847 988 3903 tandem
1011 3845 1165 3902 Danorum
1189 3846 1222 3901 in

78 3928 204 3992 insulam
234 3933 447 4006 irrumpentes,
470 3934 590 4006 plebem
621 3936 739 4005 cedunt,
770 3934 890 4004 laniant,
915 3933 1015 3989 omnia
1043 3941 1169 4002 vastant,
1194 3941 1223 3990 et
1236 3947 1270 3997 4ο

78 4017 208 4092 virgines
220 4031 339 4078 sanctas
352 4039 420 4078 cum
433 4039 488 4078 suo
500 4022 682 4078 monasterio
694 4022 793 4080 voraci
806 4023 927 4079 flamma
939 4022 1124 4087 comburunt,
1137 4029 1167 4076 et
1179 4020 1223 4077 sic

80 4105 116 4162 de
128 4110 310 4168 monasterio
322 4109 373 4166 illo
386 4110 502 4166 famoso
520 4109 648 4167 ecclesia
662 4110 781 4183 plebeia
795 4110 872 4167 iacta
888 4119 942 4166 est.
1014 4096 1110 4166 Anno
1122 4117 1222 4168 autem

111 4305 252 4360 ¹Esedit
319 4308 376 4360 ¹E.
389 4309 471 4359 resilit
482 4309 509 4358 in
521 4261 594 4359 suum
607 4310 623 4361 i.
689 4309 745 4360 ³13.
756 4311 866 4373 quedam
897 4310 928 4360 G.
940 4308 1029 4358 florida
1103 4307 1222 4372 'Equi

81 4366 90 4397 ⁸
106 4371 178 4424 From
190 4377 236 4426 the
247 4375 345 4426 Textus
356 4376 550 4426 Translationis.

629 4485 679 4525 02
