3052 4896
103 335 213 388 next
223 336 250 386 111
263 319 308 396 a]
449 319 523 413 bc
547 316 715 407 aaran
742 318 912 410 actutu
1181 327 1253 420 485

99 518 239 592 presidio
256 529 377 594 ceptum
396 520 453 578 iter
472 523 599 578 deuotus
621 520 819 594 prosequitur.
869 520 932 578 lam
952 521 1033 579 enim
1055 522 1142 579 ante¹
1162 522 1256 579 multo

100 608 272 665 dilectionis
285 611 391 667 ardore
403 619 535 680 estuans,
547 611 676 667 eandem
689 627 834 683 sponsam
843 618 944 684 vtpote
958 628 1012 667 rex
1024 611 1155 683 inclitus,
1165 611 1256 682 mitis,

99 704 136 753 et
150 695 218 768 pius
236 696 303 754 sui¹
316 697 478 771 presentia,
491 697 585 771 gloria
600 714 718 771 magna,
733 697 824 754 nobili
840 708 984 772 apparatu
1002 707 1031 756 et
1045 700 1159 756 honore
1173 699 1256 772 regio

100 783 245 842 visitauit.
280 785 370 842 Vnde
385 794 570 843 secretorum
590 785 726 844 eiusdem
738 785 934 860 virginisque
952 787 1057 844 celitus
1070 787 1200 845 reuelata
1213 787 1255 844 illi

100 871 288 930 extiterunt⁸
306 873 451 942 conscius,
470 873 618 930 constanti
636 873 736 931 animo
755 873 860 930 institit
879 883 910 931 et
929 873 1009 932 fideli
1031 885 1179 948 quatenus
1203 875 1284 944 ho·5

100 960 229 1018 norifice
259 963 426 1020 secundum
456 961 506 1018 dei
538 961 764 1035 dispositionem
798 961 899 1019 omnia
928 973 1133 1021 consummata
1163 964 1255 1036 perfi-

101 1049 270 1106 cerentur⁴.

167 1188 191 1250 ll
210 1187 299 1259 Quod
311 1188 342 1245 in
355 1188 472 1246 duobus
484 1187 591 1245 diebus
604 1196 634 1245 et
646 1187 768 1244 dimidio
780 1187 895 1262 angelis
907 1188 1084 1248 ducentibus
1096 1206 1192 1264 vsque

491 1275 645 1334 Coloniam
657 1285 869 1349 peruenerunt.

142 1383 411 1472 Quemadmodum
421 1398 573 1472 quondam
585 1395 691 1470 Moyse
702 1398 740 1454 de
752 1396 860 1471 Egipto
869 1398 1013 1471 populum
1023 1398 1214 1457 israeliticum
1223 1399 1254 1456 in

101 1493 217 1541 terram
229 1485 498 1560 [re]promissionis
507 1484 518 1517 ⁶
528 1487 656 1541 ducente
669 1486 772 1542 aderat
784 1485 886 1542 diuina
898 1485 1033 1544 custodia
1045 1495 1131 1543 nocte
1144 1487 1254 1561 dieque

100 1571 172 1628 illos
190 1581 363 1646 protegens,
375 1574 416 1630 ita
435 1590 515 1630 nunc
532 1571 682 1644 virginum
701 1574 826 1629 istarum
844 1574 956 1630 sanctis
974 1575 1144 1648 agminibus
1162 1593 1253 1648 ange·
1270 1600 1299 1638 ιο

100 1661 202 1716 lorum
218 1661 301 1718 affuit
320 1661 487 1734 frequentia
504 1669 534 1718 et
550 1668 632 1716 tanta
651 1667 833 1731 sanctorum,
845 1669 876 1718 vt
894 1677 985 1734 supra
996 1671 1026 1718 et
1040 1663 1118 1719 circa
1130 1679 1253 1720 conuer-

99 1755 215 1819 santes,
227 1765 350 1808 omnem
368 1748 413 1806 eis
431 1757 546 1806 metum
565 1747 716 1805 auferrent
734 1756 764 1805 et
783 1747 949 1805 mesticiam
968 1749 1047 1806 dulci
1066 1767 1120 1806 sua
1137 1749 1253 1808 visione

99 1845 133 1893 et
158 1837 318 1908 presentia.
356 1835 494 1909 Denique
517 1844 547 1892 et
571 1833 707 1892 infantuli
726 1833 798 1908 qui⁶
816 1835 847 1892 in
866 1843 1034 1893 ceterarum
1053 1837 1133 1894 vlnls
1154 1847 1253 1910 gesta·

98 1923 213 1979 bantur
225 1933 254 1980 et
267 1923 392 1995 sinibus,
404 1923 538 1981 visiones
553 1923 703 1996 angelicas
720 1922 915 1981 ammirantes
927 1923 1121 1997 insolitusque
1134 1924 1252 1982 illarum

99 2027 252 2084 personas
270 2021 301 2069 et
319 2012 435 2085 effigies
453 2011 619 2082 rutilantes,
641 2011 713 2083 [ει]7
735 2027 856 2068 sursum
878 2011 909 2068 in
932 2012 1052 2069 aerem⁸
1068 2011 1177 2084 digitos
1199 2030 1251 2071 ex·
1268 2036 1297 2088 ¹5

98 2100 270 2168 tendentes,
293 2117 350 2173 pre
376 2099 584 2156 ammiratione
615 2115 707 2156 sonos
738 2098 914 2155 emittebant
943 2100 1078 2156 dicentes
1110 2100 1164 2156 ha!
1195 2101 1250 2157 ha!

98 2185 300 2244 velocissimo
315 2186 464 2260 siquidem
479 2204 569 2244 cursu
587 2203 681 2244 naues
700 2203 784 2243 mare
801 2195 940 2244 secantes
955 2188 993 2244 ad
1011 2203 1153 2260 magnum
1172 2187 1252 2245 Reni

99 2273 228 2331 fluuium
249 2275 408 2349 tranquilla
428 2273 624 2347 nauigatione,
644 2275 702 2332 deo
722 2275 849 2332 ducente
870 2273 1066 2347 angelicoque
1091 2276 1180 2331 ductu
1205 2293 1251 2332 re·

97 2370 201 2434 gente,
215 2380 362 2436 prospere
376 2372 588 2436 peruenerunt.
625 2363 684 2419 Vbi
702 2371 806 2418 contra
825 2361 961 2419 eiusdem
983 2362 1062 2419 Reni
1081 2379 1202 2420 cursum
1221 2372 1251 2421 et

98 2449 250 2522 impetum
277 2450 464 2508 velificantes
493 2450 580 2508 tertia
610 2450 660 2507 die
689 2452 767 2507 circa
797 2459 914 2506 sextam
945 2448 1109 2506 coloniensi
1140 2450 1250 2508 ciuitati
1266 2471 1298 2508 ao

99 2537 320 2611 applicuerunt,
339 2546 370 2596 et
390 2539 550 2612 plusquam
570 2548 637 2594 octo
659 2537 776 2594 dierum
801 2537 858 2595 iter
882 2537 913 2594 in
937 2538 1054 2594 duobus
1078 2538 1205 2596 diebus⁹
1221 2548 1251 2596 et

98 2625 224 2682 dimidio
243 2626 443 2700 perfecerunt
481 2626 576 2682 Porro
595 2625 724 2699 scriptor
744 2624 898 2682 Passionis
917 2626 1082 2683 earundem
1100 2625 1251 2700 virginum

97 2713 172 2770 dicit
191 2731 243 2772 eas
267 2714 346 2770 inter
364 2713 444 2771 diem
464 2722 494 2771 et
512 2724 631 2770 noctem
650 2729 667 2768 a
685 2721 774 2787 portu
792 2729 851 2786 quo
860 2712 881 2745 ¹⁰
901 2713 1038 2786 ingresse
1056 2721 1126 2770 sunt
1147 2731 1250 2784 naues

96 2803 138 2858 ad
151 2802 261 2858 dietam
279 2819 374 2875 prope
386 2800 541 2858 Coloniam
554 2799 732 2874 peruenisse
751 2799 782 2856 in
794 2801 893 2858 vicum
907 2801 1055 2873 quendam
1073 2800 1124 2873 qui
1142 2800 1251 2858 dicitur

96 2889 167 2946 Tile
186 2889 317 2947 forence.
366 2889 465 2946 Potuit
484 2888 567 2946 enim
585 2887 650 2945 fieri
671 2896 703 2944 vt
723 2887 891 2960 aliquorum
915 2886 1085 2961 principum
1106 2887 1249 2945 charitate
1265 2907 1294 2958 ²5

97 2977 315 3046 detinerentur,
334 2985 365 3034 et
385 2977 428 3034 sic
449 2977 537 3034 tertia
556 2975 605 3032 die
626 2975 782 3033 Coloniam
801 2983 1013 3049 peruenerunt.
1051 2975 1113 3032 illic
1132 2976 1170 3032 ab
1187 2976 1249 3048 epi·

96 3081 193 3137 scopo
203 3063 223 3097 ¹¹
243 3074 274 3122 et
293 3065 409 3122 ciuibus
431 3063 566 3122 eiusdem
589 3063 716 3120 ciuitatis
740 3061 954 3119 honorabiliter
974 3072 1110 3135 excepte,
1131 3079 1187 3135 per
1206 3063 1249 3119 bi·

96 3151 220 3210 duum¹¹
232 3153 419 3226 quieucrunt.
454 3151 590 3210 Necdum
604 3168 676 3208 sane
689 3152 853 3208 aduenerat
866 3149 937 3208 felix
945 3149 966 3182 ¹³
978 3148 1097 3206 illarum
1106 3149 1249 3222 triumphi

96 3250 221 3312 tempus
239 3251 269 3298 et
291 3239 404 3312 agonis,
425 3257 484 3313 quo
508 3240 539 3295 in
562 3239 670 3296 eodem
692 3239 758 3296 loco
782 3247 867 3296 erant
891 3237 1028 3310 precioso
1038 3237 1060 3270 ¹⁴
1079 3239 1248 3294 coronanda

95 3327 242 3385 martirio.
280 3328 357 3384 Nam
377 3344 454 3400 gens
479 3327 639 3383 Hunorum
664 3326 817 3383 barbarica
839 3335 869 3382 et
891 3324 1020 3382 crudelis
1041 3325 1130 3398 longe
1151 3326 1247 3382 adhuc
1262 3344 1294 3394 30

95 3416 210 3486 aberat,
234 3414 384 3489 aquibus
409 3413 527 3471 fuerunt
551 3415 582 3470 ln
613 3413 750 3487 proximo
759 3413 781 3447 ¹⁵
804 3413 989 3486 perimende.
1025 3412 1113 3469 Vnde
1144 3429 1248 3470 rursus

95 3503 234 3575 angelico
264 3513 475 3560 ammonentur
505 3519 652 3575 responso
683 3501 825 3574 quatinus
857 3500 986 3557 Romam
1011 3499 1248 3572 proficiscantur,

96 3589 198 3663 ibique
211 3592 268 3647 deo
281 3607 315 3647 ac
332 3589 476 3663 genetrici
492 3590 559 3646 eius
576 3590 678 3646 beate⁹
690 3599 779 3662 atque
792 3588 934 3662 apostolis
949 3597 978 3644 et
996 3589 1107 3645 sanctis
1120 3605 1248 3661 quorum

96 3677 157 3734 illic
171 3677 295 3751 reliquie
303 3678 500 3748 ⁸habebantur
516 3686 547 3734 et
565 3693 699 3750 corpora,
713 3693 781 3734 sese
799 3677 1010 3733 commendent
1018 3675 1056 3746 ¹⁸3
1075 3685 1248 3733 asserentes

96 3765 187 3822 etiam
207 3765 385 3838 pollicentur
400 3765 543 3838 quoniam
563 3766 601 3821 de
623 3764 721 3821 Roma
742 3772 929 3820 reuertentes
949 3763 979 3819 in
999 3764 1105 3820 eadem
1128 3762 1246 3820 ciuitate
1261 3774 1292 3826 3⁵

96 3853 177 3910 beati
203 3853 308 3926 agonis
333 3853 480 3926 adepture
507 3851 597 3909 sint¹⁷
620 3851 814 3925 triumphum.
860 3851 995 3923 Quorum
1020 3851 1246 3923 acquiescentes

95 3941 229 4012 monitis,
246 3957 340 3998 naues
359 3949 507 4015 repetunt,
520 3949 609 4013 atque
627 3941 665 3997 ab
683 3939 910 4012 archiepiscopo
927 3938 1109 4011 reliquisque
1131 3937 1246 3995 ciuibus

130 4106 187 4156 ¹13.
199 4107 307 4159 animus.
406 4105 463 4156 ¹13.
475 4120 529 4158 sua.
629 4104 686 4156 ⁸13.
701 4105 848 4157 extiterant.
941 4103 998 4154 ⁴13.
1011 4103 1245 4168 proficiscerentur.

95 4172 155 4222 ιΒ.
166 4171 382 4237 repromissionis.
458 4170 515 4220 ⁸13.
527 4171 651 4221 infantule
664 4186 723 4233 que.
797 4169 874 4221 lom.
952 4167 1009 4219 ⁸13.
1020 4186 1090 4220 aere.
1167 4171 1246 4221 ⁹orn.

95 4241 123 4290 in
136 4238 167 4290 B.
224 4239 242 4271 ¹⁰
260 4239 289 4290 Ε.
303 4253 387 4301 quem.
447 4237 464 4267 ²¹
482 4237 513 4288 B.
525 4237 729 4300 archiepiscopo.
784 4235 803 4266 ¹²
820 4251 868 4298 per
878 4235 982 4285 biduum
995 4251 1046 4286 orn.
1056 4236 1083 4284 in
1097 4235 1126 4286 B.
1184 4234 1245 4286 13Β.

95 4305 186 4399 fimi*
280 4303 299 4336 ¹¹
317 4304 349 4355 B.
361 4303 477 4368 pretioso
489 4309 571 4356 eraut.
656 4303 675 4334 ¹⁵
693 4303 724 4352 B.
736 4316 783 4364 pro
795 4302 907 4352 Christo.
975 4299 995 4332 ¹⁸
1012 4301 1040 4352 E.
1055 4301 1245 4352 commendant.

93 4371 102 4402 ¹
133 4369 164 4421 E.
175 4375 245 4422 sunt.
