<?xml version="1.0" encoding="UTF-8"?>
<!DOCTYPE html PUBLIC "-//W3C//DTD XHTML 1.0 Transitional//EN"
    "http://www.w3.org/TR/xhtml1/DTD/xhtml1-transitional.dtd">
<html xmlns="http://www.w3.org/1999/xhtml" xml:lang="en" lang="en">
 <head>
  <title>
</title>
<meta http-equiv="Content-Type" content="text/html;charset=utf-8" />
  <meta name='ocr-system' content='tesseract 3.04.00' />
  <meta name='ocr-capabilities' content='ocr_page ocr_carea ocr_par ocr_line ocrx_word'/>
</head>
<body>
  <div class='ocr_page' id='page_1' title='image "./novalegendaangl00wordgoog/novalegendaangl00wordgoog_0276.png"; bbox 0 0 3008 4904; ppageno 0'>
   <div class='ocr_carea' id='block_1_1' title="bbox 365 289 1246 394">
    <p class='ocr_par' dir='ltr' id='par_1_1' title="bbox 365 289 1246 394">
     <span class='ocr_line' id='line_1_1' title="bbox 365 289 1246 394; baseline -0.02 -9"><span class='ocrx_word' id='word_1_1' title='bbox 365 292 441 385; x_wconf 64' lang='lat' dir='ltr'>Dr</span> <span class='ocrx_word' id='word_1_2' title='bbox 464 289 628 380; x_wconf 60' lang='lat' dir='ltr'>&amp;aaut</span> <span class='ocrx_word' id='word_1_3' title='bbox 653 290 853 382; x_wconf 73' lang='lat' dir='ltr'>umam</span> <span class='ocrx_word' id='word_1_4' title='bbox 877 305 983 394; x_wconf 70' lang='lat' dir='ltr'>tero.</span> <span class='ocrx_word' id='word_1_5' title='bbox 1175 299 1246 387; x_wconf 80' lang='lat'>267</span> 
     </span>
    </p>
   </div>
   <div class='ocr_carea' id='block_1_2' title="bbox 88 492 1332 2669">
    <p class='ocr_par' dir='ltr' id='par_1_2' title="bbox 88 492 1332 2669">
     <span class='ocr_line' id='line_1_2' title="bbox 88 492 1248 567; baseline 0.001 -17"><span class='ocrx_word' id='word_1_6' title='bbox 88 501 186 564; x_wconf 84' lang='lat' dir='ltr'>gante</span> <span class='ocrx_word' id='word_1_7' title='bbox 204 493 318 567; x_wconf 83' lang='lat' dir='ltr'><strong>egisset</strong></span> <span class='ocrx_word' id='word_1_8' title='bbox 336 492 484 551; x_wconf 88' lang='lat' dir='ltr'>indicauit.</span> <span class='ocrx_word' id='word_1_9' title='bbox 522 493 589 564; x_wconf 85' lang='lat' dir='ltr'>Quo</span> <span class='ocrx_word' id='word_1_10' title='bbox 607 493 707 550; x_wconf 89' lang='lat' dir='ltr'>audito</span> <span class='ocrx_word' id='word_1_11' title='bbox 726 495 867 551; x_wconf 86' lang='lat' dir='ltr'>sacerdos</span> <span class='ocrx_word' id='word_1_12' title='bbox 884 495 941 551; x_wconf 91' lang='lat' dir='ltr'>deo</span> <span class='ocrx_word' id='word_1_13' title='bbox 958 501 988 551; x_wconf 91' lang='lat' dir='ltr'>et</span> <span class='ocrx_word' id='word_1_14' title='bbox 1004 495 1092 550; x_wconf 90' lang='lat' dir='ltr'>beato</span> <span class='ocrx_word' id='word_1_15' title='bbox 1105 492 1248 551; x_wconf 88' lang='lat' dir='ltr'>Oswaldo</span> 
     </span>
     <span class='ocr_line' id='line_1_3' title="bbox 90 581 1247 655; baseline 0.002 -17"><span class='ocrx_word' id='word_1_16' title='bbox 90 583 263 639; x_wconf 87' lang='lat' dir='ltr'>immensas</span> <span class='ocrx_word' id='word_1_17' title='bbox 286 581 396 655; x_wconf 85' lang='lat' dir='ltr'>gratias</span> <span class='ocrx_word' id='word_1_18' title='bbox 419 581 564 650; x_wconf 87' lang='lat' dir='ltr'>reserens,</span> <span class='ocrx_word' id='word_1_19' title='bbox 583 581 677 639; x_wconf 90' lang='lat' dir='ltr'>errori</span> <span class='ocrx_word' id='word_1_20' title='bbox 699 581 776 638; x_wconf 90' lang='lat' dir='ltr'>illius</span> <span class='ocrx_word' id='word_1_21' title='bbox 795 582 947 639; x_wconf 84' lang='lat' dir='ltr'>condoluit</span> <span class='ocrx_word' id='word_1_22' title='bbox 968 591 998 638; x_wconf 91' lang='lat' dir='ltr'>et</span> <span class='ocrx_word' id='word_1_23' title='bbox 1019 582 1146 639; x_wconf 91' lang='lat' dir='ltr'>liberum</span> <span class='ocrx_word' id='word_1_24' title='bbox 1164 582 1247 640; x_wconf 90' lang='lat' dir='ltr'>abire</span> 
     </span>
     <span class='ocr_line' id='line_1_4' title="bbox 89 657 1248 743; baseline 0 -17"><span class='ocrx_word' id='word_1_25' title='bbox 89 669 242 743; x_wconf 88' lang='lat' dir='ltr'>permisit.</span> <span class='ocrx_word' id='word_1_26' title='bbox 305 657 404 728; x_wconf 86' lang='lat' dir='ltr'>²Cum</span> <span class='ocrx_word' id='word_1_27' title='bbox 412 679 511 726; x_wconf 85' lang='lat' dir='ltr'>autem</span> <span class='ocrx_word' id='word_1_28' title='bbox 520 669 550 726; x_wconf 92' lang='lat' dir='ltr'>in</span> <span class='ocrx_word' id='word_1_29' title='bbox 563 669 743 726; x_wconf 89' lang='lat' dir='ltr'>monasterio</span> <span class='ocrx_word' id='word_1_30' title='bbox 753 668 887 726; x_wconf 90' lang='lat' dir='ltr'>Seleseie</span> <span class='ocrx_word' id='word_1_31' title='bbox 897 669 1044 743; x_wconf 91' lang='lat' dir='ltr'>etvbique</span> <span class='ocrx_word' id='word_1_32' title='bbox 1053 671 1083 726; x_wconf 91' lang='lat' dir='ltr'>in</span> <span class='ocrx_word' id='word_1_33' title='bbox 1093 669 1248 743; x_wconf 89' lang='lat' dir='ltr'>prouincia</span> 
     </span>
     <span class='ocr_line' id='line_1_5' title="bbox 91 755 1247 830; baseline 0 -16"><span class='ocrx_word' id='word_1_34' title='bbox 91 757 285 814; x_wconf 88' lang='lat' dir='ltr'>mortalitatis</span> <span class='ocrx_word' id='word_1_35' title='bbox 307 757 401 830; x_wconf 88' lang='lat' dir='ltr'>pestis</span> <span class='ocrx_word' id='word_1_36' title='bbox 422 758 533 814; x_wconf 90' lang='lat' dir='ltr'>seuiret</span> <span class='ocrx_word' id='word_1_37' title='bbox 555 766 585 813; x_wconf 91' lang='lat' dir='ltr'>et</span> <span class='ocrx_word' id='word_1_38' title='bbox 607 757 722 830; x_wconf 90' lang='lat' dir='ltr'>passim</span> <span class='ocrx_word' id='word_1_39' title='bbox 742 759 780 814; x_wconf 92' lang='lat' dir='ltr'>de</span> <span class='ocrx_word' id='word_1_40' title='bbox 802 757 857 813; x_wconf 87' lang='lat' dir='ltr'>hac</span> <span class='ocrx_word' id='word_1_41' title='bbox 876 755 937 814; x_wconf 85' lang='lat' dir='ltr'>vita</span> <span class='ocrx_word' id='word_1_42' title='bbox 958 757 1043 814; x_wconf 91' lang='lat' dir='ltr'>multi</span> <span class='ocrx_word' id='word_1_43' title='bbox 1062 767 1247 830; x_wconf 87' lang='lat' dir='ltr'>raperentur,</span> 
     </span>
     <span class='ocr_line' id='line_1_6' title="bbox 88 843 1275 914; baseline 0.002 -14"><span class='ocrx_word' id='word_1_44' title='bbox 88 845 194 902; x_wconf 89' lang='lat' dir='ltr'>visum</span> <span class='ocrx_word' id='word_1_45' title='bbox 204 853 251 901; x_wconf 89' lang='lat' dir='ltr'>est</span> <span class='ocrx_word' id='word_1_46' title='bbox 262 845 401 902; x_wconf 79' lang='lat' dir='ltr'>iratribus</span> <span class='ocrx_word' id='word_1_47' title='bbox 409 844 580 902; x_wconf 89' lang='lat' dir='ltr'>triduanum</span> <span class='ocrx_word' id='word_1_48' title='bbox 589 843 872 901; x_wconf 89' lang='lat' dir='ltr'>ieiuniumindicere</span> <span class='ocrx_word' id='word_1_49' title='bbox 881 855 911 902; x_wconf 89' lang='lat' dir='ltr'>et</span> <span class='ocrx_word' id='word_1_50' title='bbox 919 845 1050 902; x_wconf 89' lang='lat' dir='ltr'>diuinam</span> <span class='ocrx_word' id='word_1_51' title='bbox 1058 845 1246 902; x_wconf 87' lang='lat' dir='ltr'>clementiam</span> <span class='ocrx_word' id='word_1_52' title='bbox 1261 863 1275 914; x_wconf 80' lang='lat'>5</span> 
     </span>
     <span class='ocr_line' id='line_1_7' title="bbox 88 932 1332 1006; baseline -0.001 -17"><span class='ocrx_word' id='word_1_53' title='bbox 88 932 272 1005; x_wconf 84' lang='lat' dir='ltr'>suppliciter</span> <span class='ocrx_word' id='word_1_54' title='bbox 284 932 451 1002; x_wconf 90' lang='lat' dir='ltr'>obsecrare,</span> <span class='ocrx_word' id='word_1_55' title='bbox 465 942 496 989; x_wconf 91' lang='lat' dir='ltr'>vt</span> <span class='ocrx_word' id='word_1_56' title='bbox 512 932 748 989; x_wconf 88' lang='lat' dir='ltr'>misericordiam</span> <span class='ocrx_word' id='word_1_57' title='bbox 764 932 823 989; x_wconf 91' lang='lat' dir='ltr'>illis</span> <span class='ocrx_word' id='word_1_58' title='bbox 841 932 1014 1004; x_wconf 86' lang='lat' dir='ltr'>dignaretur</span> <span class='ocrx_word' id='word_1_59' title='bbox 1028 932 1205 1006; x_wconf 86' lang='lat' dir='ltr'>impendere</span> <span class='ocrx_word' id='word_1_60' title='bbox 1218 943 1247 990; x_wconf 90' lang='lat' dir='ltr'>et</span> <span class='ocrx_word' id='word_1_61' title='bbox 1330 964 1332 976; x_wconf 90' lang='lat'>·</span> 
     </span>
     <span class='ocr_line' id='line_1_8' title="bbox 88 1019 1247 1093; baseline 0 -17"><span class='ocrx_word' id='word_1_62' title='bbox 88 1020 161 1076; x_wconf 88' lang='lat' dir='ltr'>siue</span> <span class='ocrx_word' id='word_1_63' title='bbox 174 1019 377 1092; x_wconf 79' lang='lat' dir='ltr'>periclitantes</span> <span class='ocrx_word' id='word_1_64' title='bbox 392 1020 448 1076; x_wconf 92' lang='lat' dir='ltr'>hoc</span> <span class='ocrx_word' id='word_1_65' title='bbox 463 1020 569 1076; x_wconf 91' lang='lat' dir='ltr'>morbo</span> <span class='ocrx_word' id='word_1_66' title='bbox 582 1037 600 1076; x_wconf 88' lang='lat' dir='ltr'>a</span> <span class='ocrx_word' id='word_1_67' title='bbox 611 1020 745 1093; x_wconf 88' lang='lat' dir='ltr'>presenti</span> <span class='ocrx_word' id='word_1_68' title='bbox 758 1029 854 1076; x_wconf 91' lang='lat' dir='ltr'>morte</span> <span class='ocrx_word' id='word_1_69' title='bbox 867 1021 1014 1090; x_wconf 87' lang='lat' dir='ltr'>liberaret,</span> <span class='ocrx_word' id='word_1_70' title='bbox 1028 1036 1082 1077; x_wconf 90' lang='lat' dir='ltr'>seu</span> <span class='ocrx_word' id='word_1_71' title='bbox 1095 1029 1196 1093; x_wconf 87' lang='lat' dir='ltr'>raptos</span> <span class='ocrx_word' id='word_1_72' title='bbox 1209 1021 1247 1076; x_wconf 93' lang='lat' dir='ltr'>de</span> 
     </span>
     <span class='ocr_line' id='line_1_9' title="bbox 88 1107 1248 1180; baseline 0.002 -18"><span class='ocrx_word' id='word_1_73' title='bbox 88 1107 210 1164; x_wconf 91' lang='lat' dir='ltr'>mundo</span> <span class='ocrx_word' id='word_1_74' title='bbox 222 1123 240 1162; x_wconf 87' lang='lat' dir='ltr'>a</span> <span class='ocrx_word' id='word_1_75' title='bbox 254 1117 401 1180; x_wconf 89' lang='lat' dir='ltr'>perpetua</span> <span class='ocrx_word' id='word_1_76' title='bbox 413 1107 512 1164; x_wconf 85' lang='lat' dir='ltr'>anime</span> <span class='ocrx_word' id='word_1_77' title='bbox 526 1107 738 1180; x_wconf 82' lang='lat' dir='ltr'>dampnatione</span> <span class='ocrx_word' id='word_1_78' title='bbox 752 1116 896 1164; x_wconf 85' lang='lat' dir='ltr'>seruaret.</span> <span class='ocrx_word' id='word_1_79' title='bbox 934 1107 1006 1164; x_wconf 85' lang='lat' dir='ltr'>Erat</span> <span class='ocrx_word' id='word_1_80' title='bbox 1019 1117 1088 1164; x_wconf 88' lang='lat' dir='ltr'>tunc</span> <span class='ocrx_word' id='word_1_81' title='bbox 1101 1107 1130 1163; x_wconf 88' lang='lat' dir='ltr'>in</span> <span class='ocrx_word' id='word_1_82' title='bbox 1144 1125 1248 1164; x_wconf 89' lang='lat' dir='ltr'>mona·</span> 
     </span>
     <span class='ocr_line' id='line_1_10' title="bbox 89 1194 1248 1270; baseline 0 -20"><span class='ocrx_word' id='word_1_83' title='bbox 89 1194 188 1251; x_wconf 90' lang='lat' dir='ltr'>sterio</span> <span class='ocrx_word' id='word_1_84' title='bbox 198 1194 250 1250; x_wconf 93' lang='lat' dir='ltr'>illo</span> <span class='ocrx_word' id='word_1_85' title='bbox 263 1211 339 1266; x_wconf 89' lang='lat' dir='ltr'>puer</span> <span class='ocrx_word' id='word_1_86' title='bbox 351 1194 480 1267; x_wconf 91' lang='lat' dir='ltr'>quidam,</span> <span class='ocrx_word' id='word_1_87' title='bbox 493 1195 543 1267; x_wconf 92' lang='lat' dir='ltr'>qui</span> <span class='ocrx_word' id='word_1_88' title='bbox 560 1197 667 1252; x_wconf 87' lang='lat' dir='ltr'>eadem</span> <span class='ocrx_word' id='word_1_89' title='bbox 684 1203 781 1252; x_wconf 92' lang='lat' dir='ltr'>tactus</span> <span class='ocrx_word' id='word_1_90' title='bbox 798 1194 970 1252; x_wconf 88' lang='lat' dir='ltr'>infirmitate</span> <span class='ocrx_word' id='word_1_91' title='bbox 984 1195 1013 1251; x_wconf 92' lang='lat' dir='ltr'>in</span> <span class='ocrx_word' id='word_1_92' title='bbox 1028 1196 1104 1252; x_wconf 91' lang='lat' dir='ltr'>lecto</span> <span class='ocrx_word' id='word_1_93' title='bbox 1115 1195 1248 1270; x_wconf 86' lang='lat' dir='ltr'>iacebat;</span> 
     </span>
     <span class='ocr_line' id='line_1_11' title="bbox 88 1281 1295 1356; baseline -0.001 -19"><span class='ocrx_word' id='word_1_94' title='bbox 88 1281 140 1338; x_wconf 90' lang='lat' dir='ltr'>cui</span> <span class='ocrx_word' id='word_1_95' title='bbox 165 1282 369 1354; x_wconf 83' lang='lat' dir='ltr'>apostolorum</span> <span class='ocrx_word' id='word_1_96' title='bbox 394 1282 546 1356; x_wconf 89' lang='lat' dir='ltr'>principes</span> <span class='ocrx_word' id='word_1_97' title='bbox 570 1281 683 1355; x_wconf 89' lang='lat' dir='ltr'>dignati</span> <span class='ocrx_word' id='word_1_98' title='bbox 708 1291 778 1339; x_wconf 89' lang='lat' dir='ltr'>sunt</span> <span class='ocrx_word' id='word_1_99' title='bbox 801 1300 957 1356; x_wconf 85' lang='lat' dir='ltr'>apparere,</span> <span class='ocrx_word' id='word_1_100' title='bbox 983 1283 1134 1340; x_wconf 90' lang='lat' dir='ltr'>dicentes:</span> <span class='ocrx_word' id='word_1_101' title='bbox 1164 1282 1248 1338; x_wconf 88' lang='lat' dir='ltr'>‘Noli</span> <span class='ocrx_word' id='word_1_102' title='bbox 1264 1299 1295 1337; x_wconf 88' lang='lat' dir='ltr'>ro</span> 
     </span>
     <span class='ocr_line' id='line_1_12' title="bbox 88 1369 1248 1443; baseline 0.003 -19"><span class='ocrx_word' id='word_1_103' title='bbox 88 1369 211 1436; x_wconf 90' lang='lat' dir='ltr'>timere,</span> <span class='ocrx_word' id='word_1_104' title='bbox 224 1369 276 1439; x_wconf 89' lang='lat' dir='ltr'>fili,</span> <span class='ocrx_word' id='word_1_105' title='bbox 290 1379 427 1438; x_wconf 88' lang='lat' dir='ltr'>mortem,</span> <span class='ocrx_word' id='word_1_106' title='bbox 440 1387 496 1443; x_wconf 91' lang='lat' dir='ltr'>pro</span> <span class='ocrx_word' id='word_1_107' title='bbox 515 1387 574 1442; x_wconf 89' lang='lat' dir='ltr'>qua</span> <span class='ocrx_word' id='word_1_108' title='bbox 592 1369 736 1428; x_wconf 90' lang='lat' dir='ltr'>sollicitus</span> <span class='ocrx_word' id='word_1_109' title='bbox 754 1388 805 1428; x_wconf 90' lang='lat' dir='ltr'>es:</span> <span class='ocrx_word' id='word_1_110' title='bbox 825 1388 881 1427; x_wconf 88' lang='lat' dir='ltr'>nos</span> <span class='ocrx_word' id='word_1_111' title='bbox 898 1371 979 1428; x_wconf 90' lang='lat' dir='ltr'>enim</span> <span class='ocrx_word' id='word_1_112' title='bbox 997 1379 1028 1427; x_wconf 90' lang='lat' dir='ltr'>te</span> <span class='ocrx_word' id='word_1_113' title='bbox 1043 1370 1187 1427; x_wconf 88' lang='lat' dir='ltr'>hodierna</span> <span class='ocrx_word' id='word_1_114' title='bbox 1199 1370 1248 1428; x_wconf 90' lang='lat' dir='ltr'>die</span> 
     </span>
     <span class='ocr_line' id='line_1_13' title="bbox 89 1457 1248 1532; baseline 0 -18"><span class='ocrx_word' id='word_1_115' title='bbox 89 1457 130 1514; x_wconf 87' lang='lat' dir='ltr'>ad</span> <span class='ocrx_word' id='word_1_116' title='bbox 152 1457 275 1514; x_wconf 90' lang='lat' dir='ltr'>celestia</span> <span class='ocrx_word' id='word_1_117' title='bbox 295 1474 400 1514; x_wconf 87' lang='lat' dir='ltr'>sumus</span> <span class='ocrx_word' id='word_1_118' title='bbox 423 1475 516 1530; x_wconf 91' lang='lat' dir='ltr'>regna</span> <span class='ocrx_word' id='word_1_119' title='bbox 534 1458 716 1532; x_wconf 89' lang='lat' dir='ltr'>perducturi.</span> <span class='ocrx_word' id='word_1_120' title='bbox 751 1457 834 1514; x_wconf 89' lang='lat' dir='ltr'>Voca</span> <span class='ocrx_word' id='word_1_121' title='bbox 852 1474 924 1531; x_wconf 89' lang='lat' dir='ltr'>ergo</span> <span class='ocrx_word' id='word_1_122' title='bbox 942 1460 980 1515; x_wconf 89' lang='lat' dir='ltr'>ad</span> <span class='ocrx_word' id='word_1_123' title='bbox 999 1466 1030 1515; x_wconf 90' lang='lat' dir='ltr'>te</span> <span class='ocrx_word' id='word_1_124' title='bbox 1048 1458 1248 1532; x_wconf 89' lang='lat' dir='ltr'>presbiterum</span> 
     </span>
     <span class='ocr_line' id='line_1_14' title="bbox 90 1543 1248 1618; baseline 0.002 -18"><span class='ocrx_word' id='word_1_125' title='bbox 90 1544 234 1617; x_wconf 86' lang='lat' dir='ltr'>Eoppam</span> <span class='ocrx_word' id='word_1_126' title='bbox 260 1553 290 1602; x_wconf 92' lang='lat' dir='ltr'>et</span> <span class='ocrx_word' id='word_1_127' title='bbox 315 1544 404 1601; x_wconf 90' lang='lat' dir='ltr'>dicito</span> <span class='ocrx_word' id='word_1_128' title='bbox 428 1543 470 1600; x_wconf 91' lang='lat' dir='ltr'>illi</span> <span class='ocrx_word' id='word_1_129' title='bbox 494 1545 564 1618; x_wconf 88' lang='lat' dir='ltr'>quia</span> <span class='ocrx_word' id='word_1_130' title='bbox 590 1545 732 1602; x_wconf 90' lang='lat' dir='ltr'>dominus</span> <span class='ocrx_word' id='word_1_131' title='bbox 756 1544 907 1602; x_wconf 86' lang='lat' dir='ltr'>exaudiuit</span> <span class='ocrx_word' id='word_1_132' title='bbox 938 1563 1046 1618; x_wconf 88' lang='lat' dir='ltr'>preces</span> <span class='ocrx_word' id='word_1_133' title='bbox 1069 1555 1187 1603; x_wconf 88' lang='lat' dir='ltr'>vestras</span> <span class='ocrx_word' id='word_1_134' title='bbox 1218 1555 1248 1602; x_wconf 92' lang='lat' dir='ltr'>et</span> 
     </span>
     <span class='ocr_line' id='line_1_15' title="bbox 89 1631 1248 1706; baseline 0.001 -18"><span class='ocrx_word' id='word_1_135' title='bbox 89 1631 287 1690; x_wconf 88' lang='lat' dir='ltr'>deuotionem</span> <span class='ocrx_word' id='word_1_136' title='bbox 302 1650 336 1689; x_wconf 89' lang='lat' dir='ltr'>ac</span> <span class='ocrx_word' id='word_1_137' title='bbox 349 1632 459 1691; x_wconf 85' lang='lat' dir='ltr'>ieiunia</span> <span class='ocrx_word' id='word_1_138' title='bbox 471 1632 618 1706; x_wconf 91' lang='lat' dir='ltr'>propitius</span> <span class='ocrx_word' id='word_1_139' title='bbox 630 1633 757 1706; x_wconf 85' lang='lat' dir='ltr'>aspexit,</span> <span class='ocrx_word' id='word_1_140' title='bbox 767 1651 822 1689; x_wconf 90' lang='lat' dir='ltr'>nec</span> <span class='ocrx_word' id='word_1_141' title='bbox 835 1632 941 1706; x_wconf 85' lang='lat' dir='ltr'>aliquis</span> <span class='ocrx_word' id='word_1_142' title='bbox 952 1635 990 1690; x_wconf 92' lang='lat' dir='ltr'>de</span> <span class='ocrx_word' id='word_1_143' title='bbox 1000 1633 1056 1690; x_wconf 91' lang='lat' dir='ltr'>hoc</span> <span class='ocrx_word' id='word_1_144' title='bbox 1065 1633 1248 1690; x_wconf 87' lang='lat' dir='ltr'>monasterio</span> 
     </span>
     <span class='ocr_line' id='line_1_16' title="bbox 88 1719 1293 1795; baseline 0.002 -19"><span class='ocrx_word' id='word_1_145' title='bbox 88 1721 150 1776; x_wconf 89' lang='lat' dir='ltr'>hac</span> <span class='ocrx_word' id='word_1_146' title='bbox 164 1719 250 1776; x_wconf 89' lang='lat' dir='ltr'>clade</span> <span class='ocrx_word' id='word_1_147' title='bbox 264 1719 427 1777; x_wconf 90' lang='lat' dir='ltr'>moriturus</span> <span class='ocrx_word' id='word_1_148' title='bbox 440 1731 495 1790; x_wconf 90' lang='lat' dir='ltr'>est,</span> <span class='ocrx_word' id='word_1_149' title='bbox 506 1730 609 1793; x_wconf 87' lang='lat' dir='ltr'>preter</span> <span class='ocrx_word' id='word_1_150' title='bbox 618 1729 648 1777; x_wconf 87' lang='lat' dir='ltr'>te</span> <span class='ocrx_word' id='word_1_151' title='bbox 661 1721 767 1789; x_wconf 88' lang='lat' dir='ltr'>solum,</span> <span class='ocrx_word' id='word_1_152' title='bbox 776 1721 826 1795; x_wconf 91' lang='lat' dir='ltr'>qui</span> <span class='ocrx_word' id='word_1_153' title='bbox 840 1721 983 1778; x_wconf 91' lang='lat' dir='ltr'>hodierna</span> <span class='ocrx_word' id='word_1_154' title='bbox 994 1722 1042 1777; x_wconf 90' lang='lat' dir='ltr'>die</span> <span class='ocrx_word' id='word_1_155' title='bbox 1055 1722 1092 1778; x_wconf 84' lang='lat' dir='ltr'>ad</span> <span class='ocrx_word' id='word_1_156' title='bbox 1100 1720 1248 1778; x_wconf 87' lang='lat' dir='ltr'>visionem</span> <span class='ocrx_word' id='word_1_157' title='bbox 1265 1740 1293 1792; x_wconf 89' lang='lat'>15</span> 
     </span>
     <span class='ocr_line' id='line_1_17' title="bbox 89 1807 1249 1881; baseline 0.002 -18"><span class='ocrx_word' id='word_1_158' title='bbox 89 1807 142 1864; x_wconf 92' lang='lat' dir='ltr'>dei</span> <span class='ocrx_word' id='word_1_159' title='bbox 167 1808 380 1880; x_wconf 85' lang='lat' dir='ltr'>perducendus</span> <span class='ocrx_word' id='word_1_160' title='bbox 402 1825 436 1866; x_wconf 91' lang='lat' dir='ltr'>es</span> <span class='ocrx_word' id='word_1_161' title='bbox 461 1808 492 1865; x_wconf 91' lang='lat' dir='ltr'>in</span> <span class='ocrx_word' id='word_1_162' title='bbox 514 1809 621 1865; x_wconf 89' lang='lat' dir='ltr'>celum.</span> <span class='ocrx_word' id='word_1_163' title='bbox 658 1808 745 1878; x_wconf 83' lang='lat' dir='ltr'>Quod</span> <span class='ocrx_word' id='word_1_164' title='bbox 766 1809 868 1865; x_wconf 89' lang='lat' dir='ltr'>diuina</span> <span class='ocrx_word' id='word_1_165' title='bbox 889 1808 1048 1865; x_wconf 89' lang='lat' dir='ltr'>clementia</span> <span class='ocrx_word' id='word_1_166' title='bbox 1068 1807 1173 1864; x_wconf 77' lang='lat' dir='ltr'>vobis²</span> <span class='ocrx_word' id='word_1_167' title='bbox 1192 1825 1249 1881; x_wconf 89' lang='lat' dir='ltr'>per</span> 
     </span>
     <span class='ocr_line' id='line_1_18' title="bbox 89 1895 1248 1970; baseline 0.002 -20"><span class='ocrx_word' id='word_1_168' title='bbox 89 1895 345 1952; x_wconf 88' lang='lat' dir='ltr'>intercessionem</span> <span class='ocrx_word' id='word_1_169' title='bbox 370 1895 492 1968; x_wconf 82' lang='lat' dir='ltr'>gloriosi</span> <span class='ocrx_word' id='word_1_170' title='bbox 517 1896 598 1970; x_wconf 85' lang='lat' dir='ltr'>regis</span> <span class='ocrx_word' id='word_1_171' title='bbox 620 1895 753 1953; x_wconf 87' lang='lat' dir='ltr'>Oswaldi</span> <span class='ocrx_word' id='word_1_172' title='bbox 777 1895 915 1953; x_wconf 87' lang='lat' dir='ltr'>conferre</span> <span class='ocrx_word' id='word_1_173' title='bbox 940 1895 1062 1968; x_wconf 86' lang='lat' dir='ltr'>dignata</span> <span class='ocrx_word' id='word_1_174' title='bbox 1086 1904 1150 1952; x_wconf 91' lang='lat' dir='ltr'>est:</span> <span class='ocrx_word' id='word_1_175' title='bbox 1182 1895 1248 1952; x_wconf 88' lang='lat' dir='ltr'>Hac</span> 
     </span>
     <span class='ocr_line' id='line_1_19' title="bbox 90 1981 1249 2056; baseline 0 -18"><span class='ocrx_word' id='word_1_176' title='bbox 90 1981 210 2038; x_wconf 85' lang='lat' dir='ltr'>etenim</span> <span class='ocrx_word' id='word_1_177' title='bbox 223 1982 272 2038; x_wconf 89' lang='lat' dir='ltr'>die</span> <span class='ocrx_word' id='word_1_178' title='bbox 284 1982 365 2040; x_wconf 92' lang='lat' dir='ltr'>idem</span> <span class='ocrx_word' id='word_1_179' title='bbox 378 2000 433 2040; x_wconf 89' lang='lat' dir='ltr'>rex</span> <span class='ocrx_word' id='word_1_180' title='bbox 446 1984 484 2040; x_wconf 88' lang='lat' dir='ltr'>ab</span> <span class='ocrx_word' id='word_1_181' title='bbox 496 1983 668 2040; x_wconf 88' lang='lat' dir='ltr'>infidelibus</span> <span class='ocrx_word' id='word_1_182' title='bbox 685 1983 716 2040; x_wconf 90' lang='lat' dir='ltr'>in</span> <span class='ocrx_word' id='word_1_183' title='bbox 730 1983 807 2040; x_wconf 90' lang='lat' dir='ltr'>bello</span> <span class='ocrx_word' id='word_1_184' title='bbox 820 1983 979 2051; x_wconf 87' lang='lat' dir='ltr'>extinctus,</span> <span class='ocrx_word' id='word_1_185' title='bbox 992 1999 1064 2039; x_wconf 89' lang='lat' dir='ltr'>mox</span> <span class='ocrx_word' id='word_1_186' title='bbox 1081 1983 1118 2039; x_wconf 85' lang='lat' dir='ltr'>ad</span> <span class='ocrx_word' id='word_1_187' title='bbox 1136 1983 1249 2056; x_wconf 88' lang='lat' dir='ltr'>sempi-</span> 
     </span>
     <span class='ocr_line' id='line_1_20' title="bbox 90 2070 1249 2144; baseline 0.001 -18"><span class='ocrx_word' id='word_1_188' title='bbox 90 2079 184 2127; x_wconf 88' lang='lat' dir='ltr'>terna</span> <span class='ocrx_word' id='word_1_189' title='bbox 206 2070 374 2126; x_wconf 86' lang='lat' dir='ltr'>animarum</span> <span class='ocrx_word' id='word_1_190' title='bbox 395 2071 502 2144; x_wconf 82' lang='lat' dir='ltr'>gaudia</span> <span class='ocrx_word' id='word_1_191' title='bbox 522 2080 696 2144; x_wconf 82' lang='lat' dir='ltr'>assumptus</span> <span class='ocrx_word' id='word_1_192' title='bbox 717 2071 748 2127; x_wconf 91' lang='lat' dir='ltr'>in</span> <span class='ocrx_word' id='word_1_193' title='bbox 768 2071 874 2140; x_wconf 90' lang='lat' dir='ltr'>celum,</span> <span class='ocrx_word' id='word_1_194' title='bbox 893 2070 1057 2128; x_wconf 90' lang='lat' dir='ltr'>electorum</span> <span class='ocrx_word' id='word_1_195' title='bbox 1079 2071 1249 2144; x_wconf 82' lang='lat' dir='ltr'>agminibus</span> 
     </span>
     <span class='ocr_line' id='line_1_21' title="bbox 90 2157 1296 2232; baseline 0.002 -18"><span class='ocrx_word' id='word_1_196' title='bbox 90 2157 227 2214; x_wconf 89' lang='lat' dir='ltr'>sociatus</span> <span class='ocrx_word' id='word_1_197' title='bbox 249 2166 304 2214; x_wconf 80' lang='lat' dir='ltr'>est</span> <span class='ocrx_word' id='word_1_198' title='bbox 341 2157 501 2215; x_wconf 90' lang='lat' dir='ltr'>Celebrent</span> <span class='ocrx_word' id='word_1_199' title='bbox 525 2158 616 2232; x_wconf 85' lang='lat' dir='ltr'>igitur</span> <span class='ocrx_word' id='word_1_200' title='bbox 635 2158 754 2227; x_wconf 88' lang='lat' dir='ltr'>missas,</span> <span class='ocrx_word' id='word_1_201' title='bbox 775 2159 841 2215; x_wconf 88' lang='lat' dir='ltr'>siue</span> <span class='ocrx_word' id='word_1_202' title='bbox 866 2176 921 2231; x_wconf 90' lang='lat' dir='ltr'>pro</span> <span class='ocrx_word' id='word_1_203' title='bbox 940 2158 1101 2231; x_wconf 86' lang='lat' dir='ltr'>gratiarum</span> <span class='ocrx_word' id='word_1_204' title='bbox 1123 2157 1248 2225; x_wconf 85' lang='lat' dir='ltr'>actione,</span> <span class='ocrx_word' id='word_1_205' title='bbox 1263 2181 1296 2217; x_wconf 77' lang='lat' dir='ltr'>ao</span> 
     </span>
     <span class='ocr_line' id='line_1_22' title="bbox 90 2245 1249 2318; baseline 0 -17"><span class='ocrx_word' id='word_1_206' title='bbox 90 2245 166 2318; x_wconf 86' lang='lat' dir='ltr'>quia</span> <span class='ocrx_word' id='word_1_207' title='bbox 185 2245 324 2302; x_wconf 84' lang='lat' dir='ltr'>exaudite</span> <span class='ocrx_word' id='word_1_208' title='bbox 343 2255 413 2302; x_wconf 89' lang='lat' dir='ltr'>sunt</span> <span class='ocrx_word' id='word_1_209' title='bbox 431 2248 582 2303; x_wconf 88' lang='lat' dir='ltr'>orationes</span> <span class='ocrx_word' id='word_1_210' title='bbox 600 2257 709 2316; x_wconf 89' lang='lat' dir='ltr'>vestre,</span> <span class='ocrx_word' id='word_1_211' title='bbox 729 2247 795 2303; x_wconf 89' lang='lat' dir='ltr'>siue</span> <span class='ocrx_word' id='word_1_212' title='bbox 814 2245 902 2302; x_wconf 87' lang='lat' dir='ltr'>etiam</span> <span class='ocrx_word' id='word_1_213' title='bbox 921 2245 952 2303; x_wconf 92' lang='lat' dir='ltr'>in</span> <span class='ocrx_word' id='word_1_214' title='bbox 972 2245 1149 2302; x_wconf 85' lang='lat' dir='ltr'>memoriam</span> <span class='ocrx_word' id='word_1_215' title='bbox 1169 2245 1249 2318; x_wconf 85' lang='lat' dir='ltr'>regis</span> 
     </span>
     <span class='ocr_line' id='line_1_23' title="bbox 90 2331 1250 2407; baseline 0 -19"><span class='ocrx_word' id='word_1_216' title='bbox 90 2331 203 2404; x_wconf 78' lang='lat' dir='ltr'>prefati</span> <span class='ocrx_word' id='word_1_217' title='bbox 228 2333 278 2405; x_wconf 90' lang='lat' dir='ltr'>qui</span> <span class='ocrx_word' id='word_1_218' title='bbox 303 2350 360 2406; x_wconf 91' lang='lat' dir='ltr'>pro</span> <span class='ocrx_word' id='word_1_219' title='bbox 384 2333 428 2390; x_wconf 89' lang='lat' dir='ltr'>eis</span> <span class='ocrx_word' id='word_1_220' title='bbox 452 2334 582 2407; x_wconf 87' lang='lat' dir='ltr'>supplex</span> <span class='ocrx_word' id='word_1_221' title='bbox 606 2335 644 2390; x_wconf 90' lang='lat' dir='ltr'>ad</span> <span class='ocrx_word' id='word_1_222' title='bbox 669 2336 759 2390; x_wconf 92' lang='lat' dir='ltr'>deum</span> <span class='ocrx_word' id='word_1_223' title='bbox 785 2335 903 2390; x_wconf 69' lang='lat' dir='ltr'>orabat.³</span> <span class='ocrx_word' id='word_1_224' title='bbox 947 2332 1023 2392; x_wconf 89' lang='lat' dir='ltr'>Cum</span> <span class='ocrx_word' id='word_1_225' title='bbox 1047 2333 1147 2389; x_wconf 83' lang='lat' dir='ltr'>audita</span> <span class='ocrx_word' id='word_1_226' title='bbox 1173 2349 1250 2406; x_wconf 88' lang='lat' dir='ltr'>puer</span> 
     </span>
     <span class='ocr_line' id='line_1_24' title="bbox 92 2420 1250 2494; baseline 0.001 -19"><span class='ocrx_word' id='word_1_227' title='bbox 92 2429 280 2488; x_wconf 87' lang='lat' dir='ltr'>enarrasset,</span> <span class='ocrx_word' id='word_1_228' title='bbox 305 2422 411 2478; x_wconf 85' lang='lat' dir='ltr'>eadem</span> <span class='ocrx_word' id='word_1_229' title='bbox 437 2421 486 2478; x_wconf 90' lang='lat' dir='ltr'>die</span> <span class='ocrx_word' id='word_1_230' title='bbox 510 2431 646 2478; x_wconf 91' lang='lat' dir='ltr'>mortuus</span> <span class='ocrx_word' id='word_1_231' title='bbox 670 2431 734 2479; x_wconf 87' lang='lat' dir='ltr'>est:</span> <span class='ocrx_word' id='word_1_232' title='bbox 766 2431 796 2478; x_wconf 87' lang='lat' dir='ltr'>et</span> <span class='ocrx_word' id='word_1_233' title='bbox 825 2430 931 2479; x_wconf 88' lang='lat' dir='ltr'>cuncta</span> <span class='ocrx_word' id='word_1_234' title='bbox 955 2439 1014 2494; x_wconf 91' lang='lat' dir='ltr'>que</span> <span class='ocrx_word' id='word_1_235' title='bbox 1039 2420 1155 2477; x_wconf 85' lang='lat' dir='ltr'>dixerat</span> <span class='ocrx_word' id='word_1_236' title='bbox 1178 2437 1250 2477; x_wconf 90' lang='lat' dir='ltr'>vera</span> 
     </span>
     <span class='ocr_line' id='line_1_25' title="bbox 91 2508 1249 2582; baseline 0.002 -20"><span class='ocrx_word' id='word_1_237' title='bbox 91 2516 217 2581; x_wconf 89' lang='lat' dir='ltr'>reperta</span> <span class='ocrx_word' id='word_1_238' title='bbox 230 2517 316 2578; x_wconf 88' lang='lat' dir='ltr'>sunt;</span> <span class='ocrx_word' id='word_1_239' title='bbox 336 2517 367 2564; x_wconf 91' lang='lat' dir='ltr'>et</span> <span class='ocrx_word' id='word_1_240' title='bbox 379 2509 444 2566; x_wconf 89' lang='lat' dir='ltr'>dies</span> <span class='ocrx_word' id='word_1_241' title='bbox 458 2509 552 2566; x_wconf 89' lang='lat' dir='ltr'>sancti</span> <span class='ocrx_word' id='word_1_242' title='bbox 565 2509 698 2566; x_wconf 88' lang='lat' dir='ltr'>Oswaldi</span> <span class='ocrx_word' id='word_1_243' title='bbox 711 2508 865 2566; x_wconf 90' lang='lat' dir='ltr'>natalicius</span> <span class='ocrx_word' id='word_1_244' title='bbox 877 2526 933 2582; x_wconf 90' lang='lat' dir='ltr'>per</span> <span class='ocrx_word' id='word_1_245' title='bbox 946 2509 1126 2567; x_wconf 85' lang='lat' dir='ltr'>monasteria</span> <span class='ocrx_word' id='word_1_246' title='bbox 1140 2517 1249 2566; x_wconf 81' lang='lat' dir='ltr'>extunc</span> 
     </span>
     <span class='ocr_line' id='line_1_26' title="bbox 90 2594 1295 2669; baseline 0.011 -19"><span class='ocrx_word' id='word_1_247' title='bbox 90 2594 233 2653; x_wconf 85' lang='lat' dir='ltr'>venerari</span> <span class='ocrx_word' id='word_1_248' title='bbox 246 2595 334 2669; x_wconf 82' lang='lat' dir='ltr'>cepit</span> <span class='ocrx_word' id='word_1_249' title='bbox 1264 2611 1295 2663; x_wconf 82' lang='lat'>25</span> 
     </span>
    </p>
   </div>
   <div class='ocr_carea' id='block_1_3' title="bbox 129 2701 743 2797">
    <p class='ocr_par' dir='ltr' id='par_1_3' title="bbox 129 2701 743 2797">
     <span class='ocr_line' id='line_1_27' title="bbox 129 2701 743 2797; baseline -0.062 -3"><span class='ocrx_word' id='word_1_250' title='bbox 129 2723 396 2797; x_wconf 67' lang='lat' dir='ltr'>lustremus:</span> <span class='ocrx_word' id='word_1_251' title='bbox 597 2701 743 2759; x_wconf 73' lang='lat' dir='ltr'>Narrare.</span> 
     </span>
    </p>
   </div>
   <div class='ocr_carea' id='block_1_4' title="bbox 90 2815 1296 3954">
    <p class='ocr_par' dir='ltr' id='par_1_4' title="bbox 90 2815 1296 3954">
     <span class='ocr_line' id='line_1_28' title="bbox 130 2815 1249 2905; baseline 0.003 -21"><span class='ocrx_word' id='word_1_252' title='bbox 130 2815 271 2905; x_wconf 83' lang='lat' dir='ltr'>Quidam</span> <span class='ocrx_word' id='word_1_253' title='bbox 284 2829 403 2886; x_wconf 86' lang='lat' dir='ltr'>curialis</span> <span class='ocrx_word' id='word_1_254' title='bbox 416 2829 617 2888; x_wconf 89' lang='lat' dir='ltr'>sacratissimo</span> <span class='ocrx_word' id='word_1_255' title='bbox 627 2831 740 2904; x_wconf 90' lang='lat' dir='ltr'>pascali</span> <span class='ocrx_word' id='word_1_256' title='bbox 753 2831 878 2888; x_wconf 88' lang='lat' dir='ltr'>sabbato</span> <span class='ocrx_word' id='word_1_257' title='bbox 892 2829 1080 2887; x_wconf 85' lang='lat' dir='ltr'>iuuenculam</span> <span class='ocrx_word' id='word_1_258' title='bbox 1094 2828 1249 2887; x_wconf 89' lang='lat' dir='ltr'>cuiusdam</span> 
     </span>
     <span class='ocr_line' id='line_1_29' title="bbox 91 2916 1250 2992; baseline 0.002 -20"><span class='ocrx_word' id='word_1_259' title='bbox 91 2917 188 2973; x_wconf 81' lang='lat' dir='ltr'>liliam</span> <span class='ocrx_word' id='word_1_260' title='bbox 207 2916 238 2972; x_wconf 92' lang='lat' dir='ltr'>in</span> <span class='ocrx_word' id='word_1_261' title='bbox 258 2917 438 2992; x_wconf 87' lang='lat' dir='ltr'>baptismate</span> <span class='ocrx_word' id='word_1_262' title='bbox 456 2918 597 2991; x_wconf 90' lang='lat' dir='ltr'>suscepit.</span> <span class='ocrx_word' id='word_1_263' title='bbox 636 2917 693 2989; x_wconf 87' lang='lat' dir='ltr'>Qui</span> <span class='ocrx_word' id='word_1_264' title='bbox 710 2927 779 2991; x_wconf 92' lang='lat' dir='ltr'>post</span> <span class='ocrx_word' id='word_1_265' title='bbox 796 2918 940 2975; x_wconf 89' lang='lat' dir='ltr'>ieiunium</span> <span class='ocrx_word' id='word_1_266' title='bbox 957 2919 1080 2974; x_wconf 92' lang='lat' dir='ltr'>domum</span> <span class='ocrx_word' id='word_1_267' title='bbox 1098 2935 1250 2988; x_wconf 89' lang='lat' dir='ltr'>reuersus,</span> 
     </span>
     <span class='ocr_line' id='line_1_30' title="bbox 91 3004 1250 3078; baseline 0.001 -18"><span class='ocrx_word' id='word_1_268' title='bbox 91 3004 251 3078; x_wconf 91' lang='lat' dir='ltr'>multoque</span> <span class='ocrx_word' id='word_1_269' title='bbox 265 3005 335 3062; x_wconf 90' lang='lat' dir='ltr'>uino</span> <span class='ocrx_word' id='word_1_270' title='bbox 348 3004 521 3076; x_wconf 85' lang='lat' dir='ltr'>inebriatus,</span> <span class='ocrx_word' id='word_1_271' title='bbox 535 3007 663 3063; x_wconf 87' lang='lat' dir='ltr'>eandem</span> <span class='ocrx_word' id='word_1_272' title='bbox 678 3005 769 3062; x_wconf 83' lang='lat' dir='ltr'>filiam</span> <span class='ocrx_word' id='word_1_273' title='bbox 787 3023 874 3063; x_wconf 85' lang='lat' dir='ltr'>suam</span> <span class='ocrx_word' id='word_1_274' title='bbox 892 3023 995 3062; x_wconf 90' lang='lat' dir='ltr'>secum</span> <span class='ocrx_word' id='word_1_275' title='bbox 1014 3023 1136 3063; x_wconf 88' lang='lat' dir='ltr'>manere</span> <span class='ocrx_word' id='word_1_276' title='bbox 1149 3005 1250 3078; x_wconf 91' lang='lat' dir='ltr'>peciit,</span> 
     </span>
     <span class='ocr_line' id='line_1_31' title="bbox 91 3092 1250 3167; baseline -0.002 -17"><span class='ocrx_word' id='word_1_277' title='bbox 91 3109 224 3166; x_wconf 88' lang='lat' dir='ltr'>eamque</span> <span class='ocrx_word' id='word_1_278' title='bbox 244 3101 331 3150; x_wconf 91' lang='lat' dir='ltr'>nocte</span> <span class='ocrx_word' id='word_1_279' title='bbox 354 3093 412 3166; x_wconf 86' lang='lat' dir='ltr'>illa,</span> <span class='ocrx_word' id='word_1_280' title='bbox 432 3095 512 3167; x_wconf 92' lang='lat' dir='ltr'>quod</span> <span class='ocrx_word' id='word_1_281' title='bbox 534 3094 614 3151; x_wconf 88' lang='lat' dir='ltr'>dictu</span> <span class='ocrx_word' id='word_1_282' title='bbox 637 3094 753 3166; x_wconf 89' lang='lat' dir='ltr'>nephas</span> <span class='ocrx_word' id='word_1_283' title='bbox 773 3102 828 3164; x_wconf 90' lang='lat' dir='ltr'>est,</span> <span class='ocrx_word' id='word_1_284' title='bbox 847 3093 986 3167; x_wconf 89' lang='lat' dir='ltr'>perdidit.</span> <span class='ocrx_word' id='word_1_285' title='bbox 1024 3092 1083 3149; x_wconf 90' lang='lat' dir='ltr'>Per</span> <span class='ocrx_word' id='word_1_286' title='bbox 1103 3111 1157 3150; x_wconf 81' lang='lat' dir='ltr'>sex</span> <span class='ocrx_word' id='word_1_287' title='bbox 1177 3110 1250 3150; x_wconf 91' lang='lat' dir='ltr'>uero</span> 
     </span>
     <span class='ocr_line' id='line_1_32' title="bbox 91 3180 1296 3254; baseline -0.001 -17"><span class='ocrx_word' id='word_1_288' title='bbox 91 3181 160 3237; x_wconf 90' lang='lat' dir='ltr'>dies</span> <span class='ocrx_word' id='word_1_289' title='bbox 180 3180 257 3237; x_wconf 90' lang='lat' dir='ltr'>letus</span> <span class='ocrx_word' id='word_1_290' title='bbox 276 3199 310 3236; x_wconf 85' lang='lat' dir='ltr'>ac</span> <span class='ocrx_word' id='word_1_291' title='bbox 329 3199 454 3238; x_wconf 85' lang='lat' dir='ltr'>securus</span> <span class='ocrx_word' id='word_1_292' title='bbox 472 3181 630 3254; x_wconf 86' lang='lat' dir='ltr'>processit,</span> <span class='ocrx_word' id='word_1_293' title='bbox 643 3180 788 3237; x_wconf 85' lang='lat' dir='ltr'>estimans</span> <span class='ocrx_word' id='word_1_294' title='bbox 808 3182 887 3254; x_wconf 91' lang='lat' dir='ltr'>quod</span> <span class='ocrx_word' id='word_1_295' title='bbox 907 3181 972 3237; x_wconf 92' lang='lat' dir='ltr'>eius</span> <span class='ocrx_word' id='word_1_296' title='bbox 992 3180 1090 3237; x_wconf 92' lang='lat' dir='ltr'>scelus</span> <span class='ocrx_word' id='word_1_297' title='bbox 1110 3180 1249 3237; x_wconf 91' lang='lat' dir='ltr'>dominus</span> <span class='ocrx_word' id='word_1_298' title='bbox 1263 3201 1296 3252; x_wconf 79' lang='lat'>30</span> 
     </span>
     <span class='ocr_line' id='line_1_33' title="bbox 90 3267 1249 3342; baseline 0 -17"><span class='ocrx_word' id='word_1_299' title='bbox 90 3277 144 3325; x_wconf 84' lang='lat' dir='ltr'>aut</span> <span class='ocrx_word' id='word_1_300' title='bbox 163 3285 224 3324; x_wconf 90' lang='lat' dir='ltr'>non</span> <span class='ocrx_word' id='word_1_301' title='bbox 242 3267 377 3336; x_wconf 86' lang='lat' dir='ltr'>uidisset,</span> <span class='ocrx_word' id='word_1_302' title='bbox 391 3277 441 3325; x_wconf 86' lang='lat' dir='ltr'>aut</span> <span class='ocrx_word' id='word_1_303' title='bbox 459 3269 694 3326; x_wconf 90' lang='lat' dir='ltr'>misericorditer</span> <span class='ocrx_word' id='word_1_304' title='bbox 710 3268 899 3342; x_wconf 89' lang='lat' dir='ltr'>impenitenti</span> <span class='ocrx_word' id='word_1_305' title='bbox 912 3268 1095 3325; x_wconf 89' lang='lat' dir='ltr'>dimisisset:</span> <span class='ocrx_word' id='word_1_306' title='bbox 1115 3268 1164 3324; x_wconf 90' lang='lat' dir='ltr'>die</span> <span class='ocrx_word' id='word_1_307' title='bbox 1181 3285 1249 3341; x_wconf 92' lang='lat' dir='ltr'>sep·</span> 
     </span>
     <span class='ocr_line' id='line_1_34' title="bbox 91 3355 1250 3430; baseline 0.002 -19"><span class='ocrx_word' id='word_1_308' title='bbox 91 3356 169 3412; x_wconf 90' lang='lat' dir='ltr'>timo</span> <span class='ocrx_word' id='word_1_309' title='bbox 192 3355 291 3411; x_wconf 91' lang='lat' dir='ltr'>subito</span> <span class='ocrx_word' id='word_1_310' title='bbox 310 3355 470 3413; x_wconf 81' lang='lat' dir='ltr'>defunctus</span> <span class='ocrx_word' id='word_1_311' title='bbox 489 3364 543 3414; x_wconf 91' lang='lat' dir='ltr'>est.</span> <span class='ocrx_word' id='word_1_312' title='bbox 581 3356 717 3429; x_wconf 89' lang='lat' dir='ltr'>Cumque</span> <span class='ocrx_word' id='word_1_313' title='bbox 739 3357 893 3429; x_wconf 90' lang='lat' dir='ltr'>sepulture</span> <span class='ocrx_word' id='word_1_314' title='bbox 914 3357 1040 3413; x_wconf 84' lang='lat' dir='ltr'>traditus</span> <span class='ocrx_word' id='word_1_315' title='bbox 1061 3356 1174 3424; x_wconf 87' lang='lat' dir='ltr'>suisset,</span> <span class='ocrx_word' id='word_1_316' title='bbox 1194 3373 1250 3430; x_wconf 91' lang='lat' dir='ltr'>per</span> 
     </span>
     <span class='ocr_line' id='line_1_35' title="bbox 92 3442 1250 3517; baseline 0.003 -20"><span class='ocrx_word' id='word_1_317' title='bbox 92 3443 220 3515; x_wconf 87' lang='lat' dir='ltr'>longum</span> <span class='ocrx_word' id='word_1_318' title='bbox 234 3450 357 3517; x_wconf 90' lang='lat' dir='ltr'>tempus</span> <span class='ocrx_word' id='word_1_319' title='bbox 375 3444 490 3501; x_wconf 90' lang='lat' dir='ltr'>cunctis</span> <span class='ocrx_word' id='word_1_320' title='bbox 504 3444 674 3501; x_wconf 89' lang='lat' dir='ltr'>uidentibus</span> <span class='ocrx_word' id='word_1_321' title='bbox 691 3445 729 3501; x_wconf 91' lang='lat' dir='ltr'>de</span> <span class='ocrx_word' id='word_1_322' title='bbox 748 3442 886 3517; x_wconf 90' lang='lat' dir='ltr'>sepulcro</span> <span class='ocrx_word' id='word_1_323' title='bbox 899 3443 979 3500; x_wconf 89' lang='lat' dir='ltr'>illius</span> <span class='ocrx_word' id='word_1_324' title='bbox 992 3443 1113 3500; x_wconf 85' lang='lat' dir='ltr'>flamma</span> <span class='ocrx_word' id='word_1_325' title='bbox 1126 3444 1207 3514; x_wconf 83' lang='lat' dir='ltr'>exiit,</span> <span class='ocrx_word' id='word_1_326' title='bbox 1220 3452 1250 3501; x_wconf 90' lang='lat' dir='ltr'>et</span> 
     </span>
     <span class='ocr_line' id='line_1_36' title="bbox 92 3531 1250 3605; baseline 0 -18"><span class='ocrx_word' id='word_1_327' title='bbox 92 3531 209 3587; x_wconf 90' lang='lat' dir='ltr'>tamdiu</span> <span class='ocrx_word' id='word_1_328' title='bbox 224 3548 294 3587; x_wconf 84' lang='lat' dir='ltr'>ossa</span> <span class='ocrx_word' id='word_1_329' title='bbox 307 3532 372 3588; x_wconf 92' lang='lat' dir='ltr'>eius</span> <span class='ocrx_word' id='word_1_330' title='bbox 386 3533 588 3588; x_wconf 91' lang='lat' dir='ltr'>concremauit</span> <span class='ocrx_word' id='word_1_331' title='bbox 600 3549 757 3605; x_wconf 91' lang='lat' dir='ltr'>quousque</span> <span class='ocrx_word' id='word_1_332' title='bbox 767 3549 856 3588; x_wconf 91' lang='lat' dir='ltr'>omne</span> <span class='ocrx_word' id='word_1_333' title='bbox 866 3531 1038 3604; x_wconf 91' lang='lat' dir='ltr'>sepulcrum</span> <span class='ocrx_word' id='word_1_334' title='bbox 1049 3541 1250 3601; x_wconf 90' lang='lat' dir='ltr'>consumeret,</span> 
     </span>
     <span class='ocr_line' id='line_1_37' title="bbox 91 3618 1294 3691; baseline 0.002 -17"><span class='ocrx_word' id='word_1_335' title='bbox 91 3629 123 3675; x_wconf 90' lang='lat' dir='ltr'>et</span> <span class='ocrx_word' id='word_1_336' title='bbox 142 3627 225 3674; x_wconf 91' lang='lat' dir='ltr'>terra</span> <span class='ocrx_word' id='word_1_337' title='bbox 239 3636 298 3691; x_wconf 91' lang='lat' dir='ltr'>que</span> <span class='ocrx_word' id='word_1_338' title='bbox 312 3620 342 3674; x_wconf 91' lang='lat' dir='ltr'>in</span> <span class='ocrx_word' id='word_1_339' title='bbox 355 3620 469 3676; x_wconf 92' lang='lat' dir='ltr'>tumulo</span> <span class='ocrx_word' id='word_1_340' title='bbox 483 3620 605 3677; x_wconf 86' lang='lat' dir='ltr'>collecta</span> <span class='ocrx_word' id='word_1_341' title='bbox 620 3620 716 3676; x_wconf 83' lang='lat' dir='ltr'>fuerat</span> <span class='ocrx_word' id='word_1_342' title='bbox 729 3620 851 3676; x_wconf 80' lang='lat' dir='ltr'>defossa</span> <span class='ocrx_word' id='word_1_343' title='bbox 866 3619 1028 3676; x_wconf 90' lang='lat' dir='ltr'>uideretur.</span> <span class='ocrx_word' id='word_1_344' title='bbox 1065 3619 1152 3690; x_wconf 80' lang='lat' dir='ltr'>Quod</span> <span class='ocrx_word' id='word_1_345' title='bbox 1165 3618 1250 3676; x_wconf 89' lang='lat' dir='ltr'>uide·</span> <span class='ocrx_word' id='word_1_346' title='bbox 1264 3639 1294 3690; x_wconf 80' lang='lat'>35</span> 
     </span>
     <span class='ocr_line' id='line_1_38' title="bbox 93 3705 1250 3780; baseline 0.002 -20"><span class='ocrx_word' id='word_1_347' title='bbox 93 3706 166 3762; x_wconf 90' lang='lat' dir='ltr'>licet</span> <span class='ocrx_word' id='word_1_348' title='bbox 191 3706 384 3780; x_wconf 90' lang='lat' dir='ltr'>omnipotens</span> <span class='ocrx_word' id='word_1_349' title='bbox 408 3709 484 3764; x_wconf 87' lang='lat' dir='ltr'>deus</span> <span class='ocrx_word' id='word_1_350' title='bbox 507 3707 622 3764; x_wconf 81' lang='lat' dir='ltr'>sacieris</span> <span class='ocrx_word' id='word_1_351' title='bbox 647 3705 778 3764; x_wconf 90' lang='lat' dir='ltr'>ostendit</span> <span class='ocrx_word' id='word_1_352' title='bbox 800 3707 871 3780; x_wconf 93' lang='lat' dir='ltr'>quid</span> <span class='ocrx_word' id='word_1_353' title='bbox 891 3705 956 3764; x_wconf 91' lang='lat' dir='ltr'>eius</span> <span class='ocrx_word' id='word_1_354' title='bbox 977 3706 1077 3764; x_wconf 90' lang='lat' dir='ltr'>anima</span> <span class='ocrx_word' id='word_1_355' title='bbox 1100 3707 1131 3762; x_wconf 90' lang='lat' dir='ltr'>in</span> <span class='ocrx_word' id='word_1_356' title='bbox 1153 3707 1250 3764; x_wconf 88' lang='lat' dir='ltr'>oculto</span> 
     </span>
     <span class='ocr_line' id='line_1_39' title="bbox 92 3793 1250 3869; baseline 0 -19"><span class='ocrx_word' id='word_1_357' title='bbox 92 3793 218 3866; x_wconf 91' lang='lat' dir='ltr'>pertulit</span> <span class='ocrx_word' id='word_1_358' title='bbox 249 3793 334 3850; x_wconf 91' lang='lat' dir='ltr'>cuius</span> <span class='ocrx_word' id='word_1_359' title='bbox 365 3795 460 3851; x_wconf 87' lang='lat' dir='ltr'>eciam</span> <span class='ocrx_word' id='word_1_360' title='bbox 492 3812 602 3869; x_wconf 86' lang='lat' dir='ltr'>corpus</span> <span class='ocrx_word' id='word_1_361' title='bbox 632 3803 701 3852; x_wconf 89' lang='lat' dir='ltr'>ante</span> <span class='ocrx_word' id='word_1_362' title='bbox 727 3796 875 3852; x_wconf 87' lang='lat' dir='ltr'>humanos</span> <span class='ocrx_word' id='word_1_363' title='bbox 903 3794 1005 3852; x_wconf 91' lang='lat' dir='ltr'>oculos</span> <span class='ocrx_word' id='word_1_364' title='bbox 1032 3793 1155 3852; x_wconf 90' lang='lat' dir='ltr'>ssamma</span> <span class='ocrx_word' id='word_1_365' title='bbox 1180 3811 1250 3850; x_wconf 91' lang='lat' dir='ltr'>con-</span> 
     </span>
     <span class='ocr_line' id='line_1_40' title="bbox 92 3879 262 3954; baseline -0.012 -16"><span class='ocrx_word' id='word_1_366' title='bbox 92 3879 262 3954; x_wconf 82' lang='lat' dir='ltr'>sumpsit³.]</span> 
     </span>
    </p>
   </div>
   <div class='ocr_carea' id='block_1_5' title="bbox 93 4035 979 4168">
    <p class='ocr_par' dir='ltr' id='par_1_5' title="bbox 93 4035 979 4168">
     <span class='ocr_line' id='line_1_41' title="bbox 126 4035 979 4100; baseline 0.006 -15"><span class='ocrx_word' id='word_1_367' title='bbox 126 4035 136 4066; x_wconf 93' lang='lat'>¹</span> <span class='ocrx_word' id='word_1_368' title='bbox 154 4037 226 4087; x_wconf 83' lang='lat' dir='ltr'>Beda</span> <span class='ocrx_word' id='word_1_369' title='bbox 238 4037 283 4098; x_wconf 88' lang='lat' dir='ltr'>lV,</span> <span class='ocrx_word' id='word_1_370' title='bbox 297 4053 335 4100; x_wconf 83' lang='lat'>13.</span> <span class='ocrx_word' id='word_1_371' title='bbox 827 4037 837 4069; x_wconf 84' lang='lat'>¹</span> <span class='ocrx_word' id='word_1_372' title='bbox 854 4039 884 4090; x_wconf 86' lang='lat' dir='ltr'>E.</span> <span class='ocrx_word' id='word_1_373' title='bbox 896 4039 979 4090; x_wconf 84' lang='lat' dir='ltr'>uobis.</span> 
     </span>
     <span class='ocr_line' id='line_1_42' title="bbox 93 4101 578 4168; baseline 0.004 -16"><span class='ocrx_word' id='word_1_374' title='bbox 93 4101 103 4131; x_wconf 81' lang='lat'><strong>³</strong></span> <span class='ocrx_word' id='word_1_375' title='bbox 122 4103 223 4152; x_wconf 89' lang='lat' dir='ltr'>Collect</span> <span class='ocrx_word' id='word_1_376' title='bbox 234 4105 261 4152; x_wconf 91' lang='lat' dir='ltr'>in</span> <span class='ocrx_word' id='word_1_377' title='bbox 274 4103 303 4154; x_wconf 87' lang='lat' dir='ltr'>T.</span> <span class='ocrx_word' id='word_1_378' title='bbox 318 4106 364 4168; x_wconf 76' lang='lat' dir='ltr'>(by</span> <span class='ocrx_word' id='word_1_379' title='bbox 375 4107 486 4156; x_wconf 82' lang='lat' dir='ltr'>another</span> <span class='ocrx_word' id='word_1_380' title='bbox 496 4104 578 4167; x_wconf 79' lang='lat' dir='ltr'>hand)</span> 
     </span>
    </p>
   </div>
   <div class='ocr_carea' id='block_1_6' title="bbox 91 4163 1250 4450">
    <p class='ocr_par' dir='ltr' id='par_1_6' title="bbox 91 4163 1250 4374">
     <span class='ocr_line' id='line_1_43' title="bbox 128 4163 1250 4242; baseline 0.003 -16"><span class='ocrx_word' id='word_1_381' title='bbox 128 4163 310 4240; x_wconf 81' lang='lat' dir='ltr'>(S)ceptn&#39;ger</span> <span class='ocrx_word' id='word_1_382' title='bbox 326 4178 464 4240; x_wconf 81' lang='lat' dir='ltr'>Osunelde‚</span> <span class='ocrx_word' id='word_1_383' title='bbox 483 4179 541 4229; x_wconf 92' lang='lat' dir='ltr'>celo</span> <span class='ocrx_word' id='word_1_384' title='bbox 558 4186 677 4242; x_wconf 78' lang='lat' dir='ltr'>temque</span> <span class='ocrx_word' id='word_1_385' title='bbox 693 4185 802 4240; x_wconf 80' lang='lat' dir='ltr'>sacrate,</span> <span class='ocrx_word' id='word_1_386' title='bbox 819 4179 902 4229; x_wconf 76' lang='lat' dir='ltr'>Trans</span> <span class='ocrx_word' id='word_1_387' title='bbox 922 4193 992 4228; x_wconf 86' lang='lat' dir='ltr'>mare</span> <span class='ocrx_word' id='word_1_388' title='bbox 1009 4178 1150 4238; x_wconf 81' lang='lat' dir='ltr'>Gennmis,</span> <span class='ocrx_word' id='word_1_389' title='bbox 1170 4175 1250 4229; x_wconf 82' lang='lat' dir='ltr'>Gallis</span> 
     </span>
     <span class='ocr_line' id='line_1_44' title="bbox 93 4241 1249 4308; baseline 0.002 -17"><span class='ocrx_word' id='word_1_390' title='bbox 93 4241 216 4304; x_wconf 76' lang='lat' dir='ltr'>fulgescis</span> <span class='ocrx_word' id='word_1_391' title='bbox 229 4251 256 4293; x_wconf 88' lang='lat' dir='ltr'>et</span> <span class='ocrx_word' id='word_1_392' title='bbox 267 4243 366 4306; x_wconf 83' lang='lat' dir='ltr'>Anglis,</span> <span class='ocrx_word' id='word_1_393' title='bbox 380 4245 411 4293; x_wconf 87' lang='lat' dir='ltr'>Et</span> <span class='ocrx_word' id='word_1_394' title='bbox 423 4259 576 4308; x_wconf 86' lang='lat' dir='ltr'>quecunque</span> <span class='ocrx_word' id='word_1_395' title='bbox 592 4251 660 4294; x_wconf 83' lang='lat' dir='ltr'>tuam</span> <span class='ocrx_word' id='word_1_396' title='bbox 676 4259 741 4307; x_wconf 81' lang='lat' dir='ltr'>gens</span> <span class='ocrx_word' id='word_1_397' title='bbox 757 4246 840 4308; x_wconf 86' lang='lat' dir='ltr'>poscit</span> <span class='ocrx_word' id='word_1_398' title='bbox 855 4260 941 4308; x_wconf 87' lang='lat' dir='ltr'>opem,</span> <span class='ocrx_word' id='word_1_399' title='bbox 954 4245 1023 4294; x_wconf 86' lang='lat' dir='ltr'>subit</span> <span class='ocrx_word' id='word_1_400' title='bbox 1034 4245 1160 4308; x_wconf 83' lang='lat' dir='ltr'>ampalm:</span> <span class='ocrx_word' id='word_1_401' title='bbox 1179 4245 1249 4306; x_wconf 85' lang='lat' dir='ltr'>Rex,</span> 
     </span>
     <span class='ocr_line' id='line_1_45' title="bbox 91 4308 880 4374; baseline 0.003 -16"><span class='ocrx_word' id='word_1_402' title='bbox 91 4308 149 4358; x_wconf 81' lang='lat' dir='ltr'>iore</span> <span class='ocrx_word' id='word_1_403' title='bbox 162 4309 305 4372; x_wconf 85' lang='lat' dir='ltr'>propicium</span> <span class='ocrx_word' id='word_1_404' title='bbox 318 4311 393 4359; x_wconf 87' lang='lat' dir='ltr'>nobis</span> <span class='ocrx_word' id='word_1_405' title='bbox 404 4325 492 4372; x_wconf 86' lang='lat' dir='ltr'>regem</span> <span class='ocrx_word' id='word_1_406' title='bbox 503 4317 564 4373; x_wconf 90' lang='lat' dir='ltr'>pete</span> <span class='ocrx_word' id='word_1_407' title='bbox 576 4325 674 4374; x_wconf 83' lang='lat' dir='ltr'>regum.</span> <span class='ocrx_word' id='word_1_408' title='bbox 709 4310 740 4361; x_wconf 92' lang='lat' dir='ltr'>V.</span> <span class='ocrx_word' id='word_1_409' title='bbox 759 4311 813 4360; x_wconf 82' lang='lat' dir='ltr'>Ore</span> <span class='ocrx_word' id='word_1_410' title='bbox 823 4325 880 4372; x_wconf 88' lang='lat' dir='ltr'>pro.</span> 
     </span>
    </p>

    <p class='ocr_par' dir='ltr' id='par_1_7' title="bbox 127 4369 1249 4450">
     <span class='ocr_line' id='line_1_46' title="bbox 127 4369 1249 4450; baseline 0.002 -16"><span class='ocrx_word' id='word_1_411' title='bbox 127 4369 311 4447; x_wconf 87' lang='lat' dir='ltr'>Omnipotens</span> <span class='ocrx_word' id='word_1_412' title='bbox 323 4385 482 4448; x_wconf 87' lang='lat' dir='ltr'>sempiterne</span> <span class='ocrx_word' id='word_1_413' title='bbox 493 4386 567 4448; x_wconf 88' lang='lat' dir='ltr'>deus,</span> <span class='ocrx_word' id='word_1_414' title='bbox 579 4387 623 4450; x_wconf 90' lang='lat' dir='ltr'>qui</span> <span class='ocrx_word' id='word_1_415' title='bbox 634 4386 711 4436; x_wconf 83' lang='lat' dir='ltr'>buius</span> <span class='ocrx_word' id='word_1_416' title='bbox 723 4385 775 4436; x_wconf 92' lang='lat' dir='ltr'>diei</span> <span class='ocrx_word' id='word_1_417' title='bbox 788 4386 925 4435; x_wconf 82' lang='lat' dir='ltr'>iocundam</span> <span class='ocrx_word' id='word_1_418' title='bbox 936 4385 1087 4448; x_wconf 79' lang='lat' dir='ltr'>beatamque</span> <span class='ocrx_word' id='word_1_419' title='bbox 1098 4383 1209 4435; x_wconf 76' lang='lat' dir='ltr'>leticiam</span> <span class='ocrx_word' id='word_1_420' title='bbox 1221 4384 1249 4436; x_wconf 88' lang='lat' dir='ltr'>in</span> 
     </span>
    </p>
   </div>
   <div class='ocr_carea' id='block_1_7' title="bbox 0 0 1516 4904">
    <p class='ocr_par' dir='ltr' id='par_1_8' title="bbox 0 0 1516 4904">
     <span class='ocr_line' id='line_1_47' title="bbox 0 0 1516 4904; baseline 0 0"><span class='ocrx_word' id='word_1_421' title='bbox 0 0 1516 4904; x_wconf 95' lang='lat' dir='ltr'> </span> 
     </span>
    </p>
   </div>
  </div>
 </body>
</html>
