3048 4884
283 310 356 404 ³58
596 305 729 393 uuus
752 300 942 406 [mmm
965 299 1117 406 undu

414 559 439 622 s
460 545 515 618 Da
533 574 649 616 saucro
668 543 842 618 Smnmo
860 573 1003 616 srucoro
1021 575 1059 616 nr
1077 575 1268 618 corrsssoas
1276 557 1295 616 ¹.

285 695 475 830 GLorioso
484 714 555 771 rege
563 696 732 770 Anglorutn
744 695 875 770 Egberto
884 705 1036 770 regnante,
1045 697 1096 771 qui
1106 697 1189 772 regi²
1201 695 1388 772 Kinegilso⁸,
1399 699 1441 754 de

385 785 520 843 idolatria
544 801 668 842 reuerso
691 801 748 856 per
772 783 891 841 beatum
918 783 1061 854 birinum,
1082 793 1206 843 octauus
1230 785 1381 842 successit
1407 785 1441 841 in

284 888 420 946 regnum,
433 874 539 930 beatus
556 869 760 944 Swit[h]unus
767 870 786 941 ⁴,
800 880 929 945 pateret
947 880 1050 946 pastor
1062 871 1092 928 in
1105 871 1231 932 ecclesia
1243 875 1292 929 dei
1305 872 1442 942 futurus,

284 975 393 1018 cursus
417 959 463 1018 sui
487 959 518 1016 in
543 958 639 1016 stadio
663 957 768 1015 mundi
792 957 889 1028 huius,
910 959 1011 1017 diuina
1035 959 1239 1017 misericordia
1262 961 1443 1028 ordinante,

257 1049 400 1122 succepit
412 1045 579 1104 exordium.
616 1045 693 1102 Nam
711 1045 799 1102 annis
814 1044 979 1119 puen'libus
995 1047 1026 1103 in
1040 1047 1119 1103 bona
1133 1047 1323 1121 simplicitate
1336 1057 1443 1104 trans·

285 1135 369 1203 actis,
390 1133 493 1208 iugum
515 1133 669 1190 seruitutis
691 1131 840 1190 dominice
861 1133 998 1206 accipere
1018 1133 1177 1204 festinauit,
1198 1144 1443 1208 susceptumque

285 1220 437 1278 humiliter
449 1221 633 1293 viriliterque
644 1219 783 1292 portauit
820 1217 924 1292 ltaque
937 1229 1077 1294 suscepto
1090 1219 1264 1279 clericatus⁸
1276 1221 1391 1292 officio,
1400 1223 1442 1278 de

284 1310 380 1382 gradu
392 1307 423 1366 in
435 1310 571 1382 gradum,
584 1308 623 1364 de
635 1307 743 1364 virtute
759 1306 791 1363 in
802 1307 953 1375 virtutem,
966 1324 1090 1381 gressus
1106 1309 1172 1365 eius
1187 1309 1244 1366 deo
1260 1327 1318 1382 per
1334 1311 1443 1366 omnia

285 1395 442 1469 dirigente,
466 1396 682 1464 conscendens,
711 1395 767 1451 sub
797 1393 996 1451 Helmstano⁸
1019 1394 1191 1453 Wentano'
1220 1397 1366 1470 episcopo
1400 1397 1441 1453 ad

243 1502 274 1539 ro
286 1483 431 1540 honorem
445 1480 608 1540 sacerdocii
621 1491 782 1556 prouectus
794 1491 849 1540 est.
879 1481 1010 1540 Curabat
1021 1483 1102 1540 enirn
1115 1486 1248 1557 seipsum
1262 1485 1442 1541 ministrum

285 1570 470 1645 probabilem
489 1572 548 1628 deo
566 1585 689 1642 semper
706 1569 824 1640 offerre,
842 1569 968 1627 verbum
986 1570 1120 1628 veritatis
1138 1571 1281 1630 catholice
1302 1582 1333 1628 et
1352 1581 1443 1628 recte

285 1666 422 1728 tractare,
434 1656 609 1731 benignitati
628 1665 658 1714 ct
677 1657 899 1714 mansuetudini
917 1657 1074 1727 inseruire,
1093 1676 1186 1732 opera
1203 1657 1323 1733 pietatis
1341 1676 1442 1733 super

286 1744 387 1802 omnia
410 1761 563 1814 exercere,
586 1743 754 1802 inordinate
778 1743 915 1802 uiuentes
939 1744 1023 1819 virga
1046 1745 1241 1819 correptionis
1265 1747 1443 1821 increpare,

287 1831 496 1906 humiliterque
517 1830 657 1888 omnibus
677 1831 857 1890 ministrare.
894 1831 986 1890 Cuius
1004 1831 1114 1890 famam
1133 1850 1188 1890 rex
1208 1833 1344 1904 audiens,
1364 1851 1441 1891 eum

244 1937 273 1990 ιε
286 1919 465 1988 accersiuit',
473 1928 502 1977 et
515 1918 595 1976 inter
606 1919 767 1993 precipuos
780 1919 892 1976 anticos
901 1937 970 1978 eum
981 1937 1050 1977 esse
1062 1920 1228 1990 constituit;
1240 1924 1442 1978 commenda·

285 2005 388 2082 uitque
414 2006 465 2081 [ei]
490 2006 584 2064 lilium
615 2023 702 2062 suum
727 2009 848 2064 nomine
872 2006 1048 2081 Adulphum
1071 2007 1244 2066 liberalibus
1268 2008 1442 2081 disciplinis

285 2095 485 2152 erudiendum
505 2103 535 2152 et
553 2093 665 2150 sanctis
684 2093 818 2151 moribus
836 2093 1062 2151 instruendum:
1081 2111 1172 2168 quem
1190 2104 1296 2168 postea
1315 2096 1345 2152 in
1363 2097 1441 2152 sub-

286 2181 444 2239 diaconum
463 2181 620 2238 ordinauit.
657 2180 719 2238 Sed
736 2181 806 2255 quia
823 2191 911 2255 pater
926 2199 1000 2239 suus
1017 2183 1084 2239 sine
1101 2182 1212 2240 herede
1230 2192 1334 2256 preter
1350 2183 1440 2240 illum

286 2268 426 2340 decessit,
439 2269 588 2326 ordinauit
602 2267 665 2326 Leo
681 2287 761 2344 papa
771 2278 804 2327 vt
820 2269 852 2327 in
870 2287 963 2344 regno
977 2269 1160 2338 succederet,
1172 2287 1299 2328 uxorem
1311 2273 1442 2329 duceret

243 2369 275 2406 ²0
287 2364 317 2412 et
335 2355 447 2414 liberos
465 2364 646 2429 procrearet
684 2355 831 2415 Defuncto
848 2359 971 2415 tandem
992 2355 1189 2414 Helmstano⁶
1202 2357 1350 2433 episcopo,
1363 2369 1441 2415 voto

286 2443 420 2500 omniurn
440 2442 660 2516 Swit[h]unus⁴
678 2443 792 2501 electus
811 2452 866 2501 est
904 2443 1003 2501 Huius
1015 2444 1096 2501 enim
1109 2444 1242 2502 oratione
1254 2454 1284 2502 et
1296 2445 1440 2503 exhorta-

285 2527 368 2587 tione
381 2547 437 2588 rex
449 2530 612 2604 Adulphus
628 2531 764 2589 ecclesiis
776 2533 825 2588 dei
837 2531 1010 2589 uniuersam
1022 2531 1171 2589 decimam
1187 2540 1267 2590 terre
1285 2533 1370 2606 regni
1391 2535 1441 2590 sui

286 2615 415 2691 benigne
428 2616 550 2674 donauit
566 2627 597 2675 et
613 2619 707 2676 libere
724 2619 881 2692 possidere
895 2617 1050 2676 concessit
1124 2607 1191 2676 Hic
1207 2621 1296 2677 etiam
1313 2632 1441 2678 sanctus

285 2714 411 2777 pontem
427 2706 465 2762 ad
479 2705 626 2762 orientem
639 2705 793 2763 Wintonie
806 2707 980 2765 construxit.
1017 2705 1109 2764 Cuius
1124 2709 1208 2780 operi
1225 2725 1294 2765 cum
1310 2708 1440 2766 sollicite

243 2807 273 2859 ²5
286 2810 412 2866 operam
425 2794 517 2861 daret,
526 2791 676 2852 residente
689 2794 739 2850 illo
751 2795 789 2850 ad
798 2811 875 2868 opus
882 2794 1011 2868 quadarn
1020 2793 1078 2865 die,
1088 2794 1209 2868 contigit
1221 2797 1440 2869 pauperculam

286 2879 444 2937 mulierem
462 2879 532 2937 illuc
550 2880 662 2950 venire,
677 2899 735 2938 oua
751 2883 869 2938 venalia
886 2881 917 2938 in
935 2899 1007 2939 vase
1026 2879 1153 2950 deferre,
1166 2883 1214 2938 et’
1232 2883 1270 2940 ab
1288 2883 1440 2956 operariis

286 2965 511 3024 lasciuientibus
530 2977 560 3025 et
577 2967 749 3026 ludentibus
768 2968 908 3026 miseram
926 2969 1122 3042 apprehendi,
1141 2987 1199 3026 oua
1215 2971 1356 3028 uniuersa
1373 2988 1439 3029 non

286 3055 361 3127 eripi
381 3056 435 3112 sed
454 3054 610 3130 confringi.
646 3057 713 3126 Que
732 3074 800 3114 cum
818 3074 874 3130 pro
892 3057 971 3114 illata
989 3057 1097 3113 iniuria
1114 3066 1144 3115 et
1160 3059 1291 3131 dampno
1309 3057 1388 3116 llens
1408 3069 1440 3118 et

286 3140 402 3198 eiulans
418 3142 448 3198 in
461 3145 616 3216 presentia
630 3144 762 3218 episcopi
775 3152 1017 3219 conquereretur,
1029 3145 1080 3200 ille
1092 3143 1201 3218 pietate
1215 3154 1320 3212 motus,
1333 3162 1388 3202 vas
1407 3147 1438 3203 in

242 3243 275 3293 30
286 3246 346 3302 quo
365 3237 450 3287 erant
469 3247 526 3287 oua
544 3231 676 3304 reposita
689 3231 789 3302 sumit,
803 3234 957 3290 dexteram
972 3232 1077 3289 leuans
1089 3233 1208 3305 signum
1225 3233 1321 3289 crucis
1334 3233 1440 3304 edidit,

286 3323 317 3373 et
334 3315 506 3390 incorrupta
518 3327 549 3376 et
566 3319 684 3392 integra
699 3319 835 3377 restituit.
910 3307 1045 3380 Sanctus
1057 3319 1107 3376 ille
1119 3320 1260 3377 ecclesias
1274 3319 1304 3376 in
1317 3320 1393 3378 locis
1406 3321 1439 3378 in

285 3401 394 3475 quibus
419 3421 481 3461 non
506 3415 602 3476 erant,
623 3407 756 3465 studiose
780 3407 943 3482 fabricauit,
963 3407 1077 3464 dirutas
1101 3416 1131 3464 et
1150 3407 1258 3465 fractas
1277 3410 1439 3481 reparauit.

288 3487 490 3548 Dedicaturus
507 3492 588 3551 enim
603 3494 771 3565 ecclesiam,
785 3493 894 3552 nullius
907 3493 976 3567 equi
988 3493 1168 3563 vehiculum,
1181 3511 1279 3568 neque
1291 3495 1440 3553 secularis

286 3593 399 3650 pompe
424 3579 480 3635 sibi
505 3579 679 3653 dignitatem
704 3582 847 3650 adhibuit,
873 3583 928 3639 sed
953 3581 1068 3639 clericis
1092 3599 1127 3639 ac
1152 3581 1345 3640 familiaribus
1372 3585 1439 3642 suis

242 3680 273 3731 35
287 3665 506 3734 comitantibus,
521 3667 610 3725 nudis
626 3668 753 3742 pedibus
770 3669 922 3726 humiliter
937 3669 1102 3727 incedebat.
1139 3669 1285 3727 Conuiuia
1302 3687 1357 3727 sua
1375 3687 1439 3728 non

286 3769 356 3809 cum
379 3753 586 3826 locupletibus,
609 3757 663 3812 sed
684 3773 752 3814 cum
774 3756 879 3830 egenis
903 3766 934 3816 et
957 3756 1142 3831 pauperibus
1163 3765 1264 3825 erant;
1292 3773 1439 3816 ossuum

286 3856 411 3914 semper
433 3850 571 3914 apertum
593 3843 721 3900 habebat
742 3853 774 3902 vt
797 3842 936 3901 inuitaret
961 3852 1136 3918 peccatores
1160 3845 1198 3901 ad
1221 3845 1438 3917 penitentiam:

286 3935 401 3996 stantes
416 3945 455 3984 ne
469 3930 619 4000 caderent,
632 3931 734 4004 lapsos
746 3939 778 3989 vt
793 3942 985 4004 resurgerent
1001 3932 1189 3990 admonebat
1214 3931 1305 3989 Cibos
1321 3949 1382 3989 non
1399 3934 1439 3991 ad

321 4091 329 4120 ¹
347 4090 403 4152 Ed,
415 4091 480 4141 with
496 4108 513 4142 a
529 4093 650 4144 modified
668 4099 733 4156 text,
749 4093 775 4143 in
793 4095 885 4146 Surius
900 4096 952 4146 and
966 4095 998 4145 Α.
1011 4095 1059 4147 SS.
1074 4095 1139 4145 Boll.
1154 4095 1218 4160 July
1233 4096 1253 4158 1,
1265 4112 1325 4159 noo,
1335 4097 1386 4146 and
1403 4098 1439 4160 by

287 4153 374 4216 Earle,
389 4157 466 4217 18613
482 4158 536 4208 abr.
550 4158 616 4236 from
627 4160 672 4209 the
682 4159 743 4238 Vita
754 4161 870 4238 ascribed
882 4169 909 4211 to
920 4161 1052 4220 Goscelin,
1064 4162 1091 4211 in
1104 4160 1159 4213 MS.
1168 4161 1268 4214 Arund.
1281 4164 1337 4225 1⁶9,
1351 4163 1439 4226 Digby

287 4235 301 4314 ,¹
308 4223 468 4348 ‘attis
479 4222 764 4340 T”²¹³¹s¹ss²¹.iihl¹.¹i²⁰'
776 4226 1050 4344 'hui'ffiliffi
1065 4227 1135 4342 5⁵3·
1148 4227 1307 4344 1.de
1306 4264 1314 4279 ’
1326 4228 1356 4279 Ε·
1368 4244 1439 4345 ‘ii'

287 4359 427 4414 wentan03
445 4352 474 4403 Ε.
485 4353 610 4406 wintano.
674 4355 685 4387 ⁸
701 4356 730 4406 T.
742 4357 886 4410 accerciuit.
951 4358 963 4390 ⁰
978 4373 1028 4409 orn.
1041 4357 1067 4408 iu
1079 4331 1136 4408 vit·
1295 4331 1301 4344 Ι
1431 4331 1439 4346 ⁸
