3044 4894
441 289 516 384 br
539 290 702 380 &unctu
727 291 875 394 litum.
1187 319 1232 392 55

74 509 190 549 sonum
209 492 372 561 admirans,
384 510 444 565 quo
462 491 631 550 deferretur
644 493 754 550 didicit.
791 494 868 550 Cum
885 502 984 551 autem
998 505 1121 552 sanctus
1135 493 1232 551 Dauid

74 581 243 636 cimbalum
256 581 287 637 in
301 580 439 636 manibus
451 589 576 650 teneret,
590 589 620 636 et
632 581 746 638 nullum
759 599 868 638 sonum
882 583 1030 651 redderet,
1042 583 1197 655 inquisiuit
1207 581 1232 639 si

74 684 97 722 a
107 685 260 740 quoquam
273 666 303 723 in
311 667 358 723 via
371 667 528 741 probatum
535 668 584 724 vel
597 677 707 724 tactum
720 667 834 725 suisset.
872 668 909 725 Et
922 671 1022 725 audito
1032 670 1112 741 quod
1121 669 1232 726 sactum

74 754 187 824 fuerat,
200 754 259 810 ait:
279 753 363 812 ‘Scio
376 756 455 827 quod
475 755 617 827 magister
633 764 736 811 noster
753 755 861 812 Iltutus
880 755 952 812 illud
970 755 1114 812 affectans
1127 765 1231 829 petere

77 842 187 912 noluit,
207 842 307 899 sciens
322 843 395 899 illud
415 843 491 899 mitti
513 845 550 899 ad
572 860 629 898 me.
667 842 836 901 Reuertere
853 861 926 916 ergo
945 845 982 900 ad
1000 844 1184 916 speluncam,
1200 852 1260 919 et5

76 929 243 986 cimbalum
269 947 307 985 ex
331 939 418 1002 parte
443 947 511 986 mea
541 930 685 1002 magistro
716 947 784 986 meo
808 930 946 987 conferre
972 933 1077 987 stude'
1115 931 1230 1001 Quibus

75 1017 199 1086 auditis,
212 1025 360 1073 venerunt
373 1017 512 1073 monachi
525 1027 555 1074 et
568 1018 706 1073 abbatem
722 1017 843 1074 Iltutum
857 1035 924 1074 cum
938 1018 1047 1090 gaudio
1060 1020 1097 1075 ad
1111 1035 1232 1075 monas·

75 1105 191 1161 terium
205 1105 398 1161 reduxerunt.
449 1093 646 1177 Prepositus¹
660 1105 740 1178 regis
753 1105 783 1160 in
797 1107 936 1162 arcendis
953 1107 1074 1178 pascuis
1086 1124 1231 1179 pecorum

77 1201 111 1248 et
124 1199 330 1248 armentorum
343 1191 497 1248 aduersari
511 1209 585 1264 sepe
597 1201 626 1248 et
634 1191 788 1249 offendere
798 1201 936 1250 sanctum
949 1193 998 1249 dei
1011 1193 1156 1250 etlratres
1170 1211 1231 1249 non

75 1279 198 1336 timuit:
218 1297 328 1352 pecora
340 1280 520 1352 quandoque
533 1296 590 1351 per
601 1281 732 1336 triduum
746 1280 889 1336 claudens
906 1280 989 1337 exire
1005 1298 1065 1336 non
1084 1281 1231 1353 permisit.
1247 1295 1277 1330 10

78 1366 191 1423 lltutus
204 1375 304 1423 autern
317 1368 408 1423 deum
421 1367 529 1439 iugiter
548 1366 685 1423 exorauit
697 1375 729 1423 vt
747 1368 785 1422 ad
804 1384 857 1422 cor
874 1368 996 1424 rediens
1013 1369 1183 1425 correctus*
1193 1370 1231 1424 ab

75 1455 238 1527 iniquitate
261 1463 495 1511 conuerteretur.
532 1453 667 1527 Cumque
687 1455 778 1510 vitam
804 1456 968 1511 emendare
993 1463 1231 1528 contempneret,

75 1543 172 1599 tellus
191 1559 226 1597 os
245 1559 333 1598 suum
355 1543 494 1614 aperiens
517 1540 673 1615 deglutiuit
693 1558 772 1598 eum.
810 1541 877 1612 Quo
897 1543 998 1599 audito
1015 1560 1070 1599 rex
1087 1543 1231 1610 offensus,

76 1638 221 1686 sanctum
235 1629 357 1686 Iltutum
367 1638 417 1685 aut
426 1629 597 1686 interficere
610 1638 660 1686 aut
669 1630 707 1685 de
717 1646 772 1685 suo
782 1629 935 1686 domini0³
947 1631 1067 1703 penitus
1075 1631 1231 1703 expellere

76 1717 196 1784 volens,
210 1725 342 1773 armatus
355 1717 393 1772 de
405 1725 504 1773 castro
521 1731 663 1789 egressus
682 1716 720 1771 ad
738 1726 855 1789 portam
875 1717 1048 1774 monasterii
1064 1719 1155 1774 venit.
1193 1717 1231 1773 Et
1246 1733 1275 1784 ¹5

75 1806 154 1861 dum
176 1805 214 1860 ad
240 1804 433 1860 homicidium
452 1805 689 1876 perpetrandum
711 1812 833 1876 paratus
855 1813 957 1874 staret,
979 1813 1058 1860 terra
1078 1805 1231 1861 absorbuit

75 1909 161 1949 eum.
232 1879 427 1964 Aggrauatus
446 1893 570 1947 demum
591 1890 699 1947 lltutus
718 1907 736 1946 a
757 1891 945 1948 multitudine
963 1891 1179 1948 confluentium
1201 1901 1230 1948 et

75 1979 110 2035 in
125 1979 312 2035 orationibus
324 1979 386 2035 suis
396 1979 566 2051 impeditus,
575 1979 671 2034 tribus
681 1978 767 2034 annis
776 1978 806 2033 in
820 1979 964 2051 spelunca
975 1980 1103 2052 quadam
1112 1978 1230 2046 mansit,

76 2067 165 2124 omni
178 2065 227 2122 die
240 2066 313 2122 hora
326 2083 405 2123 nona
417 2067 560 2123 celestem
574 2074 694 2138 pastum
711 2067 748 2121 ab
761 2067 868 2138 angelo
880 2066 936 2122 sibi
951 2067 1082 2123 delatum
1096 2083 1230 2122 sumens.

79 2143 187 2212 Nocte
200 2154 328 2226 quadam
342 2154 400 2209 duo
414 2154 546 2209 latrones
558 2170 681 2226 gregem
695 2170 854 2226 porcorum
862 2154 918 2210 viri
932 2153 1027 2210 sancti
1040 2153 1127 2210 furati
1141 2162 1227 2211 sunt:
1245 2172 1276 2207 20

76 2251 109 2298 et
122 2259 193 2298 cum
207 2240 384 2297 estimarent
397 2250 509 2297 rectam
523 2248 628 2297 tenere
640 2241 729 2310 viam,
740 2259 795 2313 per
808 2250 899 2297 totam
912 2251 1030 2298 noctem
1039 2250 1184 2314 vagantes
1198 2242 1228 2297 in

76 2345 189 2386 aurora
208 2329 246 2384 ad
266 2328 441 2384 monasterii
460 2338 579 2401 portam
600 2328 716 2384 inuenti
738 2337 817 2385 sunt.
863 2328 901 2384 Et
923 2329 1092 2386 cumidem
1114 2328 1230 2385 facinus

76 2427 169 2474 nocte
182 2417 315 2473 secunda
327 2415 594 2489 presumpsissent,
608 2424 637 2472 et
650 2415 726 2472 sicut
739 2416 823 2489 prius
837 2416 867 2471 in
881 2432 988 2472 aurora
1001 2415 1161 2484 redissent,
1174 2432 1229 2472 rex

75 2503 203 2562 celestis
216 2504 247 2560 in
260 2504 376 2577 lapides
386 2505 470 2570 duos,
479 2519 574 2576 vsque
583 2503 671 2559 hodie
681 2503 711 2558 in
721 2503 855 2558 miraculi
865 2503 1069 2560 testimonium
1081 2513 1229 2572 ostensos,

76 2609 208 2666 corpora
238 2609 343 2648 eorum
362 2592 580 2647 transmutauit.
651 2581 771 2648 Volens
793 2591 900 2647 lltutus
921 2591 1040 2648 visitare
1071 2591 1228 2648 ecclesiam
1245 2615 1274 2666 ²5

76 2699 138 2753 que
163 2688 211 2736 est
242 2678 272 2735 in
296 2678 399 2734 Monte
418 2678 544 2748 Tumba,
566 2677 707 2736 iratribus
728 2678 865 2751 precepit
885 2687 917 2735 vt
935 2688 1030 2735 totum
1053 2679 1227 2735 monasterii

77 2769 266 2825 frumentum
279 2783 439 2824 excussum
452 2765 482 2821 in
496 2766 642 2838 granariis
657 2774 829 2840 poneretur.
867 2765 938 2822 Post
955 2765 1228 2839 peregrinationem

78 2856 203 2912 rediens
228 2872 296 2910 curn
317 2855 433 2911 videret
457 2855 568 2910 multos
593 2855 692 2910 inedia
716 2854 851 2924 afflictos,
873 2853 1029 2910 dominum
1054 2851 1230 2926 suppliciter

78 2942 234 2999 exorauit:
254 2951 284 2998 et
296 2959 366 2998 ecce
378 2942 499 2998 allatum
518 2952 564 2998 est
582 2941 725 2999 diuinitus
743 2941 926 2998 frumentum
938 2958 1034 3014 vsque
1051 2941 1087 2996 ad
1107 2949 1228 3012 portum

79 3031 110 3086 in
126 3030 237 3086 Minori
252 3029 406 3085 Britannia
421 3038 571 3101 optatum;
591 3030 671 3085 vnde
684 3047 718 3086 se
731 3037 792 3085 tota
804 3028 900 3102 patria
912 3028 1021 3085 virtute
1033 3027 1081 3085 dei
1095 3028 1185 3100 pauit,
1198 3037 1229 3086 et
1242 3046 1275 3096 30

79 3119 118 3174 ad
132 3117 345 3174 seminandum
358 3116 483 3173 suffecit.
555 3103 702 3173 Transito
715 3126 784 3189 post
802 3116 858 3172 hec
874 3115 948 3172 mari
961 3117 998 3172 ad
1012 3115 1227 3172 monasterium

78 3222 170 3262 suum
182 3204 283 3274 venit;
304 3212 334 3260 et
352 3221 420 3260 cum
441 3203 510 3260 finis
522 3203 582 3260 vite
601 3203 866 3277 appropinquaret,
883 3204 921 3259 ad
942 3202 1092 3259 Minorem
1110 3202 1228 3259 Britan·

78 3295 162 3350 niam
176 3309 343 3364 regressus,
356 3292 434 3364 apud
453 3291 604 3349 ciuitatem
623 3291 780 3348 dolensem
800 3292 897 3347 clarus
915 3290 1067 3347 miraculis
1086 3299 1115 3346 et
1134 3290 1228 3362 signis

78 3391 170 3453 atque
183 3379 328 3453 prodigiis
341 3378 476 3448 celebris,
489 3388 570 3435 terre
583 3396 702 3451 corpus,
715 3378 853 3451 spiritum
866 3379 988 3450 quidem
1001 3379 1058 3434 deo
1075 3394 1228 3433 commcn-

78 3469 171 3538 dauit,
191 3476 296 3524 octauo
315 3467 382 3523 idus
401 3466 582 3523 noucmbris.
653 3455 827 3538 Anglorum
850 3482 906 3522 rex
926 3465 1071 3537 Edgarus,
1089 3465 1227 3521 bachanti
1243 3482 1273 3533 35

78 3557 182 3614 furore
194 3563 369 3622 commotus
382 3553 544 3610 commouit
556 3554 721 3611 exercitum
739 3570 827 3610 suum
845 3561 969 3626 propter
983 3552 1227 3626 Morganensium

78 3643 323 3710 inobedientiam,
336 3651 426 3714 atque
439 3641 507 3697 illuc
520 3642 681 3709 adducens,
691 3641 830 3697 violando
847 3649 1017 3696 sanctorum
1037 3639 1185 3696 territoria
1198 3649 1228 3696 et

79 3733 149 3806 ipsa
164 3731 285 3803 templa,
301 3729 412 3786 nullam
430 3729 531 3785 villam
549 3746 567 3785 a
585 3728 818 3801 depopulatione
838 3727 1003 3784 immunem
1025 3726 1153 3800 reliquit.
1192 3727 1226 3784 ln

79 3821 136 3877 hac
149 3819 249 3891 itaque
268 3817 423 3874 inuasione
437 3817 535 3873 ablata
554 3815 607 3872 suit
627 3817 696 3872 nola
712 3816 807 3873 sancti
828 3815 907 3872 Iltuti
927 3816 964 3871 ab
981 3815 1108 3871 ecclesia
1121 3832 1183 3885 sua,
1197 3823 1227 3872 et

78 3909 117 3964 ad
140 3906 282 3979 Angliam
301 3923 319 3961 a
338 3906 467 3977 quodam
489 3905 624 3977 predone
643 3904 765 3976 perlata.
804 3902 971 3959 Remeante
992 3901 1073 3959 enirn
1094 3903 1227 3958 exercitu
1242 3921 1274 3968 40

77 3997 169 4070 ligata
182 4004 228 4050 cst
241 3994 312 4050 nola
321 3993 399 4049 circa
411 3993 519 4048 collum
533 3991 602 4064 equi
615 3991 778 4060 cuiusdam,
791 3991 884 4064 quiin
900 3999 1002 4047 monte
1014 3990 1144 4062 quodam
1158 4007 1226 4046 cum

77 4083 189 4142 ceteris
209 4080 360 4139 exercitus
378 4079 464 4153 equis
483 4080 607 4136 herbam
626 4080 774 4152 carpebat.
812 4078 847 4135 ln
865 4077 990 4136 men'die
1001 4093 1074 4133 vero
1087 4078 1158 4132 dum
1172 4095 1227 4134 rex

77 4175 108 4230 in
128 4169 260 4228 tentorio
273 4167 450 4241 quiesceret,
467 4167 566 4225 visum
589 4176 635 4224 est
655 4168 718 4240 regi
738 4167 818 4240 quod
835 4166 957 4239 quidam
979 4163 1121 4221 terribilis
1141 4165 1228 4223 miles

77 4277 168 4320 suum
178 4267 286 4332 pectus
299 4256 403 4312 lancea
414 4255 599 4329 perforasset
610 4275 617 4325 3
638 4263 667 4312 et
686 4256 818 4327 grauiter
836 4271 891 4310 rex
904 4252 1049 4310 excitatus
1062 4252 1228 4326 suspirans,

109 4377 117 4408 ¹
134 4374 166 4425 V.
180 4372 287 4422 nomine
300 4369 417 4433 Celygid.
450 4369 460 4398 ²
477 4369 506 4420 E.
519 4377 669 4431 correptus3
680 4367 711 4419 V.
723 4370 895 4430 corrigeretur
904 4375 939 4418 et.
972 4367 1024 4418 ’Β
1038 4368 1072 4417 de
1083 4381 1130 4418 sua
1141 4369 1225 4418 domo.
