3012 4898
438 319 513 414 Da
538 317 701 410 &mtto
726 317 939 417 sidon.
1163 347 1236 419 339

85 501 264 578 priusquam
283 505 382 562 subito
400 505 506 564 mortis
527 513 638 564 euentu
657 514 779 579 tempus
798 523 890 564 omne
908 506 1063 581 penitendi
1085 507 1236 580 perderet

85 591 156 660 Qui,
180 591 251 648 licet
277 592 453 666 frequenter
478 593 657 666 admonitus,
682 595 845 668 spernebat
874 603 976 652 tamen
1000 596 1093 652 verba
1122 595 1236 664 salutis,

84 687 286 753 temporeque
299 691 445 754 sequente
457 681 653 755 penitentiam
667 699 701 739 se
713 691 849 740 acturum
867 682 950 740 dixit.
985 681 1097 740 Tactus
1114 683 1235 739 demum

85 766 269 838 infirmitate,
282 768 343 825 acri
356 769 460 827 dolore
472 769 604 843 torqueri
617 771 706 844 cepit.
729 770 779 827 Ad
793 787 884 843 quem
897 770 1053 843 ingressus
1065 787 1128 837 rex,
1136 769 1237 826 horta-

85 855 176 911 batur
192 864 225 912 vt
243 856 291 912 vel
309 866 380 914 tunc
399 865 559 930 antequam
578 865 746 914 moreretur
762 857 959 930 penitentiam
977 865 1078 932 ageret
1097 858 1265 936 commis-5

85 957 200 999 sorum.
236 944 278 1000 At
296 943 348 1002 ille
368 944 532 1017 respondit,
551 961 612 1000 non
632 961 667 1001 se
687 953 758 1001 tunc
776 945 854 1002 velle
873 944 1017 1012 confiteri,
1036 945 1090 1001 sed
1111 961 1179 1001 cum
1199 945 1237 1001 ab

85 1027 261 1087 infirmitate
284 1041 465 1104 resurgeret,
485 1049 525 1088 ne
549 1032 768 1105 exprobrarent
792 1033 849 1089 sibi
877 1032 997 1089 sodales
1023 1033 1102 1106 quod
1130 1031 1237 1088 timore

85 1117 193 1174 mortis
212 1117 321 1176 laceret
339 1136 399 1192 que
417 1135 526 1192 sospes
547 1119 645 1176 lacere
667 1119 812 1176 noluerat
859 1118 1092 1193 lngrauescente
1112 1118 1237 1176 morbo¹

84 1219 156 1259 cum
175 1205 213 1261 ad
232 1223 302 1262 eum
319 1205 501 1263 visitandum
520 1207 619 1263 denuo
639 1223 693 1263 rex
711 1207 844 1277 intraret,
857 1207 997 1265 clamauit
1012 1206 1112 1264 statim
1131 1206 1237 1264 miser-

84 1290 156 1347 abili
174 1309 268 1349 voce:
288 1293 383 1364 ‘Quid
401 1293 449 1351 vis
468 1295 578 1351 modo?
606 1293 677 1368 quid
697 1294 754 1351 huc
772 1294 903 1352 venisti?
939 1295 1008 1351 Non
1026 1294 1107 1352 enim
1125 1294 1236 1368 aliquid
1253 1312 1282 1349 ro

84 1377 220 1436 vtilitatis
236 1390 323 1453 potes
339 1382 417 1439 vltra
434 1380 588 1439 conferre!
627 1381 665 1438 Et
682 1381 752 1440 ille:
773 1381 868 1453 ‘Noli,
881 1381 985 1456 inquit,
1001 1383 1043 1439 ita
1059 1381 1147 1455 loqui,
1166 1382 1237 1438 vide

71 1475 118 1554 Q
142 1483 250 1524 sanum
275 1469 392 1542 sapias?
429 1469 523 1538 ‘Nom
544 1469 649 1543 inquit,
667 1469 793 1539 insanio,
813 1471 867 1527 sed
888 1470 1053 1543 pessimam
1073 1470 1146 1526 mihi
1167 1485 1237 1527 con·

85 1553 266 1611 scientiam¹
285 1564 386 1614 certus
411 1574 467 1629 pre
491 1557 585 1614 oculis
610 1557 716 1614 habeo.
763 1557 857 1614 Paulo
875 1566 945 1614 ante
963 1557 1148 1614 intrauerant
1177 1557 1237 1614 duo

84 1640 281 1714 pulcherrimi
301 1643 438 1714 iuuenes,
456 1653 487 1701 et
505 1646 643 1702 residens
660 1661 739 1702 vnus
758 1646 796 1702 ad
815 1653 913 1718 caput,
932 1653 962 1702 et
980 1661 1058 1701 vnus
1076 1646 1113 1702 ad
1132 1646 1237 1718 pedes,

85 1729 276 1800 protulerunt
290 1731 421 1788 libellum
434 1731 602 1804 pulchrum,
616 1734 670 1790 sed
687 1733 846 1804 modicum,
859 1731 932 1789 mihi
950 1733 987 1789 ad
1005 1732 1186 1805 legendum3
1205 1731 1236 1789 in
1252 1750 1282 1801 15

84 1833 148 1889 quo
166 1819 267 1874 omnia
285 1836 344 1891 que
361 1835 494 1892 vnquam
513 1819 593 1876 bona
612 1819 742 1877 feceram
762 1819 883 1877 intuens
903 1819 1014 1892 scripta
1034 1818 1163 1893 repperi,
1182 1820 1236 1876 sed

84 1921 183 1978 pauca
200 1913 230 1962 et
248 1906 372 1963 modica
410 1906 605 1978 Receperunt
625 1906 769 1977 codicem,
787 1923 844 1964 nec
864 1907 975 1980 aliquid
996 1905 1069 1963 mihi
1091 1905 1238 1963 dicebant.

84 1992 174 2049 Tunc
196 1994 294 2050 subito
313 1993 488 2067 superuenit
508 1993 659 2050 exercitus
679 1993 878 2066 malignorum
898 2002 928 2050 et
946 1993 1134 2050 horridorum
1153 1993 1237 2050 vultu

85 2078 257 2154 spirituum,
270 2081 453 2153 domumque
472 2081 548 2138 hanc
565 2089 595 2137 et
611 2081 746 2137 exterius
762 2081 888 2150 obsedit,
901 2089 932 2137 et
949 2080 1029 2137 intus
1048 2080 1180 2136 maxima
1198 2097 1237 2136 ex

85 2175 175 2240 parte
198 2168 336 2226 residens
359 2166 503 2240 impleuit
555 2166 641 2224 Tunc
666 2167 725 2236 ille,
745 2167 795 2240 qui
820 2166 869 2224 et⁸
892 2167 1073 2225 obscuritate
1097 2165 1182 2224 faciei
1207 2175 1236 2224 et
1252 2185 1283 2222 ao

85 2254 218 2328 primatu
227 2255 309 2312 sedis
317 2255 411 2312 maior
419 2271 490 2312 esse
498 2253 663 2325 videbatur,
673 2253 833 2328 proferens
842 2255 975 2312 codicem
985 2253 1237 2312 horridevisionis

86 2350 120 2398 et
145 2342 358 2415 magnitudinis
382 2343 525 2413 enormis,
547 2342 653 2400 iussit⁴
673 2343 725 2399 vni
749 2359 788 2400 ex
813 2343 989 2400 satellitibus
1014 2342 1078 2400 suis
1101 2341 1174 2398 mihi
1199 2343 1237 2399 ad

85 2429 251 2503 legendum
267 2430 395 2488 deleme.
432 2431 531 2501 Quem
546 2447 615 2487 cum
633 2429 783 2503 legissem,
796 2429 899 2489 inueni
915 2429 1015 2487 omnia
1032 2431 1147 2488 scelera
1161 2447 1238 2498 mea,

87 2533 151 2574 non
164 2518 262 2574 solum
275 2535 334 2591 que
346 2535 440 2591 opere
451 2519 500 2576 vel
512 2519 614 2588 verbo,
628 2519 682 2575 sed
695 2517 786 2575 etiam
798 2535 858 2593 que
869 2519 1047 2576 tenuissima
1058 2517 1238 2590 cogitatione

85 2606 220 2678 peccati,
247 2605 405 2664 manifeste
430 2605 461 2663 in
486 2623 522 2662 eo
540 2604 645 2662 tetris*
669 2622 739 2664 esse
757 2607 908 2679 descripta
927 2607 1040 2663 litteris.
1094 2605 1238 2662 Dicebat·
1252 2621 1282 2674 ²⁵

84 2701 188 2749 autem
201 2693 239 2749 ad
252 2693 329 2762 illos,
342 2693 393 2768 qui
406 2693 478 2750 mihi
491 2694 676 2762 assederant,
683 2695 764 2751 viros
777 2694 892 2751 albatos
904 2703 934 2752 et
946 2694 1116 2767 preclaros:
1130 2693 1237 2764 “Quid

84 2779 137 2837 hic
150 2780 271 2849 sedetis,
279 2780 411 2838 scientes
420 2781 588 2838 certissime
597 2781 667 2854 quia
677 2791 781 2839 noster
792 2791 839 2839 est
851 2780 964 2838 istem
986 2780 1237 2853 Responderunt:

85 2869 106 2898 “
115 2865 231 2924 Vemm
241 2868 355 2938 dicitis;
375 2868 500 2943 accipite
512 2877 543 2925 et
554 2869 586 2924 in
599 2868 752 2925 cumulum
765 2867 987 2942 dampnationis
999 2877 1099 2926 vestre
1112 2867 1238 2925 ducite.”

84 2953 158 3024 Quo
166 2955 253 3024 dicto,
263 2955 362 3013 statim
372 2957 594 3029 disparuerunt.
616 2955 842 3030 surgentesque
851 2957 911 3013 duo
920 2955 1095 3029 nequissimi
1105 2954 1238 3026 spiritus,

85 3043 236 3101 habentes
252 3045 346 3101 cultra
362 3043 393 3100 in
406 3043 780 3124 manibuspercussenrnt
793 3059 851 3110 me,
865 3059 942 3100 vnus
955 3042 986 3099 in
999 3043 1105 3115 capite,
1119 3051 1150 3100 et
1161 3042 1238 3098 alius
1252 3063 1284 3114 30
1343 3037 1346 3046 ’

84 3133 119 3188 in
132 3133 220 3204 pede.
256 3131 315 3202 Qui
330 3133 420 3189 modo
436 3147 505 3188 cum
523 3147 632 3204 magno
648 3139 798 3188 tormento
817 3129 848 3186 in
866 3130 1008 3187 interiora
1025 3129 1160 3203 corporis
1178 3129 1237 3186 mei

84 3221 235 3292 irrepunt,
248 3237 379 3293 moxque
397 3229 429 3277 vt
449 3220 500 3292 [ad
518 3219 564 3292 se]
575 3220 586 3251 ⁸
598 3218 728 3276 inuicem
746 3219 927 3291 peruenient
944 3218 1062 3288 moriar,
1078 3226 1108 3274 et
1125 3217 1238 3290 paratis

85 3308 127 3365 ad
152 3307 330 3381 rapiendum
356 3325 405 3364 me
429 3306 607 3365 demonibus
632 3308 663 3363 in
687 3305 798 3362 inferni
823 3306 951 3362 claustra
976 3305 1150 3378 pertrahar!
1166 3304 1172 3315 “
1187 3304 1238 3362 Sic

86 3396 266 3468 loquebatur
273 3395 373 3463 miser,
380 3396 561 3468 desperans:
575 3403 605 3451 et
614 3411 674 3450 non
683 3393 776 3451 multo
784 3402 853 3466 post
859 3393 1027 3461 defunctus,
1035 3393 1238 3466 penitentiam,

86 3499 180 3556 quam
193 3483 231 3539 ad
244 3484 336 3539 breue
348 3491 468 3554 tempus
478 3499 547 3538 cum
556 3481 652 3538 fructu
661 3480 750 3538 venie
762 3481 861 3539 lacere
874 3481 1052 3554 supersedit,
1060 3480 1091 3536 in
1101 3489 1237 3538 eternum
1253 3507 1283 3558 35

87 3571 157 3628 sine
179 3569 276 3627 fructu
295 3571 383 3643 penis
405 3570 542 3626 subditus
561 3567 639 3625 lacit.
685 3569 753 3626 Non
777 3568 860 3626 enim
883 3585 940 3641 pro
964 3585 997 3625 se
1022 3567 1087 3638 ista,
1107 3571 1153 3626 cui
1178 3584 1238 3623 non

87 3657 240 3733 proluere,
253 3658 307 3714 sed
320 3675 376 3731 pro
389 3656 455 3714 aliis
467 3656 548 3724 vidit,
561 3655 612 3731 qui
627 3655 691 3713 eius
708 3655 862 3713 interitum
879 3663 1105 3728 cognoscentes,
1117 3655 1239 3712 differre

86 3755 212 3819 tempus
230 3744 403 3818 penitentie,
417 3745 489 3801 dum
501 3753 595 3814 vacat,
607 3743 757 3814 timerent,
771 3761 810 3800 ne
822 3743 986 3816 improuiso
998 3743 1102 3800 mortis
1115 3742 1238 3800 articulo

87 3832 228 3907 preuenti
247 3832 461 3906 impenitentes
479 3831 620 3906 perirent
657 3831 745 3901 Quod
764 3841 864 3889 autem
884 3831 1004 3888 codices
1023 3832 1161 3888 diuersos
1183 3847 1239 3902 per

89 3923 187 3977 bonos
208 3919 274 3976 siue
294 3919 390 3977 malos
412 3919 536 3994 spiritus
557 3920 614 3976 sibi
635 3918 709 3976 vidit
730 3918 839 3988 offeni,
860 3935 993 3991 superna
1011 3917 1237 3992 dispensatione
1251 3946 1285 3997 4⁰

88 4009 158 4066 ideo
174 4007 285 4067 lactum
300 3993 348 4064 est'
358 4016 390 4064 vt
406 4007 634 4064 meminerimus
651 4006 727 4064 lacta
742 4015 845 4064 nostra
860 4015 889 4062 et
906 4005 1101 4080 cogitationes
1118 4015 1237 4062 nostras

89 4113 150 4154 non
164 4093 194 4151 in
206 4105 331 4152 ventum
344 4094 489 4166 diffluere,
500 4095 553 4152 sed
567 4093 698 4152 examini
711 4093 822 4150 summi
835 4092 940 4150 iudicis
950 4101 1056 4149 cuncta
1071 4094 1195 4162 seruari,
1208 4099 1238 4150 et

90 4185 155 4242 siue
176 4199 232 4258 per
249 4181 363 4240 amicos
381 4183 505 4256 angelos
524 4182 556 4238 in
573 4181 635 4239 fine
653 4181 740 4239 nobis
758 4181 954 4250 ostendenda,
967 4180 1032 4237 siue
1051 4197 1107 4252 per
1126 4181 1238 4238 hostes.

121 4347 277 4399 ¹E.morle.
344 4345 584 4398 ’Bedscientiam
656 4346 707 4397 Ἐ
720 4347 808 4409 etqui.
884 4345 935 4395 ⁴13.
950 4345 1082 4407 iussitque.
1152 4343 1238 4394 'bed

91 4417 200 4468 tetricis
267 4411 319 4464 Ἐ
334 4413 470 4465 Dicebant.
536 4411 663 4471 'Eillet
679 4413 724 4464 Ta.
738 4413 796 4463 iste.
863 4409 939 4462 lom.
952 4411 979 4460 in
992 4411 1022 4461 E.

642 4507 690 4548 Η
