3028 4894
295 307 371 380 420
607 284 739 373 nunt
763 281 954 387 termut
978 283 1132 388 nmis.

297 485 443 560 regularis
460 503 597 543 normam
616 485 779 558 propositi¹
792 503 827 543 se
845 485 893 543 dei
913 485 1036 544 semitio
1053 485 1237 560 mancipare'
1314 473 1455 562 Singulis
1497 491 1498 494 ’

296 571 397 647 itaque
415 573 511 644 annis,
526 573 662 630 kalendis
676 573 756 644 Maii,
769 573 889 646 aliquod
907 591 1017 630 munus
1034 574 1178 646 magistro
1192 592 1250 632 suo
1266 579 1455 634 transmitte·
1497 601 1498 618 ἢ

297 661 355 730 bat,
375 669 405 720 et
426 661 611 735 panniculus,
632 678 691 734 quo
710 661 812 719 casula
831 661 897 719 siue
920 663 992 735 quid
1012 662 1072 719 tale
1094 661 1320 733 inuoluebatur,
1341 665 1454 721 nullam
1497 719 1498 742 ,

296 747 443 806 lesionem
456 751 494 806 ab
506 765 583 822 aqua
596 749 772 822 patiebatur,
780 748 828 806 vel
838 749 993 806 minimam
1006 767 1083 822 aque
1095 749 1281 808 infusionem
1294 754 1454 818 sentiebat,
1497 791 1498 820 2

268 851 282 902 ε
297 838 352 894 sed
364 837 487 894 omnino
499 837 597 894 siccus
609 853 794 910 permanens
803 836 917 910 impetu
931 838 1119 894 decurrentis
1132 855 1210 912 aque
1224 857 1283 912 per
1295 841 1401 897 riuum
1410 851 1454 897 est

297 925 443 982 deductus
455 933 546 998 atque
558 941 616 999 per
628 941 711 981 mare
724 933 922 982 transuectus.
960 924 998 981 Et
1010 924 1079 982 licet
1091 925 1314 1000 quinquaginta
1328 927 1455 984 miliaria

295 1011 363 1069 illos
372 1011 649 1086 separabant,vnins
656 1011 877 1070 tamen¹noctis
885 1012 985 1085 spacio
993 1013 1188 1086 permar-inas
1196 1013 1310 1072 llucnus
1318 1015 1454 1088 [munus]

296 1100 334 1157 ad
346 1100 402 1158 viri
416 1101 465 1157 dei
482 1099 601 1156 ianuam
617 1100 774 1156 inuentum
787 1108 842 1158 est.
881 1099 928 1156 Ex
946 1099 1002 1157 hoc
1020 1109 1120 1156 autem
1135 1101 1224 1158 beato
1236 1101 1304 1158 viro
1319 1105 1454 1160 additum
1497 1133 1498 1168 i

296 1197 344 1246 est
362 1204 540 1261 cognomen,
553 1187 727 1244 memoriale
739 1204 835 1260 voque
850 1185 882 1243 in
895 1187 1072 1244 hodiemum
1085 1187 1174 1245 diem.
1213 1189 1295 1246 Nam
1310 1190 1455 1248 Beunous
1497 1183 1498 1234 l

253 1292 283 1330 ro
296 1275 453 1344 Casulsek,
466 1275 496 1332 id
509 1283 556 1332 est
569 1278 577 1306 ‘
588 1273 731 1332 Bennous
747 1274 849 1331 casula
865 1273 943 1331 sicca
953 1277 960 1302 '
972 1285 1104 1346 vocatur,
1122 1293 1159 1332 eo
1178 1277 1262 1348 quod
1282 1295 1344 1350 per
1362 1297 1455 1352 aquas

296 1364 334 1420 ab
346 1365 431 1436 aquis
444 1363 530 1420 illesa
545 1363 582 1420 ad
599 1379 670 1419 enm
687 1363 766 1419 sicca
784 1362 884 1419 casula
900 1361 1075 1420 deferretur.
1150 1350 1312 1422 Defuncto
1331 1369 1454 1424 tandem

295 1451 383 1508 beato
402 1449 534 1520 Bennoo,
547 1459 649 1508 sancta
662 1448 847 1507 Wenefreda
865 1450 1066 1506 admonitione
1078 1449 1181 1507 diuina
1199 1461 1345 1510 sanctum
1357 1455 1454 1511 vinum

297 1538 419 1595 nomine
434 1537 589 1594 Dciferum
602 1535 682 1594 adiit.
722 1535 795 1594 Erat
807 1539 921 1611 quippe
934 1539 980 1594 vir
991 1537 1041 1595 ille
1056 1554 1185 1611 magnus
1198 1556 1305 1597 coram
1322 1542 1454 1608 domino,
1497 1549 1498 1578 l

296 1627 335 1682 de
359 1642 418 1698 quo
443 1625 572 1683 refertur
594 1625 674 1698 quod
705 1624 818 1682 fontem
844 1625 882 1681 de
907 1633 988 1682 terra
1017 1641 1178 1698 erumpere
1208 1625 1328 1694 fecerit,
1354 1631 1454 1686 multis

253 1733 282 1786 ¹⁵
296 1713 423 1772 infimiis
441 1715 600 1771 sanitatem
618 1711 831 1770 conferentem.
868 1713 945 1770 Cum
963 1720 1062 1770 antem
1080 1721 1184 1770 sancta
1202 1713 1401 1774 Wenefreda
1418 1719 1454 1774 ad
1497 1755 1498 1784 ;

296 1811 433 1860 sanctum
454 1800 606 1858 Deiferum
625 1799 751 1871 veniret,
770 1809 875 1858 sancto
892 1799 924 1857 in
942 1799 1078 1858 oratione
1095 1809 1183 1858 nocte
1202 1801 1255 1858 illa
1274 1805 1453 1876 persistenti
1497 1851 1498 1874 ,

296 1908 356 1948 vox
375 1891 413 1947 de
432 1889 505 1947 celis
523 1889 663 1959 insonuit,
681 1889 803 1946 dicens:
822 1888 896 1946 ‘Dic
912 1888 1087 1945 charissime
1104 1888 1165 1945 filie
1180 1905 1249 1946 mee
1262 1889 1453 1950 Weneirede

296 1977 436 2051 quatinus
454 1977 602 2034 advirum
615 1975 738 2033 nomine
756 1975 920 2033 Saturnum
933 1992 1075 2050 pergens,
1087 1977 1159 2049 quid
1171 1985 1279 2034 actura
1295 1979 1337 2036 sit
1354 1981 1453 2037 audiat
1497 1993 1498 2050 l

296 2074 327 2122 et
339 2065 370 2122 in
383 2082 442 2138 quo
455 2064 520 2121 loco
532 2063 614 2120 omni
626 2063 686 2120 vite
706 2081 760 2120 sue
776 2073 913 2137 tempore
929 2061 967 2120 sit
986 2079 1127 2121 mansura
1141 2063 1254 2121 discet’
1294 2065 1348 2123 Ad
1363 2085 1452 2140 quem
1497 2055 1498 2100 l

252 2171 283 2208 ro
296 2170 365 2209 cum
384 2150 489 2225 virgo¹
508 2161 611 2209 sancta
630 2151 774 2222 venisset,
795 2153 860 2209 ait:
888 2150 960 2209 ‘Est
983 2150 1067 2208 locus
1089 2150 1220 2224 quidam,
1243 2151 1453 2212 Witheriacus

296 2240 473 2313 appellatus,
495 2239 533 2296 ab
555 2240 636 2296 omni
657 2239 768 2313 populo
792 2237 824 2295 in
848 2240 979 2296 maxima
1004 2237 1175 2296 reuerentia
1199 2238 1345 2298 habitus:
1374 2243 1451 2298 hunc

296 2327 394 2385 locum
413 2336 443 2385 te
462 2326 592 2384 inuisere
610 2326 745 2401 precepit
764 2327 840 2384 deus
858 2335 947 2400 atque
965 2327 1037 2382 dum
1049 2325 1162 2383 vixeris
1183 2325 1366 2398 inhabitare,
1380 2331 1451 2386 tuis·

296 2432 355 2488 que
376 2415 525 2489 exemplis
546 2414 672 2472 aliorum
693 2414 811 2472 animos
829 2414 999 2472 informare.
1036 2413 1081 2470 Ibi
1107 2422 1154 2470 est
1175 2415 1257 2471 enim
1285 2417 1450 2474 multarum

295 2503 438 2560 virtutum
457 2503 558 2572 abbas,
573 2503 694 2560 nomine
710 2502 837 2572 Elerius,
849 2519 940 2576 quem
957 2500 1034 2575 iugis
1050 2503 1180 2574 gemitus
1193 2511 1224 2558 et
1236 2503 1335 2559 oratio
1347 2523 1450 2578 perse

252 2615 281 2666 ²5
297 2608 407 2649 uetans
420 2591 460 2648 ita
472 2592 510 2648 ab
524 2592 663 2648 omnibus
675 2590 860 2648 secularibus
876 2589 957 2646 curis
974 2589 1101 2646 liberum
1117 2589 1324 2660 reddiderunt,
1337 2601 1373 2649 vt
1391 2593 1448 2650 iam

296 2679 337 2736 nil
361 2687 515 2736 terrenum
546 2679 651 2753 sapiat,
676 2677 749 2734 nihil
780 2677 933 2735 mundane
963 2675 1188 2734 delectationis⁴
1210 2677 1343 2747 affectet,
1370 2689 1449 2737 totus

296 2767 456 2824 celestibus
475 2767 627 2824 intentus·
664 2765 733 2837 Quo
751 2782 819 2822 cum
831 2765 916 2838 virgo
934 2774 1037 2822 sancta
1055 2774 1203 2838 pergeret,
1216 2765 1312 2822 abbas
1327 2765 1449 2824 Elerius

297 2872 353 2928 per
365 2855 504 2928 spiritum
522 2864 660 2912 sanctum
677 2853 743 2911 eins
760 2854 922 2910 aduentum
940 2869 1135 2926 prenoscens,
1147 2851 1179 2908 in
1196 2869 1357 2910 occursum
1371 2856 1449 2912 illius

297 2943 512 3017 proficiscitur;
532 2959 659 3014 eamque
673 2941 837 2998 honorifice
850 2939 1029 3015 suscipiens,
1042 2941 1080 2996 ad
1092 2938 1243 3012 virginum
1261 2953 1447 2999 conuentum

251 3052 283 3104 30
296 3031 460 3088 introduxit
474 3040 503 3088 et
515 3029 663 3102 virginum
676 3046 780 3086 curam
796 3036 885 3101 atque
898 3027 1064 3085 custodiam
1076 3025 1105 3083 ei
1117 3027 1274 3084 commisit
1312 3027 1448 3100 Qiuicun-

298 3136 357 3192 que
376 3135 450 3192 eger
466 3118 503 3175 ad
521 3117 603 3174 illam
621 3116 748 3174 veniens
758 3115 778 3186 ⁸,
797 3117 941 3188 sospitate
959 3124 1080 3188 recepta
1098 3113 1256 3172 incolumis
1274 3115 1405 3184 redibat,
1418 3128 1447 3174 et

295 3209 389 3263 tn'stis
401 3205 500 3262 omnis
512 3205 641 3261 leticiam
656 3203 766 3261 mentis
785 3212 815 3260 et
834 3203 1068 3261 consolationem
1086 3203 1267 3276 reportabat
1340 3191 1448 3263 Nocte

295 3295 418 3351 tandem
437 3295 566 3367 quadam
584 3292 768 3349 orationibus
780 3294 897 3350 vacanti
915 3291 1024 3348 ihesus
1036 3288 1174 3347 Christus
1192 3306 1346 3363 apparens
1364 3295 1446 3350 diem

295 3382 393 3439 obitus
405 3381 451 3438 sui
465 3381 495 3438 in
508 3380 647 3455 proximo
659 3381 771 3437 instare
784 3378 917 3435 innotuit
941 3377 1029 3435 Vnde
1041 3385 1147 3451 quarto
1160 3394 1256 3435 nonas
1269 3382 1447 3439 nouembris

249 3494 281 3546 55
295 3469 384 3543 plena
395 3469 554 3526 virtutibus
571 3475 600 3526 et
616 3468 758 3542 operibus
777 3467 864 3524 bonis
882 3465 1019 3540 spiritum
1037 3466 1095 3522 deo
1112 3464 1250 3537 reddidit,
1266 3467 1447 3543 sepultaque

295 3567 342 3616 est
354 3557 437 3615 iuxta
449 3566 586 3614 sanctum
599 3554 767 3613 Chebium⁴
779 3564 809 3611 et
828 3554 990 3612 Senanum
1028 3552 1089 3612 Per
1106 3553 1188 3610 illam
1206 3553 1287 3611 enim
1307 3557 1446 3631 omnipo

295 3654 364 3704 tens
377 3646 453 3703 deus
465 3645 557 3702 multa
569 3643 713 3701 miracula
724 3642 842 3715 operari
859 3642 1000 3716 dignatus
1016 3650 1081 3700 est:
1100 3641 1251 3715 interque
1263 3641 1356 3700 tiliam
1369 3645 1445 3702 fabri

293 3734 449 3792 cuiusdam
474 3750 492 3789 a
517 3731 669 3788 natiuitate
693 3748 794 3788 cecam
818 3729 1003 3787 illuminauit
1085 3717 1239 3786 Latrones
1263 3731 1391 3804 quidam
1414 3733 1444 3790 in

293 3821 442 3880 territorio
460 3827 562 3877 sancte
574 3818 760 3876 Wenefrede
775 3835 896 3875 vaccam
916 3817 1076 3891 rapientes,
1088 3817 1276 3874 diuerterunt
1295 3837 1353 3892 per
1364 3822 1443 3878 viam

248 3936 281 3988 40
294 3912 400 3969 duram
414 3919 443 3966 et
456 3923 604 3977 saxosam,
617 3908 647 3963 in
660 3923 720 3979 qua
731 3923 787 3963 nec
800 3905 934 3979 ipsorum
947 3923 1003 3962 nec
1016 3903 1153 3962 anirnalis
1164 3904 1291 3980 vestigia
1304 3909 1443 3982 cognosci

293 4017 385 4074 posse
398 3998 548 4071 putabant
585 3993 749 4052 Confestim
762 4003 863 4052 tamen
876 3995 972 4068 pedes
985 4010 1056 4051 suos
1068 4011 1164 4067 vsque
1177 3995 1216 4050 ad
1233 4011 1335 4068 genua
1351 3997 1442 4053 humo

292 4103 383 4146 vacca
402 4085 552 4158 infigebat,
569 4091 600 4139 et
617 4091 678 4139 tam
697 4082 728 4137 in
747 4083 829 4138 saxis
847 4097 938 4154 quam
957 4080 988 4138 in
1006 4081 1082 4138 dura
1099 4089 1131 4138 et
1148 4079 1233 4138 arida
1250 4081 1300 4138 via
1317 4081 1440 4156 vestigia

295 4180 435 4248 patenter
449 4171 643 4245 apparebant
686 4167 873 4242 Quocunque
891 4169 973 4226 enim
992 4169 1125 4227 latrones
1143 4169 1346 4244 procedentes
1364 4170 1440 4227 ince-

326 4297 381 4345 ιΕ.
393 4295 520 4357 propositi
530 4308 652 4344 normam.
745 4289 802 4341 ’Β
815 4306 881 4343 cum.
976 4289 1124 4354 ’ἰήνῃ
1217 4291 1276 4344 ‘E
1290 4293 1438 4346 dilectionis

290 4359 350 4408 'ai
363 4359 490 4408 veniebat
588 4355 645 4408 Ἐ
660 4356 801 4408 Chcbeutn.
