3012 4898
400 356 476 450 DV
499 352 663 446 &811stss
688 356 887 460 Ιβῆϊῑίίὶῦ.
1149 384 1217 454 291

71 553 395 628 Sighidi—Wermuth
414 567 445 615 et
457 557 554 616 larwe
572 559 723 627 abbatum,
738 558 822 617 Bede
839 558 1007 632 presbiteri,
1022 559 1116 632 Ebbe,
1130 560 1222 635 Rege,

71 642 186 712 Boisili,
205 653 235 702 et
255 644 347 703 Hilde
365 646 516 704 abbatisse
524 645 543 703 ⁸.
581 646 712 704 Sanctus
728 664 848 720 quoque
868 647 1006 722 [Dauid]¹
1027 649 1223 707 menenensis

70 731 236 806 episcopus
258 751 325 790 cum
347 743 465 806 septem
484 733 644 808 episcopis,
663 734 721 791 loci
740 735 898 792 sanctitate
914 735 1066 807 inuitatus,
1084 736 1122 795 ad
1140 736 1223 794 dedi·

69 820 201 877 eandam
218 821 249 877 in
267 822 380 878 honore
394 824 483 880 beate
497 821 592 880 Marie
609 822 692 878 illam
703 829 854 879 vetustam
868 822 1025 882 ecclesiam
1039 824 1224 882 Glastoniam

68 907 165 963 venit
205 908 243 966 Et
267 927 338 966 ecce
363 918 450 967 nocte
474 909 693 967 dedicationem
718 911 900 983 precedente
924 912 1061 984 apparuit
1082 912 1252 971 dominus5

70 1005 180 1052 sancto
192 996 335 1070 episcopo
349 997 455 1066 Dauid,
466 1007 496 1055 et
509 997 595 1071 quasi
608 999 729 1055 nescius
742 1015 863 1055 causam
876 1000 1025 1056 aduentus
1038 999 1104 1056 eius
1116 1001 1224 1073 querit.

70 1083 142 1152 Qua
163 1084 297 1142 seriatim
322 1085 467 1160 exposita,
493 1085 634 1143 dominus
660 1085 851 1159 apprehensa
874 1103 965 1143 manu
990 1086 1056 1144 eius
1080 1087 1225 1144 dextera¹

69 1171 132 1227 ait:
166 1171 251 1228 ‘Non
276 1172 328 1230 fiat
353 1173 419 1245 hoc,
443 1173 548 1247 inquit,
573 1173 677 1247 presul
702 1173 791 1242 alme,
817 1175 894 1231 hanc
918 1191 975 1248 ego
1000 1175 1134 1245 sacraui;
1166 1175 1223 1232 hec

69 1259 200 1332 virginis
212 1260 292 1318 alme
305 1261 413 1318 domus
425 1269 480 1329 est,
492 1262 569 1318 hanc
582 1260 610 1318 ei
625 1261 779 1334 propriam
794 1261 939 1318 dedicaui.
977 1262 1015 1318 Et
1027 1279 1067 1319 ne
1080 1261 1225 1335 deinceps

71 1347 237 1421 quisquam
268 1347 377 1406 iterare
406 1349 514 1407 audeat
543 1357 773 1418 sacramentum,
799 1349 838 1405 sit
863 1350 919 1406 hoc
942 1349 997 1406 tibi
1022 1350 1167 1423 signum’,
1195 1359 1225 1407 et
1240 1361 1271 1400 ιο

69 1429 178 1492 volam'
186 1436 294 1493 dextre
304 1453 410 1494 manus
418 1437 484 1494 eius
492 1436 585 1508 digito
595 1436 776 1510 persorauit;
791 1445 821 1493 et
829 1437 955 1510 rigentis
967 1447 1056 1510 atque
1069 1437 1226 1495 trementis

70 1524 243 1580 sacerdotis
261 1533 349 1597 caput
367 1524 552 1594 demulcens,
573 1542 612 1581 ne
634 1524 827 1596 pertimescat
846 1524 990 1597 hortatur,
1007 1524 1124 1599 placido
1142 1525 1225 1582 vultu

70 1610 199 1667 dicens:
221 1611 373 1668 ‘Crastina
384 1613 434 1670 die
446 1612 668 1686 pontificalibus
685 1611 809 1669 indutus
823 1629 891 1670 cum
905 1615 989 1686 “per
1000 1612 1100 1686 ipsum
1114 1621 1225 1670 etcum

71 1699 143 1772 ipso
156 1707 186 1754 et
198 1699 229 1755 in
238 1699 306 1772 ipso
312 1701 327 1729 ¹⁵
337 1699 369 1755 in
379 1701 472 1756 missa
484 1700 676 1774 pronuncias,
684 1699 750 1773 ipso
761 1699 812 1773 qui
822 1708 921 1757 tecum
932 1700 1063 1773 loquitur
1071 1709 1226 1774 operante,

75 1803 133 1859 per
154 1787 255 1860 ipsum
275 1803 366 1859 quem
386 1804 473 1844 sacro
492 1787 636 1844 conficies
654 1805 716 1859 ore,
734 1787 845 1844 vulnus
862 1789 944 1861 quod
962 1805 1043 1844 nunc
1061 1786 1227 1845 exhorres⁸
1242 1802 1271 1854 15

75 1891 228 1947 nusquam
252 1891 323 1932 esse
346 1873 480 1933 videbis!
527 1875 617 1945 Dixit,
642 1884 673 1932 et
696 1877 727 1931 in
753 1892 895 1932 sermone
919 1876 1051 1932 recessit.
1095 1874 1133 1931 Et
1158 1891 1227 1932 cum

76 1971 201 2019 sanctus
225 1962 308 2019 iussa
328 1963 520 2037 complesset,
541 1963 629 2032 (sicut
649 1962 783 2036 predixit
802 1963 953 2034 dominus)
976 1962 1105 2019 efficitur
1126 1978 1227 2019 sanus.

78 2049 119 2106 Et
139 2050 276 2107 edificata
297 2067 358 2107 non
379 2051 483 2124 procul
506 2051 601 2108 altera
621 2050 756 2121 ecclesia,
776 2068 835 2123 que
855 2050 983 2107 ‘Sancta
1001 2049 1096 2106 Maria
1115 2051 1226 2124 parua’

75 2137 213 2208 dicitur⁴‚
233 2137 381 2196 dedicauit
399 2138 490 2195 illam.
527 2138 608 2196 Obiit
629 2147 729 2195 autem
749 2146 872 2195 sanctus
893 2137 989 2194 Dauid
1015 2155 1094 2194 anno
1113 2137 1227 2194 domini

75 2225 322 2299 quingentesImo
337 2225 567 2300 quadragesimo
579 2234 675 2296 sexto,
694 2225 766 2283 etin
782 2225 897 2283 Rosina
908 2225 996 2282 Valle
1015 2225 1176 2300 sepelitur;
1196 2234 1227 2281 et
1242 2239 1274 2276 ao

75 2313 211 2386 lapidem
235 2329 327 2386 quem
352 2331 370 2370 a
394 2315 563 2388 patriarcha
586 2313 842 2370 hierosolimitano
866 2315 897 2370 in
923 2331 977 2370 sua
1004 2312 1227 2371 consecratione

75 2409 245 2473 acceperat,
266 2401 363 2458 adhuc
383 2402 492 2460 viuens
516 2401 641 2459 ecclesie
666 2401 862 2476 glastoniensi
886 2401 1044 2475 delegauit.
1090 2402 1227 2471 Quedam

75 2499 181 2546 autem
198 2497 334 2546 matrona
348 2489 470 2546 nomine
487 2488 620 2547 Elswida
637 2497 774 2563 tempore
792 2489 903 2562 Edgari
916 2489 997 2562 regis
1009 2507 1065 2563 per
1076 2490 1228 2562 quendam

75 2585 239 2650 cognatum
258 2593 347 2634 suum
365 2577 541 2652 episcopum
560 2593 776 2635 menenensem
795 2576 938 2650 reliquias
956 2576 1051 2634 sancti
1067 2576 1163 2634 Dauid
1183 2595 1228 2634 ac·

75 2664 210 2739 quisiuit,
224 2665 345 2738 quando
357 2674 418 2721 tota
429 2674 511 2722 terra
523 2665 573 2722 illa
584 2665 625 2722 ita
636 2673 750 2722 vastata
767 2674 831 2722 erat
844 2673 875 2721 vt
887 2665 938 2722 vix
950 2664 1059 2737 aliquis
1074 2664 1154 2722 illius
1172 2665 1229 2722 loci
1243 2679 1274 2729 ²5

74 2752 262 2811 inhabitator
285 2751 426 2810 inuentus
450 2762 549 2824 esset;
581 2753 638 2810 hec
662 2761 763 2809 autem
788 2751 944 2809 translatio
969 2752 1103 2826 corporis
1132 2753 1229 2810 saneti

77 2840 178 2898 Dauid
196 2857 255 2912 per
272 2849 439 2897 matronam
458 2840 607 2914 prefatam
626 2840 704 2897 sacta
722 2849 769 2896 est
780 2857 875 2914 vsque
894 2840 931 2896 ad
946 2839 1131 2897 Glastoniam
1149 2856 1230 2896 anno

76 2937 150 3004 post
159 2935 288 2984 mortem
301 2929 367 2985 eius
379 2928 674 3002 quadringentesimo
683 2927 826 2984 vicesimo
836 2927 934 3000 primo
942 2926 962 2984 ⁶.
999 2915 1129 2985 lInueni
1140 2927 1229 2984 etiam

75 3016 139 3073 ibi‘l
154 3015 276 3089 scriptis
291 3027 445 3072 exaratum
459 3016 539 3089 quod
556 3024 694 3088 tempore
706 3013 862 3072 Thurstini
878 3014 1002 3085 abbatis,
1014 3009 1094 3071 anno
1112 3014 1230 3087 quinto-

76 3103 198 3161 decimo
210 3104 360 3160 aduentus
373 3103 399 3159 N
402 3119 626 3173 ormannorum,
639 3119 707 3160 cum
721 3103 883 3159 monachos
897 3111 1017 3174 cogeret
1033 3101 1230 3176 pretermisso
1244 3119 1277 3168 30

75 3191 259 3265 gregoriano
283 3189 381 3247 officio
406 3191 561 3248 cuiusdam
579 3189 725 3247 Willelmi
747 3189 926 3247 fiscanensis
951 3189 1090 3247 monachi
1110 3198 1229 3245 cantum

76 3278 251 3351 di[s]cere⁸,
261 3286 291 3335 et
303 3277 344 3334 illi
357 3295 417 3335 non
430 3277 663 3352 acquiescerent,
671 3286 740 3351 post
749 3277 842 3334 verba
850 3286 975 3335 ventum
990 3286 1036 3334 est
1047 3278 1085 3333 ad
1093 3279 1230 3334 verbera.

76 3366 169 3423 Vnde
193 3365 333 3423 monaehi
363 3365 401 3422 ad
425 3365 581 3423 ecclesiam
606 3366 767 3438 fugientes,
790 3363 922 3438 profusis
946 3364 1100 3422 lachrimis
1124 3381 1230 3438 pacem

77 3454 277 3528 postularunt,
305 3454 359 3511 sed
390 3455 521 3522 tandem,
546 3453 701 3526 compulsi,
731 3469 800 3509 cum
831 3451 952 3509 scannis
982 3461 1013 3509 et
1043 3451 1231 3510 candelabris

77 3541 325 3615 persecutoribus
347 3541 527 3598 restiterunt
563 3541 651 3597 Vnus
672 3548 772 3598 autern
791 3558 830 3596 ex
849 3539 960 3596 familia
981 3539 1104 3610 abbatis,
1122 3539 1231 3597 viden's
1244 3553 1275 3606 35

78 3629 262 3686 monachum
281 3646 402 3686 crucem
419 3637 544 3702 argento
563 3637 736 3701 coopertam
754 3629 893 3684 manibus
911 3637 1024 3696 tenere,
1043 3627 1180 3700 sagittam
1198 3627 1230 3683 in

77 3717 167 3774 illum
186 3716 327 3790 dirigens,
347 3716 509 3790 imaginem
528 3716 686 3773 saluatoris
704 3715 800 3773 nostri
818 3716 925 3773 subtus
943 3733 1023 3788 genu
1040 3715 1229 3772 uulnerauit:

77 3814 110 3862 et
133 3802 274 3861 continuo
299 3805 423 3878 sanguis
447 3821 589 3862 emanare
613 3804 702 3877 cepit,
723 3821 819 3877 vsque
844 3804 881 3860 ad
901 3811 1013 3860 terram
1034 3803 1231 3861 descendens.
1280 3833 1282 3836 ·

79 3893 150 3964 Quo
170 3891 236 3949 viso
261 3891 427 3949 sceleratus
450 3891 501 3948 ille
524 3891 572 3948 sui
596 3891 805 3948 confusionem
830 3908 892 3947 non
916 3890 1081 3958 sustinens,
1105 3906 1230 3946 sensum

78 3979 218 4054 corporis
228 3981 335 4048 amisit,
345 3988 376 4038 et
388 3988 474 4037 extra
486 3977 643 4036 ecclesiam
653 3995 807 4050 corruens,
819 3977 912 4035 fracta
924 3977 1042 4036 ceruice
1050 3976 1231 4050 'expirauit
1245 3993 1278 4042 4ο

78 4069 102 4103 ¹⁰
112 4055 174 4126 Est
192 4067 282 4125 etiam
297 4067 337 4124 ibi
356 4084 439 4138 crux,
451 4085 511 4141 que
528 4067 599 4124 olim
615 4067 647 4124 in
665 4066 822 4124 refectorio
838 4073 919 4123 stare
936 4064 1102 4134 consueuit,
1120 4064 1158 4121 de
1171 4080 1232 4137 qua

79 4155 192 4230 legitur
206 4157 286 4228 quod
302 4172 371 4212 cum
388 4173 443 4212 rex
458 4155 596 4227 Edgarus
614 4171 682 4212 curn
700 4163 804 4212 sancto
818 4153 976 4210 Dunstano
992 4154 1029 4210 ad
1047 4167 1183 4209 mensam
1200 4151 1231 4208 in

79 4243 239 4302 refectorio
257 4244 387 4314 sederet,
400 4251 431 4300 et
448 4241 643 4317 cogitationes
662 4251 766 4299 contra
778 4241 963 4299 voluntatem
979 4239 1027 4298 dei
1046 4241 1078 4296 in
1097 4257 1149 4296 cor
1164 4237 1231 4297 eius

79 4401 91 4431 ⁸
113 4331 272 4412 ¹pminE.
370 4330 381 4361 ¹
402 4332 432 4426 f.
446 4332 547 4409 dextra.
646 4329 704 4382 ⁸E.
715 4331 850 4382 abhorres.
965 4329 1232 4422 ‘que-diqal.om.

79 4398 408 4526 'Rnffiggtgofflim
435 4395 659 4513 Cslxgssi'erlhicl}
673 4395 1070 4526 p¹÷3inlli¹ilfihppgh⁸i,loh.
1083 4395 1233 4524 614ῗέιὲΙ

635 4543 688 4585 tta
