3012 4898
283 293 359 389 Da
383 291 546 386 &tntu
574 292 739 392 omna
763 291 1063 397 scutulatum.
1171 315 1244 389 379

88 495 211 558 tionem
223 495 262 554 de
275 497 365 572 regiis
382 496 646 556 consuetudinibus
663 495 859 554 obseruandis
876 495 933 554 sibi
950 495 1105 554 herivalle
1120 495 1245 553 dicebat.

91 585 189 657 Apud
202 585 433 643 Clarendoniam
445 604 572 660 quoque,
584 585 794 658 episcoporum
807 594 836 641 et
850 585 1031 658 prelatorum
1049 583 1201 641 lachrimis
1215 592 1245 641 et

92 672 238 746 precibus
256 683 363 746 motus,
376 674 486 747 obligat
504 692 539 732 se
555 675 634 748 quod
652 672 751 746 regias
767 673 999 733 consuetudines
1015 673 1090 729 soret
1104 674 1246 729 obserua-

93 769 184 818 turus
200 761 280 818 bona
294 762 362 830 fide,
376 764 469 819 verbo
486 763 536 819 illo
548 779 714 835 suppresso
728 762 829 818 ‘saluo
842 762 946 819 ordine
963 764 1049 832 rneo,’
1062 769 1092 818 et
1110 761 1141 816 in
1153 761 1247 816 verbo

92 847 232 904 veritatis
256 849 311 906 hoc
334 868 368 907 se
389 850 534 907 facturum
553 851 714 923 spopondit
721 849 739 916 ¹,
757 859 912 922 peccatum
931 858 1053 922 peccato
1071 849 1245 922 adiungens.
1260 837 1291 912 5*

95 933 237 1008 idipsum
254 946 285 993 et
295 938 429 994 uniuersi
446 938 603 1011 pontifices
620 937 802 994 iurauerunt.
839 937 966 1010 Scriptis
983 938 1073 1010 igitur
1088 945 1246 993 consuetu·

94 1022 228 1091 dinibus,
242 1023 308 1081 illas
320 1025 564 1099 archiepiscopus
577 1024 707 1098 sigillare
720 1024 873 1094 differens,
886 1025 1003 1081 dicebat
1013 1023 1112 1097 quod²
1123 1032 1248 1097 propter

94 1110 217 1183 negocii
236 1113 470 1184 magnitudinem
489 1115 597 1170 decere
616 1111 787 1169 dilationem
806 1112 855 1169 vel
873 1111 1030 1182 modicam,
1045 1129 1114 1168 cum
1133 1112 1248 1183 absque

94 1197 224 1254 consilio
241 1198 314 1254 nihil
331 1199 500 1257 laciendum
517 1201 594 1257 soret
610 1217 711 1273 graue.
747 1199 846 1256 Vnam
865 1209 980 1272 partem
998 1197 1247 1257 consuetudinum

94 1301 205 1342 secum
218 1285 359 1359 scriptam
372 1288 512 1361 suscepit,
525 1289 649 1346 alteram
662 1287 905 1360 archiepiscopus
918 1286 1117 1356 eboracensis,
1128 1285 1247 1342 tertiam
1262 1303 1294 1339 10

93 1390 173 1429 vero
187 1390 250 1430 rex.
288 1374 462 1432 Recedente
474 1376 574 1449 itaque
581 1375 646 1432 viro
659 1376 715 1442 dei,
724 1384 754 1431 et
766 1375 894 1431 diuersis
906 1374 1027 1432 diuersa
1039 1373 1247 1438 sentientibus,

95 1459 228 1517 clericus
250 1461 302 1534 qui
321 1480 440 1522 crucem
461 1464 584 1534 serebat,
603 1463 701 1520 acrius
722 1463 827 1519 institit
848 1464 969 1520 dicens:
996 1462 1170 1519 ‘Concussit
1192 1462 1247 1517 hec

94 1557 268 1621 tempestas
285 1553 375 1607 etiam
395 1551 571 1625 columpnas
589 1551 723 1620 ecclesie,
742 1560 772 1607 et
791 1551 863 1606 dum
881 1559 985 1624 pastor
1002 1549 1156 1622 disparuit,
1176 1567 1249 1607 oues

96 1636 242 1709 disperse
266 1637 381 1696 latitant
408 1640 464 1696 sub
489 1640 567 1714 lupo.
612 1639 687 1709 Quis
711 1638 905 1712 triumphabit
929 1639 959 1694 in
984 1637 1087 1710 prelio,
1113 1636 1250 1710 principe

96 1723 243 1782 deuicto?
279 1726 376 1798 Quid,’
395 1727 500 1801 inquit,
518 1727 650 1784 ‘virtutis
667 1725 724 1782 sibi
742 1725 865 1783 retinuit
881 1725 931 1798 qui
951 1725 1163 1782 conscientiam
1181 1740 1294 1797 per-15

96 1811 179 1868 didit
201 1822 231 1870 et
257 1813 401 1872 santami’
446 1815 597 1887 ‘Quorum
625 1823 695 1872 sunt
726 1814 790 1883 hec,
814 1813 895 1870 filir’
925 1813 966 1869 ait
996 1813 1250 1886 archiepiscopus.

98 1899 275 1972 ‘Teipsum‚
304 1902 408 1975 inquit,
435 1902 465 1959 id
489 1903 620 1976 respicit,
650 1903 701 1975 qui
727 1901 816 1958 hodie
842 1900 966 1957 omnino
995 1900 1150 1974 perdidisti
1178 1917 1250 1956 con-

98 1985 259 2044 scientiam
290 1998 320 2046 et
350 1990 468 2060 samam,
493 1993 549 2048 deo
579 1989 680 2046 odibili
709 1998 738 2047 et
765 1987 914 2046 honestati
938 1988 1087 2045 contrario
1111 1987 1251 2060 exemplo

99 2074 138 2130 in
159 2085 313 2147 posterum
333 2078 444 2149 relicto,
467 2095 534 2136 cum
557 2095 665 2135 manus
686 2087 753 2134 tuas
774 2078 831 2134 deo
851 2084 984 2134 sacratas
1004 2078 1041 2133 ad
1063 2077 1251 2133 execrandas

100 2164 338 2222 consuetudines
360 2168 565 2224 obseruandas
586 2167 777 2234 extenderes,
798 2174 828 2222 et
852 2164 883 2221 in
909 2164 1082 2222 confusione
1107 2163 1251 2221 libertatis
1267 2179 1297 2216 πο

101 2250 306 2310 ecclesiastice
325 2271 393 2310 cum
412 2255 584 2327 nephariis³
603 2255 726 2311 sathane
746 2253 890 2310 ministris
911 2253 1163 2311 communicares'
1203 2251 1251 2308 ln·

100 2339 219 2412 gemuit
249 2340 337 2414 igitur
367 2342 619 2416 archiepiscopus,
643 2352 674 2399 et
698 2340 853 2414 suspirans
881 2341 940 2399 ait:
972 2341 1120 2411 ‘Peniteo‚
1146 2340 1196 2408 fili,
1222 2347 1253 2397 et

101 2427 239 2500 grauiter
249 2429 371 2502 peniteo
379 2430 398 2500 ²,
411 2446 513 2487 meum
526 2430 695 2488 exhorrens
713 2446 891 2499 excessum3
911 2428 1068 2502 indignum
1086 2445 1135 2484 me
1154 2428 1252 2485 iudico

102 2514 146 2571 de
164 2524 264 2572 cetero
283 2518 320 2574 ad
339 2535 409 2574 eum
428 2519 571 2576 accedere
591 2518 623 2575 in
641 2517 806 2575 sacerdotio
825 2518 863 2574 de
880 2517 964 2574 cuius
979 2516 1105 2574 ecclesia
1121 2525 1181 2573 tam
1195 2515 1253 2572 vile

102 2603 241 2660 contraxi
259 2607 481 2665 commercium.
518 2607 620 2664 Silebo
639 2607 751 2664 sedens
772 2605 802 2661 in
824 2622 952 2676 merore,
973 2607 1069 2662 donec
1094 2623 1112 2662 a
1131 2605 1252 2662 domino
1267 2617 1297 2668 ¹5

102 2707 185 2764 papa
204 2708 322 2750 merear
339 2695 460 2752 absolui.
498 2694 632 2752 Peccatis
651 2695 731 2751 enim
751 2692 827 2750 meis
846 2694 1035 2767 exigentibus
1054 2710 1109 2768 per
1127 2711 1176 2751 me
1193 2693 1253 2750 iam

103 2777 262 2852 anglicana
274 2781 428 2840 ancillatur
440 2783 575 2852 ecclesia,
588 2792 617 2839 et
631 2801 689 2856 que
708 2793 778 2840 ante
794 2799 843 2839 me
856 2781 952 2839 extitit
964 2781 1092 2849 domina,
1106 2799 1185 2838 nunc
1198 2799 1255 2854 per

105 2883 159 2924 me
182 2867 326 2925 miserum
349 2870 468 2927 videtur
492 2871 666 2928 ancillanda
702 2871 823 2927 Vtinam
853 2879 1049 2944 consumptus
1079 2887 1189 2938 essem,
1214 2886 1253 2926 ne

103 2954 211 3012 oculus
230 2973 317 3014 meus
335 2959 391 3015 hec
408 2958 542 3016 videret!
589 2958 697 3015 Merito
719 2959 799 3016 enirn
820 2967 957 3031 tempore
976 2975 1045 3014 meo
1063 2975 1190 3031 passura
1208 2965 1255 3014 est

104 3041 242 3112 ecclesia,
267 3044 336 3118 quia
361 3047 398 3102 de
424 3046 491 3102 aula
517 3055 690 3120 assumptus
718 3063 794 3115 sum,
819 3063 880 3102 non
905 3046 944 3102 dc
967 3045 1105 3114 claustro,
1130 3062 1190 3101 non
1215 3047 1254 3102 de
1269 3063 1301 3112 30

106 3129 262 3204 religione,
275 3134 313 3189 ad
332 3132 463 3190 officium
481 3135 555 3204 hoc3
575 3136 629 3192 sed
641 3151 735 3192 vanus
753 3144 783 3191 et
795 3135 953 3207 superbus,
966 3134 1005 3191 de
1022 3142 1142 3205 pastore
1154 3133 1254 3189 auium

107 3218 205 3276 lactus
235 3237 303 3279 sum
330 3230 433 3294 pastor
462 3223 580 3292 ouium;
612 3224 724 3280 dudum
749 3222 847 3279 fautor
870 3220 1048 3278 histrionum
1073 3229 1103 3276 et
1128 3229 1257 3277 sectator

107 3323 227 3378 canum,
249 3325 328 3366 nunc
350 3319 455 3383 pastor
477 3318 521 3367 tot
543 3311 720 3368 animarum.
755 3310 843 3367 Vnde
868 3310 956 3382 plane
978 3308 1065 3364 video
1087 3325 1136 3366 me
1160 3308 1219 3364 iam
1239 3325 1257 3365 a

108 3397 167 3453 deo
197 3397 382 3466 derelictum,
412 3407 442 3454 et
471 3415 490 3454 a
523 3400 597 3456 sede
626 3407 729 3454 sancta
763 3397 795 3454 in
820 3413 879 3470 qua
909 3395 1042 3453 locatus*
1072 3413 1140 3452 sum
1171 3395 1257 3453 abiici

108 3483 251 3557 dignum:
298 3483 378 3542 Dum
403 3485 493 3558 igitur
510 3485 595 3542 dolor
616 3485 659 3541 sic
681 3502 751 3541 eum
772 3493 902 3558 vrgerct,
920 3483 1018 3540 exitus
1039 3499 1182 3556 aquarum
1204 3485 1257 3540 de·
1270 3495 1301 3548 35

109 3571 261 3628 duxerunt
286 3572 362 3628 oculi
387 3573 461 3645 eius,
480 3573 520 3630 its
543 3582 576 3630 vt
604 3572 682 3629 inter
705 3571 862 3629 continuas
886 3571 1054 3640 lachrimas,
1079 3571 1257 3643 singultibus

109 3658 225 3716 crebris
245 3660 481 3732 erumpentibus,
501 3660 732 3733 compelleretur
753 3656 942 3731 irrumpere⁵
966 3675 1138 3714 sermonem
1162 3660 1258 3732 magis

110 3763 202 3821 quarn
214 3747 310 3804 finire.
348 3747 385 3804 Et
404 3747 572 3819 penitencia
590 3749 705 3817 ductus,
718 3746 835 3804 ieiuniis
848 3755 878 3803 et
896 3747 1059 3818 asperitate
1076 3745 1204 3802 vestium
1224 3763 1258 3802 se

110 3833 257 3907 affligens,
270 3836 307 3892 ab
320 3835 420 3892 altaris
432 3834 531 3893 officio
547 3853 581 3892 se
601 3833 768 3908 suspendit,
782 3836 878 3891 donec
891 3832 991 3890 missis
1003 3834 1041 3889 ad
1054 3849 1163 3906 papam
1178 3832 1257 3889 sesti·

111 3931 221 3979 nanter
243 3923 360 3979 nunciis
386 3923 579 3980 absolutionis
609 3922 789 3980 beneficium
819 3922 928 3979 meruit
957 3921 1100 3978 obtinere.
1175 3908 1258 3994 Regi
1271 3937 1304 3986 4⁰

110 4009 231 4068 interim
244 4009 370 4067 innotuit
379 4012 459 4084 quod
470 4009 714 4085 archiepiscopus
727 4029 744 4067 a
757 4009 957 4084 promissione
966 4026 1020 4066 sua
1028 4007 1141 4065 resilire
1149 4007 1238 4066 vellet
1249 4027 1257 4066 r

110 4106 309 4172 exasperatus
337 4098 479 4172 grauibus
509 4099 589 4171 cepit
621 4098 881 4172 archiepiscopum
908 4114 1019 4154 vexare
1045 4095 1258 4154 exactionibus.

111 4185 227 4242 Verum
251 4183 321 4258 quia
344 4185 495 4244 confessio
518 4203 575 4260 per
599 4185 777 4262 scripturam
802 4184 868 4242 fieri
889 4201 950 4242 non
975 4185 1059 4254 solet,
1082 4183 1113 4240 iu
1137 4184 1259 4258 propria

143 4307 199 4358 ιΤ.
210 4309 373 4371 spospondit.
485 4307 544 4360 'al
557 4323 608 4361 om.
723 4306 782 4359 ⁸1¹3.
793 4307 926 4371 nephar-ie.
1037 4305 1094 4356 ‘a
1108 4305 1257 4358 collocatus.

110 4371 170 4438 Ὠ.
183 4389 312 4438 rumpere.
