3028 4894
262 309 335 380 402
575 285 707 374 mliii
731 282 921 388 [mmm
946 281 1098 388 anglie.

265 472 387 546 Catalla
402 500 507 542 eorum
525 485 575 560 qui
589 485 704 542 suntin
716 483 797 558 regis
813 483 1037 542 forisfaccione¹
1057 502 1118 542 non
1136 485 1271 542 detineat
1288 485 1420 543 ecelesia

264 573 313 631 uel
332 573 477 631 cimiteria
494 583 598 632 contra
617 572 763 630 iusticiam
786 573 874 646 regis,
896 573 966 646 quia
985 573 1081 646 ipsius
1102 573 1181 646 regis
1200 581 1275 630 sunt
1298 573 1369 630 siue
1389 575 1419 628 in

263 661 399 724 ecclesiia
416 661 481 720 siue
497 671 583 719 extra
600 660 710 718 suerint
726 661 859 718 inuenta.
940 660 1089 734 [Dama]
1111 648 1226 718 Placita
1246 661 1288 717 de
1309 662 1420 717 debitis

263 766 323 823 que
336 749 396 806 lide
409 749 586 823 interposita
597 749 765 806 debeantur
776 748 826 805 uel
839 749 953 822 absque
970 747 1201 822 interpositione
1217 747 1302 816 fidei,
1314 751 1379 806 sint
1391 749 1420 804 in

236 837 345 908 scuria
363 836 452 910 regis.
526 835 639 910 [Toum]
661 825 732 893 Filii
749 835 926 893 rusticorum
947 853 1007 892 non
1025 837 1137 893 debent
1155 836 1293 892 ordinari
1305 837 1421 910 absque

263 937 392 978 assem
404 919 517 977 domini
530 921 568 978 de
581 921 667 978 cuius
679 929 759 977 terra
771 919 833 976 nati
845 936 914 978 esse
926 919 1129 977 dinoscuntur.

264 1041 393 1173 ’HEe
401 1051 472 1100 sunt
482 1041 713 1100 constituciones
721 1059 797 1116 quas
805 1041 956 1100 constituit
966 1059 1020 1099 rex
1033 1041 1184 1099 Henricus
1192 1041 1423 1100 inNomaum'a

376 1131 544 1204 proscripto
551 1131 637 1188 beato
645 1129 771 1201 Thema,
781 1139 812 1189 et
821 1131 973 1186 mandauit
985 1129 1152 1187 iusticiariis
1160 1129 1225 1187 suis
1233 1139 1264 1187 et
1278 1132 1423 1189 omnihus

264 1217 450 1292 principibus
463 1229 492 1276 et
504 1217 624 1293 populis
636 1217 745 1292 Anglie
757 1217 899 1275 iurandas
911 1227 941 1274 et
954 1217 1175 1275 conseruandae
1188 1227 1297 1275 eontm
1310 1237 1422 1294 papam

220 1327 252 1364 ιο
265 1305 474 1363 Alexandrum
487 1315 517 1364 et
525 1306 674 1364 Thomam
686 1305 955 1380 archiepiscopum.
1028 1291 1147 1379 Siquis
1165 1306 1315 1363 inuentus
1334 1307 1424 1366 luerit

264 1391 365 1450 literas
391 1393 493 1452 ferens
522 1393 635 1451 domini
667 1411 746 1468 pape
775 1393 824 1450 uel
850 1393 969 1466 aliquod
998 1395 1171 1450 mandatum
1197 1394 1423 1469 archiepiscopi

264 1478 381 1538 Thome
402 1481 559 1538 continens
578 1481 768 1538 interdictum
783 1479 977 1538 christianis⁸
998 1481 1028 1538 iu
1045 1480 1164 1554 Anglia,
1179 1481 1321 1555 capiatur
1337 1493 1371 1540 et
1387 1486 1425 1540 de

264 1585 302 1624 eo
314 1567 380 1626 sine
393 1567 539 1626 dilacione
551 1568 667 1626 iusticia
678 1569 730 1626 fiat
742 1568 818 1626 sicut
827 1570 866 1627 de
877 1569 1018 1626 traditore
1032 1567 1112 1641 regis
1122 1577 1151 1626 et
1163 1568 1260 1643 regni.
1341 1558 1425 1628 Nul-

265 1654 312 1712 lus
331 1656 457 1714 clericus
476 1656 524 1714 uel
540 1657 707 1713 monachus
725 1655 773 1713 uel
792 1657 887 1714 laicus
905 1656 954 1713 uel
968 1656 1092 1713 alicuius
1110 1654 1313 1729 professionis
1331 1658 1425 1715 homo

221 1760 251 1812 ¹⁵
264 1743 453 1816 permittatur
470 1743 664 1802 transfretare
683 1743 733 1801 uel
751 1743 850 1802 redire
869 1743 900 1801 in
918 1743 1070 1816 Angtiam,
1084 1743 1141 1800 nisi
1159 1743 1198 1800 de
1216 1743 1351 1802 transitu
1369 1765 1426 1803 suo
1496 1791 1497 1814 ,

267 1830 375 1890 habeat
400 1831 502 1890 literas
526 1831 642 1890 iusticie
659 1831 709 1890 uel
731 1833 769 1890 de
791 1831 887 1888 reditu
908 1847 963 1888 suo
985 1830 1086 1887 literas
1110 1830 1223 1888 domini
1248 1833 1346 1904 regis.
1391 1833 1424 1892 Si

264 1919 332 1992 quis
344 1919 429 1976 aliter
440 1919 582 1977 inuentus
595 1919 683 1976 luerit
695 1936 797 1992 agens,
811 1918 949 1993 capiatur
961 1926 991 1975 et
1003 1918 1211 1976 incarceretur.
1283 1908 1344 1978 Ne'
1357 1923 1425 1996 quis

264 2007 396 2081 appellet
415 2008 453 2063 ad
473 2025 583 2081 papam
602 2008 651 2064 uel
670 2008 708 2064 ad
727 2005 994 2080 archiepiscopum
1069 1993 1124 2063 Ne
1140 2005 1262 2078 aliquod
1275 2007 1423 2080 placinim
1496 2047 1497 2064 .

264 2101 401 2152 teneatur
413 2095 451 2152 de
464 2095 604 2151 mandato
616 2093 729 2152 domini
737 2111 816 2168 pape
829 2093 878 2150 uel
891 2092 1116 2167 archiepiscopi,
1127 2110 1183 2150 nec
1196 2093 1324 2167 aliquod
1338 2114 1424 2154 man·
1496 2163 1497 2166 Ἴ

220 2180 365 2239 nodatum
391 2199 495 2239 eorum
520 2183 558 2240 ab
582 2181 642 2239 ullo
667 2181 788 2239 homine
807 2181 975 2255 accipiatur.
1013 2181 1047 2238 Si
1070 2181 1139 2253 quis
1164 2181 1251 2239 aliter
1276 2183 1425 2243 inuentus
1496 2169 1497 2200 ³

263 2269 351 2326 suerit
363 2287 467 2342 agens,
479 2269 613 2344 capiatur
629 2278 659 2328 et
677 2269 885 2328 incarceretur.
966 2255 1018 2328 ‘Si
1034 2268 1168 2341 episcopi
1186 2267 1235 2326 uel
1249 2269 1359 2328 clerici
1376 2275 1425 2330 uel

264 2357 389 2414 abbates
402 2357 450 2414 uel
463 2356 530 2414 laici
543 2357 690 2415 interdicti
703 2356 888 2415 sentenciam
901 2365 1005 2415 tenere
1021 2355 1177 2424 coluerint,
1190 2355 1259 2414 sine
1271 2357 1425 2418 dilacione
1496 2359 1497 2384 ³

263 2443 303 2500 de
322 2450 402 2502 terra
421 2444 565 2502 eiciantur
584 2453 615 2502 et
633 2453 694 2501 tota
715 2461 819 2502 eorum
837 2443 986 2517 cognacio,
1004 2444 1046 2501 ita
1064 2444 1144 2516 quod
1162 2444 1201 2501 de
1220 2445 1343 2504 catallis
1363 2451 1426 2506 suis
1496 2463 1497 2466 ’

264 2529 354 2587 nichil
385 2549 488 2588 secum
514 2531 621 2602 ferant,
645 2541 691 2589 set
716 2531 816 2590 omnia
839 2531 870 2587 in
895 2548 985 2588 manu
1010 2530 1122 2587 domini
1148 2530 1228 2604 regis
1247 2532 1426 2594 saisientur.

221 2635 250 2687 ²5
266 2605 461 2678 Generaliter
473 2637 593 2693 quoque
610 2619 800 2676 interdictum
819 2619 962 2692 estquod
981 2619 1081 2676 nullus
1099 2617 1174 2675 ierat
1192 2618 1319 2692 aliquod
1339 2641 1426 2682 man-

265 2708 367 2762 datum
385 2705 485 2764 clerici
502 2707 551 2763 uel
569 2707 635 2764 laici
652 2707 690 2764 ad
709 2723 818 2780 papam
834 2707 884 2764 uel
899 2707 938 2763 ad
956 2706 1233 2780 archiepiscopum
1253 2707 1281 2764 si
1294 2710 1369 2768 talis
1383 2713 1427 2770 in·

264 2801 372 2851 uentus
392 2793 489 2864 fuerit,
508 2793 720 2852 incarceretur.
792 2781 838 2850 Vt
861 2793 966 2850 catalla
990 2793 1124 2850 omnium
1145 2811 1225 2868 pape
1246 2796 1297 2851 uel
1323 2801 1426 2858 archi·

264 2880 407 2956 episcopo
428 2880 605 2951 fouendum,
625 2891 656 2939 et
678 2899 785 2938 omnes
807 2881 1017 2955 possessiones
1039 2898 1143 2938 eorum
1164 2891 1194 2938 et
1214 2883 1357 2942 omnium
1381 2889 1425 2946 eis

265 2970 481 3043 pertinencium
500 2969 730 3043 cuius[cuu]que
748 2969 859 3042 gradus
877 2969 926 3026 uel
946 2968 1059 3026 ordinis
1075 2969 1124 3025 uel
1142 2985 1236 3026 sexus
1252 2971 1304 3028 uel
1316 2975 1426 3032 condi·
1496 3035 1497 3052 χ

219 3074 251 3124 ³0
263 3057 358 3115 cionis
371 3057 438 3126 sint,
452 3057 607 3130 capiantur
618 3066 648 3115 et
660 3057 691 3113 in
704 3056 836 3114 dominio
848 3056 962 3114 domini
974 3056 1054 3129 regis
1067 3055 1270 3114 confiscantur
1279 3057 1301 3114 ³.
1380 3051 1425 3120 Vt
1496 3059 1497 3108 l

263 3163 370 3203 omnes
392 3143 535 3218 [clerici]⁸
555 3144 607 3218 qui
626 3145 760 3203 redditus
779 3145 890 3202 habent
908 3143 939 3200 in
959 3143 1069 3217 Anglia
1087 3143 1149 3200 sint
1167 3146 1347 3204 summoniti
1366 3167 1425 3222 per

263 3248 370 3289 omnes
382 3233 536 3289 comitanus
548 3240 580 3288 ut
597 3231 674 3288 inira
686 3241 749 3289 tres
766 3249 889 3288 menses
904 3231 1027 3288 ueniant
1041 3231 1071 3287 in
1088 3230 1228 3305 Angliam
1241 3231 1268 3289 si
1281 3236 1424 3295 redditus

263 3335 334 3376 suos
353 3319 486 3393 diligunt,
498 3329 529 3376 et
546 3319 688 3393 deinceps
706 3320 737 3375 in
756 3318 867 3393 Anglia
886 3328 1077 3389 remaneant3
1101 3327 1131 3375 et
1149 3319 1175 3374 si
1194 3335 1257 3377 non
1275 3326 1424 3383 uenerint

263 3407 301 3464 ad
324 3406 473 3480 prefixum
494 3409 665 3476 terminum,
685 3406 820 3465 redditus
839 3423 944 3465 eorum
963 3406 994 3463 in
1017 3423 1106 3462 manu
1125 3405 1238 3462 domini
1259 3409 1344 3482 regis
1372 3430 1424 3470 ca-

219 3513 249 3565 55
262 3493 390 3567 piantur.
462 3482 507 3552 Vt
528 3493 643 3552 denarii
662 3495 741 3551 beati
760 3493 840 3550 Petri
858 3510 918 3551 uon
937 3495 1100 3550 reddantur
1117 3493 1242 3551 ulterius
1263 3512 1356 3570 pape,
1373 3511 1423 3558 set

262 3581 422 3656 diligenter
436 3582 613 3656 colligantur
631 3591 661 3640 et
681 3590 839 3639 seruentur
859 3581 890 3638 in
910 3581 1053 3640 thesauro
1072 3581 1184 3638 domini
1203 3583 1294 3656 regis,
1312 3593 1345 3642 et
1365 3605 1423 3646 ex-

262 3672 436 3745 pendantur
447 3671 485 3727 ad
498 3671 564 3728 eius
576 3667 793 3744 preceptum⁷.]
1496 3669 1497 3672 ’

297 3827 305 3857 ¹
322 3827 355 3877 al.
369 3827 507 3876 forisfacto.
624 3825 636 3856 ¹
651 3825 738 3876 These
750 3825 818 3876 New
835 3823 1026 3874 Constitutione
1040 3839 1085 3874 are
1096 3827 1138 3875 ed
1152 3825 1180 3875 in
1191 3823 1289 3888 Quadi.
1305 3842 1378 3892 1495,
1394 3833 1420 3880 in

262 3893 323 3944 Vita
333 3892 406 3943 Will.
416 3893 489 3942 Cant.
503 3891 665 3956 (Robertson
678 3891 697 3942 1.
709 3891 764 3956 53),
774 3891 826 3942 aud
839 3891 905 3953 Rog.
912 3889 1071 3942 wendover.
1138 3890 1148 3919 ³
1164 3891 1198 3942 el.
1211 3893 1420 3950 christianitatis.

262 3961 272 3990 ⁴
289 3959 346 4008 'l'he
358 3966 421 4008 next
432 3965 486 4008 two
499 3958 586 4021 points
596 3957 631 4009 al.
642 3964 741 4021 transp.
823 3957 881 4008 'aL
894 3957 1080 4008 confiscentur.
1162 3954 1173 3985 ⁸
1188 3973 1240 4008 om.

294 4021 304 4052 ¹
322 4025 383 4076 Ant.
397 4032 424 4075 et
435 4024 535 4074 Collect
547 4024 573 4072 in
585 4023 615 4073 T.
624 4039 630 4074 τ

296 4085 389 4162 Opem
401 4098 476 4148 nobis
487 4113 504 4146 o
514 4097 615 4146 Thoma
630 4097 748 4160 porrige:
766 4111 828 4159 rege
839 4103 948 4158 euntes,
962 4095 1077 4147 iacentes
1089 4097 1178 4160 erige:
1194 4111 1291 4160 mores,
1304 4106 1379 4150 actus
1389 4109 1417 4152 et

262 4165 342 4218 uitam
354 4165 465 4227 corrige,
477 4172 504 4213 et
515 4164 541 4212 ia
554 4163 625 4226 pacis
635 4179 685 4214 nos
696 4163 762 4212 uiam
774 4163 865 4226 dirige,
878 4177 934 4225 per.

298 4229 376 4292 Deua
395 4253 443 4301 pro
459 4238 531 4287 euius
551 4237 660 4288 ecelesia
678 4235 808 4299 gloriosus
827 4237 946 4301 pontifex
965 4235 1079 4286 Thomas
1100 4235 1193 4298 gladiis
1214 4237 1354 4301 impiorum
1373 4256 1416 4290 oc·

261 4306 356 4366 cubuit,
369 4311 458 4367 presta
473 4318 612 4366 quesumus
628 4309 656 4352 ut
672 4303 818 4366 omnesqui
835 4304 890 4354 eius
907 4302 1045 4366 implorant
1060 4303 1192 4364 auxilium,
1210 4304 1350 4368 peticionis
1365 4321 1414 4356 sue

261 4372 400 4422 aaluurem
412 4377 605 4432 cousequantur
614 4369 741 4431 affectum,
753 4383 808 4432 per.
